|j|☆MegaJouleVGC
|j|☆rustychair13
|html|MegaJouleVGCrustychair13    
|uhtml|bestof|Game 3 of a best-of-3
|t:|1783873871
|gametype|doubles
|player|p1|MegaJouleVGC|artist|1412
|player|p2|rustychair13|1|1385
|gen|9
|tier|[Gen 9 Champions] VGC 2026 Reg M-B (Bo3)
|rated|
|rule|Species Clause: Limit one of each Pokémon
|rule|Item Clause: Limit 1 of each item
|clearpoke
|poke|p1|Charizard, L50, M|
|poke|p1|Garchomp, L50, M|
|poke|p1|Toxapex, L50, F|
|poke|p1|Sinistcha, L50|
|poke|p1|Dragapult, L50, F|
|poke|p1|Incineroar, L50, M|
|poke|p2|Garchomp, L50, F|
|poke|p2|Charizard, L50, M|
|poke|p2|Aerodactyl, L50, M|
|poke|p2|Sylveon, L50, M|
|poke|p2|Farigiraf, L50, M|
|poke|p2|Incineroar, L50, F|
|teampreview|4
|showteam|p1|Charizard||CharizarditeY|Blaze|HeatWave,WeatherBall,SolarBeam,Protect|Timid||M|||50|]Garchomp||LifeOrb|RoughSkin|Earthquake,RockSlide,DragonClaw,Protect|Adamant||M|||50|]Toxapex||Leftovers|Regenerator|WideGuard,Toxic,Infestation,BanefulBunker|Sassy||F|||50|]Sinistcha||CobaBerry|Hospitality|TrickRoom,RagePowder,MatchaGotcha,Protect|Relaxed|||||50|]Dragapult||FocusSash|ClearBody|DragonDance,DragonDarts,SteelWing,Protect|Jolly||F|||50|]Incineroar||SitrusBerry|Intimidate|FakeOut,FlareBlitz,ThroatChop,PartingShot|Adamant||M|||50|
|showteam|p2|Garchomp||LifeOrb|RoughSkin|DragonClaw,Earthquake,StompingTantrum,Protect|Jolly||F|||50|]Charizard||CharizarditeY|SolarPower|WeatherBall,HeatWave,SolarBeam,Protect|Modest||M|||50|]Aerodactyl||FocusSash|Unnerve|RockSlide,Tailwind,WideGuard,Protect|Jolly||M|||50|]Sylveon||FairyFeather|Pixilate|HyperVoice,QuickAttack,Yawn,Detect|Modest||M|||50|]Farigiraf||SitrusBerry|ArmorTail|Psychic,HelpingHand,TrickRoom,Protect|Calm||M|||50|]Incineroar||Charcoal|Intimidate|FlareBlitz,DarkestLariat,PartingShot,FakeOut|Brave||F|||50|
|inactive|Battle timer is ON: inactive players will automatically lose when time's up. (requested by MegaJouleVGC)
|inactive|MegaJouleVGC has 60 seconds left.
|inactive|rustychair13 has 60 seconds left.
|inactive|MegaJouleVGC has 30 seconds left.
|
|t:|1783873940
|teamsize|p1|4
|teamsize|p2|4
|start
|switch|p1a: Garchomp|Garchomp, L50, M|100/100
|switch|p1b: Toxapex|Toxapex, L50, F|100/100
|switch|p2a: Farigiraf|Farigiraf, L50, M|100/100
|switch|p2b: Garchomp|Garchomp, L50, F|100/100
|turn|1
|
|t:|1783873965
|switch|p1b: Incineroar|Incineroar, L50, M|100/100
|-ability|p1b: Incineroar|Intimidate|boost
|-unboost|p2a: Farigiraf|atk|1
|-unboost|p2b: Garchomp|atk|1
|move|p2a: Farigiraf|Helping Hand|p2b: Garchomp
|-singleturn|p2b: Garchomp|Helping Hand|[of] p2a: Farigiraf
|move|p2b: Garchomp|Stomping Tantrum|p1a: Garchomp
|-damage|p1a: Garchomp|58/100
|-damage|p2b: Garchomp|87/100|[from] ability: Rough Skin|[of] p1a: Garchomp
|-damage|p2b: Garchomp|77/100|[from] item: Life Orb
|move|p1a: Garchomp|Dragon Claw|p2b: Garchomp
|-supereffective|p2b: Garchomp|1
|-damage|p2b: Garchomp|0 fnt
|-damage|p1a: Garchomp|46/100|[from] ability: Rough Skin|[of] p2b: Garchomp
|faint|p2b: Garchomp
|-damage|p1a: Garchomp|36/100|[from] item: Life Orb
|
|upkeep
|
|t:|1783873977
|switch|p2b: Sylveon|Sylveon, L50, M|100/100
|turn|2
|
|t:|1783873998
|switch|p2a: Incineroar|Incineroar, L50, F|100/100
|-ability|p2a: Incineroar|Intimidate|boost
|-unboost|p1a: Garchomp|atk|1
|-unboost|p1b: Incineroar|atk|1
|move|p1a: Garchomp|Protect|p1a: Garchomp
|-singleturn|p1a: Garchomp|Protect
|move|p2b: Sylveon|Hyper Voice|p1a: Garchomp|[spread] p1b
|-activate|p1a: Garchomp|move: Protect
|-damage|p1b: Incineroar|55/100
|move|p1b: Incineroar|Flare Blitz|p2b: Sylveon
|-damage|p2b: Sylveon|49/100
|-status|p2b: Sylveon|brn
|-damage|p1b: Incineroar|39/100|[from] Recoil
|-enditem|p1b: Incineroar|Sitrus Berry|[eat]
|-heal|p1b: Incineroar|63/100|[from] item: Sitrus Berry
|
|-damage|p2b: Sylveon|42/100 brn|[from] brn
|upkeep
|turn|3
|inactive|MegaJouleVGC has 30 seconds left.
|
|t:|1783874030
|switch|p1a: Sinistcha|Sinistcha, L50|100/100
|-heal|p1b: Incineroar|88/100|[from] ability: Hospitality|[of] p1a: Sinistcha
|move|p2a: Incineroar|Fake Out|p1b: Incineroar
|-damage|p1b: Incineroar|74/100
|move|p2b: Sylveon|Hyper Voice|p1b: Incineroar|[spread] p1a,p1b
|-crit|p1b: Incineroar
|-damage|p1a: Sinistcha|46/100
|-damage|p1b: Incineroar|5/100
|cant|p1b: Incineroar|flinch
|
|-damage|p2b: Sylveon|36/100 brn|[from] brn
|upkeep
|turn|4
|
|t:|1783874055
|switch|p2b: Farigiraf|Farigiraf, L50, M|100/100
|switch|p1a: Toxapex|Toxapex, L50, F|100/100
|move|p1b: Incineroar|Flare Blitz|p2b: Farigiraf
|-damage|p2b: Farigiraf|65/100
|-damage|p1b: Incineroar|0 fnt|[from] Recoil
|faint|p1b: Incineroar
|move|p2a: Incineroar|Flare Blitz|p1a: Toxapex
|-resisted|p1a: Toxapex|1
|-damage|p1a: Toxapex|71/100
|-damage|p2a: Incineroar|92/100|[from] Recoil
|
|-heal|p1a: Toxapex|77/100|[from] item: Leftovers
|upkeep
|
|t:|1783874063
|switch|p1b: Garchomp|Garchomp, L50, M|36/100
|turn|5
|inactive|rustychair13 has 30 seconds left.
|
|t:|1783874090
|switch|p2a: Sylveon|Sylveon, L50, M|36/100 brn
|-heal|p1a: Toxapex|100/100|[from] ability: Regenerator|[silent]
|switch|p1a: Sinistcha|Sinistcha, L50|46/100
|-heal|p1b: Garchomp|61/100|[from] ability: Hospitality|[of] p1a: Sinistcha
|move|p1b: Garchomp|Earthquake|p2b: Farigiraf|[spread] p1a,p2a,p2b
|-resisted|p1a: Sinistcha|1
|-damage|p1a: Sinistcha|25/100
|-damage|p2a: Sylveon|0 fnt
|-damage|p2b: Farigiraf|13/100
|-enditem|p2b: Farigiraf|Sitrus Berry|[eat]
|-heal|p2b: Farigiraf|38/100|[from] item: Sitrus Berry
|faint|p2a: Sylveon
|-damage|p1b: Garchomp|51/100|[from] item: Life Orb
|move|p2b: Farigiraf|Psychic|p1b: Garchomp
|-damage|p1b: Garchomp|14/100
|-unboost|p1b: Garchomp|spd|1
|
|upkeep
|
|t:|1783874104
|switch|p2a: Incineroar|Incineroar, L50, F|92/100
|-ability|p2a: Incineroar|Intimidate|boost
|-unboost|p1a: Sinistcha|atk|1
|-unboost|p1b: Garchomp|atk|1
|turn|6
|
|t:|1783874129
|switch|p1a: Toxapex|Toxapex, L50, F|100/100
|move|p1b: Garchomp|Protect|p1b: Garchomp
|-singleturn|p1b: Garchomp|Protect
|move|p2a: Incineroar|Fake Out|p1b: Garchomp
|-activate|p1b: Garchomp|move: Protect
|move|p2b: Farigiraf|Trick Room|p2b: Farigiraf
|-fieldstart|move: Trick Room|[of] p2b: Farigiraf
|
|upkeep
|turn|7
|inactive|MegaJouleVGC has 30 seconds left.
|
|t:|1783874158
|move|p1a: Toxapex|Toxic|p2b: Farigiraf
|-status|p2b: Farigiraf|tox
|move|p2a: Incineroar|Darkest Lariat|p1b: Garchomp
|-damage|p1b: Garchomp|0 fnt
|-damage|p2a: Incineroar|80/100|[from] ability: Rough Skin|[of] p1b: Garchomp
|faint|p1b: Garchomp
|move|p2b: Farigiraf|Psychic|p1a: Toxapex
|-supereffective|p1a: Toxapex|1
|-damage|p1a: Toxapex|52/100
|
|-heal|p1a: Toxapex|58/100|[from] item: Leftovers
|-damage|p2b: Farigiraf|32/100 tox|[from] psn
|upkeep
|
|t:|1783874164
|switch|p1b: Sinistcha|Sinistcha, L50|25/100
|-heal|p1a: Toxapex|83/100|[from] ability: Hospitality|[of] p1b: Sinistcha
|turn|8
|
|t:|1783874188
|move|p1a: Toxapex|Baneful Bunker|p1a: Toxapex
|-singleturn|p1a: Toxapex|move: Protect
|move|p1b: Sinistcha|Protect|p1b: Sinistcha
|-singleturn|p1b: Sinistcha|Protect
|move|p2a: Incineroar|Darkest Lariat|p1b: Sinistcha
|-activate|p1b: Sinistcha|move: Protect
|move|p2b: Farigiraf|Psychic|p1a: Toxapex
|-activate|p1a: Toxapex|move: Protect
|
|-heal|p1a: Toxapex|89/100|[from] item: Leftovers
|-damage|p2b: Farigiraf|19/100 tox|[from] psn
|upkeep
|turn|9
|
|t:|1783874205
|move|p1b: Sinistcha|Rage Powder|p1b: Sinistcha
|-singleturn|p1b: Sinistcha|move: Rage Powder
|move|p1a: Toxapex|Toxic|p2a: Incineroar
|-status|p2a: Incineroar|tox
|move|p2a: Incineroar|Darkest Lariat|p1b: Sinistcha
|-supereffective|p1b: Sinistcha|1
|-damage|p1b: Sinistcha|0 fnt
|faint|p1b: Sinistcha
|move|p2b: Farigiraf|Psychic|p1a: Toxapex
|-supereffective|p1a: Toxapex|1
|-damage|p1a: Toxapex|45/100
|
|-heal|p1a: Toxapex|51/100|[from] item: Leftovers
|-damage|p2a: Incineroar|74/100 tox|[from] psn
|-damage|p2b: Farigiraf|1/100 tox|[from] psn
|upkeep
|turn|10
|
|t:|1783874221
|move|p1a: Toxapex|Baneful Bunker|p1a: Toxapex
|-singleturn|p1a: Toxapex|move: Protect
|move|p2a: Incineroar|Darkest Lariat|p1a: Toxapex
|-activate|p1a: Toxapex|move: Protect
|move|p2b: Farigiraf|Trick Room|p2b: Farigiraf
|-fieldend|move: Trick Room
|
|-heal|p1a: Toxapex|57/100|[from] item: Leftovers
|-damage|p2b: Farigiraf|0 fnt|[from] psn
|faint|p2b: Farigiraf
|-damage|p2a: Incineroar|62/100 tox|[from] psn
|upkeep
|turn|11
|
|t:|1783874228
|move|p2a: Incineroar|Darkest Lariat|p1a: Toxapex
|-damage|p1a: Toxapex|26/100
|move|p1a: Toxapex|Infestation|p2a: Incineroar
|-damage|p2a: Incineroar|59/100 tox
|-activate|p2a: Incineroar|move: Infestation|[of] p1a: Toxapex
|
|-heal|p1a: Toxapex|31/100|[from] item: Leftovers
|-damage|p2a: Incineroar|41/100 tox|[from] psn
|-damage|p2a: Incineroar|28/100 tox|[from] move: Infestation|[partiallytrapped]
|upkeep
|turn|12
|
|t:|1783874231
|move|p1a: Toxapex|Baneful Bunker|p1a: Toxapex
|-singleturn|p1a: Toxapex|move: Protect
|move|p2a: Incineroar|Darkest Lariat|p1a: Toxapex
|-activate|p1a: Toxapex|move: Protect
|
|-heal|p1a: Toxapex|37/100|[from] item: Leftovers
|-damage|p2a: Incineroar|4/100 tox|[from] psn
|-damage|p2a: Incineroar|0 fnt|[from] move: Infestation|[partiallytrapped]
|faint|p2a: Incineroar
|
|win|MegaJouleVGC
|raw|MegaJouleVGC's rating: 1412 → 1430(+18 for winning)
|raw|rustychair13's rating: 1385 → 1367(-18 for losing)
|c|☆MegaJouleVGC|ggwp
|l|☆rustychair13
|player|p2|
