|j|☆Magicalarcher57
|j|☆naibot2814
|html|Magicalarcher57naibot2814    
|uhtml|bestof|Game 2 of a best-of-3
|t:|1782526377
|gametype|doubles
|player|p1|Magicalarcher57|diantha|1170
|player|p2|naibot2814|ghetsis|1295
|gen|9
|tier|[Gen 9 Champions] VGC 2026 Reg M-B (Bo3)
|rated|
|rule|Species Clause: Limit one of each Pokémon
|rule|Item Clause: Limit 1 of each item
|clearpoke
|poke|p1|Raichu, L50, F, shiny|
|poke|p1|Garchomp, L50, F, shiny|
|poke|p1|Whimsicott, L50, F, shiny|
|poke|p1|Kingambit, L50, F, shiny|
|poke|p1|Basculegion, L50, M, shiny|
|poke|p1|Charizard, L50, F, shiny|
|poke|p2|Metagross, L50, shiny|
|poke|p2|Sneasler, L50, M|
|poke|p2|Hydreigon, L50, M|
|poke|p2|Incineroar, L50, M|
|poke|p2|Aerodactyl, L50, M|
|poke|p2|Floette-Eternal, L50, F|
|teampreview|4
|showteam|p1|Raichu||RaichuniteY|LightningRod|FakeOut,FocusBlast,ZapCannon,Protect|Timid||F|||50|]Garchomp||LifeOrb|RoughSkin|DragonClaw,Earthquake,StompingTantrum,Protect|Jolly||F|||50|]Whimsicott||FocusSash|Prankster|Moonblast,Tailwind,SunnyDay,Encore|Timid||F|||50|]Kingambit||BlackGlasses|Defiant|SuckerPunch,KowtowCleave,IronHead,Protect|Adamant||F|||50|]Basculegion||ChoiceScarf|Adaptability|LastRespects,WaveCrash,FlipTurn,AquaJet|Jolly||M|||50|]Charizard||CharizarditeY|Blaze|WeatherBall,SolarBeam,HeatWave,Protect|Modest||F|||50|
|showteam|p2|Metagross||Metagrossite|ClearBody|PsychicFangs,BodyPress,IronHead,Protect|Jolly|||||50|]Sneasler||WhiteHerb|Unburden|FakeOut,Coaching,CloseCombat,DireClaw|Jolly||M|||50|]Hydreigon||ChoiceScarf|Levitate|DracoMeteor,Snarl,DarkPulse,Flamethrower|Modest||M|||50|]Incineroar||PasshoBerry|Intimidate|FakeOut,DarkestLariat,FlareBlitz,PartingShot|Careful||M|||50|]Aerodactyl||FocusSash|Unnerve|DualWingbeat,RockSlide,WideGuard,Tailwind|Jolly||M|||50|]Floette-Eternal||Floettite|FlowerVeil|DrainingKiss,DazzlingGleam,CalmMind,Protect|Modest||F|||50|
|inactive|Battle timer is ON: inactive players will automatically lose when time's up. (requested by Magicalarcher57)
|inactive|Magicalarcher57 has 60 seconds left.
|inactive|naibot2814 has 60 seconds left.
|
|t:|1782526425
|teamsize|p1|4
|teamsize|p2|4
|start
|switch|p1a: Circe|Whimsicott, L50, F, shiny|100/100
|switch|p1b: Hermes|Raichu, L50, F, shiny|100/100
|switch|p2a: Madoka Kaname|Floette-Eternal, L50, F|100/100
|switch|p2b: Gumball|Incineroar, L50, M|100/100
|-ability|p2b: Gumball|Intimidate|boost
|-unboost|p1a: Circe|atk|1
|-unboost|p1b: Hermes|atk|1
|turn|1
|inactive|Magicalarcher57 has 30 seconds left.
|
|t:|1782526458
|detailschange|p1b: Hermes|Raichu-Mega-Y, L50, F, shiny
|-mega|p1b: Hermes|Raichu|Raichunite Y
|detailschange|p2a: Madoka Kaname|Floette-Mega, L50, F
|-mega|p2a: Madoka Kaname|Floette|Floettite
|-ability|p2a: Madoka Kaname|Fairy Aura
|move|p1b: Hermes|Fake Out|p2a: Madoka Kaname
|-damage|p2a: Madoka Kaname|93/100
|move|p1a: Circe|Tailwind|p1a: Circe
|-sidestart|p1: Magicalarcher57|move: Tailwind
|cant|p2a: Madoka Kaname|flinch
|move|p2b: Gumball|Parting Shot|p1b: Hermes
|-unboost|p1b: Hermes|atk|1
|-unboost|p1b: Hermes|spa|1
|
|t:|1782526473
|switch|p2b: Nagatoro|Sneasler, L50, M|100/100|[from] Parting Shot
|
|upkeep
|turn|2
|
|t:|1782526481
|move|p1b: Hermes|Protect|p1b: Hermes
|-singleturn|p1b: Hermes|Protect
|move|p2b: Nagatoro|Fake Out|p1b: Hermes
|-activate|p1b: Hermes|move: Protect
|move|p1a: Circe|Moonblast|p2b: Nagatoro
|-damage|p2b: Nagatoro|41/100
|move|p2a: Madoka Kaname|Calm Mind|p2a: Madoka Kaname
|-boost|p2a: Madoka Kaname|spa|1
|-boost|p2a: Madoka Kaname|spd|1
|
|upkeep
|turn|3
|
|t:|1782526487
|switch|p2b: Gumball|Incineroar, L50, M|100/100
|-ability|p2b: Gumball|Intimidate|boost
|-unboost|p1a: Circe|atk|1
|-unboost|p1b: Hermes|atk|1
|move|p2a: Madoka Kaname|Protect|p2a: Madoka Kaname
|-singleturn|p2a: Madoka Kaname|Protect
|move|p1a: Circe|Encore|p2a: Madoka Kaname
|-activate|p2a: Madoka Kaname|move: Protect
|move|p1b: Hermes|Zap Cannon|p2b: Gumball
|-damage|p2b: Gumball|65/100
|-status|p2b: Gumball|par
|
|upkeep
|turn|4
|inactive|Magicalarcher57 has 30 seconds left.
|inactive|Magicalarcher57 has 20 seconds left.
|inactive|Magicalarcher57 has 15 seconds left.
|inactive|Magicalarcher57 has 10 seconds left.
|inactive|Magicalarcher57 has 5 seconds left.
|
|t:|1782526539
|move|p2b: Gumball|Fake Out|p1a: Circe
|-damage|p1a: Circe|83/100
|cant|p1a: Circe|flinch
|move|p1b: Hermes|Focus Blast|p2b: Gumball
|-supereffective|p2b: Gumball|1
|-damage|p2b: Gumball|20/100y par
|move|p2a: Madoka Kaname|Dazzling Gleam|p1a: Circe|[spread] p1a,p1b
|-damage|p1a: Circe|0 fnt
|-damage|p1b: Hermes|0 fnt
|faint|p1a: Circe
|faint|p1b: Hermes
|
|-sideend|p1: Magicalarcher57|move: Tailwind
|upkeep
|
|t:|1782526541
|switch|p1b: Athena|Garchomp, L50, F, shiny|100/100
|switch|p1a: Basculegion|Basculegion, L50, M, shiny|100/100
|turn|5
|
|t:|1782526566
|switch|p2b: Nagatoro|Sneasler, L50, M|41/100
|move|p2a: Madoka Kaname|Protect|p2a: Madoka Kaname
|-singleturn|p2a: Madoka Kaname|Protect
|move|p1a: Basculegion|Last Respects|p2a: Madoka Kaname
|-activate|p2a: Madoka Kaname|move: Protect
|move|p1b: Athena|Stomping Tantrum|p2b: Nagatoro
|-supereffective|p2b: Nagatoro|1
|-damage|p2b: Nagatoro|0 fnt
|faint|p2b: Nagatoro
|-damage|p1b: Athena|90/100|[from] item: Life Orb
|
|upkeep
|
|t:|1782526575
|switch|p2b: Gumball|Incineroar, L50, M|20/100y par
|-ability|p2b: Gumball|Intimidate|boost
|-unboost|p1a: Basculegion|atk|1
|-unboost|p1b: Athena|atk|1
|turn|6
|
|t:|1782526585
|move|p1b: Athena|Protect|p1b: Athena
|-singleturn|p1b: Athena|Protect
|move|p2b: Gumball|Fake Out|p1b: Athena
|-activate|p1b: Athena|move: Protect
|move|p1a: Basculegion|Last Respects|p2a: Madoka Kaname
|-damage|p2a: Madoka Kaname|30/100
|move|p2a: Madoka Kaname|Dazzling Gleam|p1a: Basculegion|[spread] p1a
|-activate|p1b: Athena|move: Protect
|-damage|p1a: Basculegion|28/100
|
|upkeep
|turn|7
|
|t:|1782526606
|move|p2a: Madoka Kaname|Protect|p2a: Madoka Kaname
|-singleturn|p2a: Madoka Kaname|Protect
|move|p1a: Basculegion|Last Respects|p2a: Madoka Kaname
|-activate|p2a: Madoka Kaname|move: Protect
|move|p1b: Athena|Stomping Tantrum|p2b: Gumball
|-supereffective|p2b: Gumball|1
|-damage|p2b: Gumball|0 fnt
|faint|p2b: Gumball
|-damage|p1b: Athena|80/100|[from] item: Life Orb
|
|upkeep
|
|t:|1782526613
|switch|p2b: HAIL HYDRA|Hydreigon, L50, M|100/100
|turn|8
|
|t:|1782526635
|move|p2b: HAIL HYDRA|Dark Pulse|p1a: Basculegion
|-supereffective|p1a: Basculegion|1
|-damage|p1a: Basculegion|0 fnt
|faint|p1a: Basculegion
|move|p1b: Athena|Dragon Claw|p2b: HAIL HYDRA
|-supereffective|p2b: HAIL HYDRA|1
|-damage|p2b: HAIL HYDRA|12/100
|-damage|p1b: Athena|70/100|[from] item: Life Orb
|move|p2a: Madoka Kaname|Dazzling Gleam|p1b: Athena
|-supereffective|p1b: Athena|1
|-damage|p1b: Athena|0 fnt
|faint|p1b: Athena
|
|win|naibot2814
||Magicalarcher57 is ready for game 3.
|l|☆Magicalarcher57
|player|p1|
||naibot2814 is ready for game 3.
|uhtml|next|Next: Game 3 of 3
