|j|☆Ibuki Quinn
|j|☆CPT WHOOSH
|html|Ibuki QuinnCPT WHOOSH    
|uhtml|bestof|Game 1 of a best-of-3
|t:|1786067756
|gametype|doubles
|player|p1|Ibuki Quinn|harlequin|
|player|p2|CPT WHOOSH|hiker-gen4|
|gen|9
|tier|[Gen 9 Champions] VGC 2026 Reg M-B (Bo3)
|rule|Species Clause: Limit one of each Pokémon
|rule|Item Clause: Limit 1 of each item
|clearpoke
|poke|p1|Hatterene, L50, F|
|poke|p1|Garganacl, L50, F|
|poke|p1|Mawile, L50, M|
|poke|p1|Whimsicott, L50, F|
|poke|p1|Pyroar, L50, F|
|poke|p1|Vileplume, L50, M|
|poke|p2|Weavile, L50, F|
|poke|p2|Metagross, L50|
|poke|p2|Volcarona, L50, M|
|poke|p2|Chandelure, L50, F|
|poke|p2|Araquanid, L50, M|
|poke|p2|Slowbro-Galar, L50, F|
|teampreview|4
|showteam|p1|Hatterene||LifeOrb|MagicBounce|DazzlingGleam,Psychic,TrickRoom,Protect|Quiet||F|||50|]Garganacl||Leftovers|PurifyingSalt|SaltCure,StoneEdge,WideGuard,Protect|Sassy||F|||50|]Mawile||Mawilite|Intimidate|PlayRough,IronHead,KnockOff,Protect|Brave||M|||50|]Whimsicott||FocusSash|Prankster|Tailwind,Encore,Moonblast,SunnyDay|Timid||F|||50|]Pyroar||Pyroarite|Unnerve|HeatWave,HyperVoice,SolarBeam,Protect|Timid||F|||50|]Vileplume||WideLens|Chlorophyll|SleepPowder,SludgeBomb,AfterYou,Protect|Timid||M|||50|
|showteam|p2|Weavile||FocusSash|Pickpocket|FakeOut,KnockOff,TripleAxel,Protect|Jolly||F|||50|]Metagross||Metagrossite|ClearBody|PsychicFangs,BulletPunch,RockSlide,Protect|Jolly|||||50|]Volcarona||ChartiBerry|FlameBody|GigaDrain,WillOWisp,Tailwind,RagePowder|Calm||M|||50|]Chandelure||Chandelurite|FlashFire|ShadowBall,HeatWave,Curse,Protect|Timid||F|||50|]Araquanid||SitrusBerry|WaterBubble|Liquidation,LeechLife,WideGuard,Protect|Careful||M|||50|]Slowbro-Galar||Leftovers|Regenerator|ShellSideArm,Psychic,HealPulse,Protect|Quiet||F|||50|
|
|t:|1786067787
|teamsize|p1|4
|teamsize|p2|4
|start
|switch|p1a: Whimsicott|Whimsicott, L50, F|100/100
|switch|p1b: Hatterene|Hatterene, L50, F|100/100
|switch|p2a: Weavile|Weavile, L50, F|100/100
|switch|p2b: Volcarona|Volcarona, L50, M|100/100
|turn|1
|
|t:|1786067813
|move|p1b: Hatterene|Protect|p1b: Hatterene
|-singleturn|p1b: Hatterene|Protect
|move|p2a: Weavile|Fake Out|p1b: Hatterene
|-activate|p1b: Hatterene|move: Protect
|move|p1a: Whimsicott|Moonblast|p2a: Weavile
|-supereffective|p2a: Weavile|1
|-enditem|p2a: Weavile|Focus Sash
|-damage|p2a: Weavile|1/100
|move|p2b: Volcarona|Tailwind|p2b: Volcarona
|-sidestart|p2: CPT WHOOSH|move: Tailwind
|
|upkeep
|turn|2
|
|t:|1786067843
|move|p2b: Volcarona|Rage Powder|p2b: Volcarona
|-singleturn|p2b: Volcarona|move: Rage Powder
|move|p1a: Whimsicott|Encore|p2b: Volcarona
|-start|p2b: Volcarona|Encore
|move|p2a: Weavile|Knock Off|p1b: Hatterene
|-crit|p1b: Hatterene
|-damage|p1b: Hatterene|26/100
|-enditem|p1b: Hatterene|Life Orb|[from] move: Knock Off|[of] p2a: Weavile
|move|p1b: Hatterene|Trick Room|p1b: Hatterene
|-fieldstart|move: Trick Room|[of] p1b: Hatterene
|
|upkeep
|turn|3
|
|t:|1786067865
|move|p2b: Volcarona|Rage Powder|p2b: Volcarona
|-singleturn|p2b: Volcarona|move: Rage Powder
|move|p1b: Hatterene|Dazzling Gleam|p2a: Weavile|[spread] p2a,p2b
|-supereffective|p2a: Weavile|1
|-resisted|p2b: Volcarona|1
|-damage|p2a: Weavile|0 fnt
|-damage|p2b: Volcarona|89/100
|faint|p2a: Weavile
|move|p1a: Whimsicott|Moonblast|p2b: Volcarona
|-resisted|p2b: Volcarona|1
|-damage|p2b: Volcarona|77/100
|
|upkeep
|
|t:|1786067875
|switch|p2a: Araquanid|Araquanid, L50, M|100/100
|turn|4
|
|t:|1786067897
|switch|p1a: Garganacl|Garganacl, L50, F|100/100
|move|p2b: Volcarona|Rage Powder|p2b: Volcarona
|-singleturn|p2b: Volcarona|move: Rage Powder
|move|p1b: Hatterene|Psychic|p2b: Volcarona
|-damage|p2b: Volcarona|42/100
|move|p2a: Araquanid|Leech Life|p1b: Hatterene
|-damage|p1b: Hatterene|4/100
|
|-sideend|p2: CPT WHOOSH|move: Tailwind
|upkeep
|turn|5
|
|t:|1786067918
|move|p1b: Hatterene|Protect|p1b: Hatterene
|-singleturn|p1b: Hatterene|Protect
|move|p2b: Volcarona|Rage Powder|p2b: Volcarona
|-singleturn|p2b: Volcarona|move: Rage Powder
|move|p1a: Garganacl|Stone Edge|p2b: Volcarona
|-supereffective|p2b: Volcarona|2
|-enditem|p2b: Volcarona|Charti Berry|[eat]
|-enditem|p2b: Volcarona|Charti Berry|[weaken]
|-damage|p2b: Volcarona|0 fnt
|faint|p2b: Volcarona
|move|p2a: Araquanid|Liquidation|p1a: Garganacl
|-supereffective|p1a: Garganacl|1
|-damage|p1a: Garganacl|42/100
|
|-heal|p1a: Garganacl|47/100|[from] item: Leftovers
|upkeep
|
|t:|1786067938
|switch|p2b: Chandelure|Chandelure, L50, F|100/100
|turn|6
|
|t:|1786067965
|switch|p1b: Whimsicott|Whimsicott, L50, F|100/100
|detailschange|p2b: Chandelure|Chandelure-Mega, L50, F
|-mega|p2b: Chandelure|Chandelure|Chandelurite
|move|p2a: Araquanid|Protect|p2a: Araquanid
|-singleturn|p2a: Araquanid|Protect
|move|p1a: Garganacl|Stone Edge|p2a: Araquanid
|-activate|p2a: Araquanid|move: Protect
|move|p2b: Chandelure|Heat Wave|p1b: Whimsicott|[spread] p1a,p1b
|-resisted|p1a: Garganacl|1
|-supereffective|p1b: Whimsicott|1
|-damage|p1a: Garganacl|30/100
|-enditem|p1b: Whimsicott|Focus Sash
|-damage|p1b: Whimsicott|1/100
|
|-heal|p1a: Garganacl|36/100|[from] item: Leftovers
|-fieldend|move: Trick Room
|upkeep
|turn|7
|
|t:|1786067997
|move|p1a: Garganacl|Wide Guard|p1a: Garganacl
|-singleturn|p1a: Garganacl|Wide Guard
|move|p1b: Whimsicott|Encore|p2a: Araquanid
|-start|p2a: Araquanid|Encore
|move|p2a: Araquanid|Protect||[still]
|-fail|p2a: Araquanid
|move|p2b: Chandelure|Shadow Ball|p1b: Whimsicott
|-damage|p1b: Whimsicott|0 fnt
|faint|p1b: Whimsicott
|
|-heal|p1a: Garganacl|42/100|[from] item: Leftovers
|upkeep
|
|t:|1786068009
|switch|p1b: Mawile|Mawile, L50, M|100/100
|-ability|p1b: Mawile|Intimidate|boost
|-unboost|p2a: Araquanid|atk|1
|-unboost|p2b: Chandelure|atk|1
|turn|8
|
|t:|1786068030
|move|p2a: Araquanid|Protect|p2a: Araquanid
|-singleturn|p2a: Araquanid|Protect
|move|p2b: Chandelure|Heat Wave|p1b: Mawile|[spread] p1a,p1b
|-resisted|p1a: Garganacl|1
|-supereffective|p1b: Mawile|1
|-damage|p1a: Garganacl|24/100
|-damage|p1b: Mawile|0 fnt
|faint|p1b: Mawile
|move|p1a: Garganacl|Stone Edge|p2b: Chandelure
|-supereffective|p2b: Chandelure|1
|-damage|p2b: Chandelure|0 fnt
|faint|p2b: Chandelure
|
|-heal|p1a: Garganacl|30/100|[from] item: Leftovers
|upkeep
|
|t:|1786068042
|switch|p1b: Hatterene|Hatterene, L50, F|4/100
|turn|9
|
|t:|1786068056
|move|p2a: Araquanid|Protect||[still]
|-fail|p2a: Araquanid
|move|p1a: Garganacl|Stone Edge|p2a: Araquanid
|-supereffective|p2a: Araquanid|1
|-crit|p2a: Araquanid
|-damage|p2a: Araquanid|0 fnt
|faint|p2a: Araquanid
|
|win|Ibuki Quinn
|inactive|Ibuki Quinn has 30 seconds to confirm battle start!
|inactive|CPT WHOOSH has 30 seconds to confirm battle start!
|inactive|Ibuki Quinn has 20 seconds to confirm battle start!
|inactive|CPT WHOOSH has 20 seconds to confirm battle start!
||CPT WHOOSH is ready for game 2.
|inactive|Ibuki Quinn has 10 seconds to confirm battle start!
