|j|☆fili53
|j|☆FALL3N_DWN
|html|fili53FALL3N_DWN    
|uhtml|bestof|Game 3 of a best-of-3
|t:|1757628103
|gametype|doubles
|player|p1|fili53|cress|1227
|player|p2|FALL3N_DWN|carmine-festival|1232
|gen|9
|tier|[Gen 9] VGC 2025 Reg H (Bo3)
|rated|
|rule|Species Clause: Limit one of each Pokémon
|rule|Item Clause: Limit 1 of each item
|clearpoke
|poke|p1|Arcanine-Hisui, L50, M|
|poke|p1|Rillaboom, L50, M|
|poke|p1|Clefable, L50, F|
|poke|p1|Inteleon, L50, M|
|poke|p1|Sneasler, L50, F|
|poke|p1|Gholdengo, L50|
|poke|p2|Gholdengo, L50|
|poke|p2|Amoonguss, L50, M|
|poke|p2|Basculegion, L50, M|
|poke|p2|Pelipper, L50, F|
|poke|p2|Incineroar, L50, F|
|poke|p2|Archaludon, L50, F|
|teampreview|4
|showteam|p1|Arcanine-Hisui||ClearAmulet|Intimidate|FlareBlitz,RockSlide,ExtremeSpeed,Protect|||M|||50|,,,,,Water]Rillaboom||AssaultVest|GrassySurge|WoodHammer,GrassyGlide,HighHorsepower,FakeOut|||M|||50|,,,,,Fire]Clefable||SafetyGoggles|Unaware|Moonblast,FollowMe,HelpingHand,Protect|||F|||50|,,,,,Steel]Inteleon||RazorClaw|Sniper|SnipeShot,IceBeam,Taunt,Protect|||M|||50|,,,,,Water]Sneasler||FocusSash|Unburden|CloseCombat,DireClaw,FakeOut,Protect|||F|||50|,,,,,Stellar]Gholdengo||LifeOrb|GoodasGold|MakeItRain,ShadowBall,NastyPlot,Protect||||||50|,,,,,Water
|showteam|p2|Gholdengo||LifeOrb|GoodasGold|MakeItRain,ShadowBall,NastyPlot,Protect||||||50|,,,,,Water]Amoonguss||SitrusBerry|Regenerator|Spore,RagePowder,PollenPuff,Protect|||M|||50|,,,,,Psychic]Basculegion||ChoiceBand|SwiftSwim|WaveCrash,FlipTurn,LastRespects,AquaJet|||M|||50|,,,,,Water]Pelipper||FocusSash|Drizzle|WeatherBall,Hurricane,Tailwind,Protect|||F|||50|,,,,,Ground]Incineroar||SafetyGoggles|Intimidate|FlareBlitz,KnockOff,PartingShot,FakeOut|||F|||50|,,,,,Ghost]Archaludon||AssaultVest|Stamina|ElectroShot,FlashCannon,DracoMeteor,BodyPress|||F|||50|,,,,,Bug
|inactive|Battle timer is ON: inactive players will automatically lose when time's up. (requested by fili53)
|inactive|FALL3N_DWN has 60 seconds left.
|
|t:|1757628170
|teamsize|p1|4
|teamsize|p2|4
|start
|switch|p1a: Gholdengo|Gholdengo, L50|100/100
|switch|p1b: Rillaboom|Rillaboom, L50, M|100/100
|switch|p2a: Incineroar|Incineroar, L50, F|100/100
|switch|p2b: Pelipper|Pelipper, L50, F|100/100
|-weather|RainDance|[from] ability: Drizzle|[of] p2b: Pelipper
|-fieldstart|move: Grassy Terrain|[from] ability: Grassy Surge|[of] p1b: Rillaboom
|-ability|p2a: Incineroar|Intimidate|boost
|-unboost|p1a: Gholdengo|atk|1
|-unboost|p1b: Rillaboom|atk|1
|turn|1
|
|t:|1757628193
|switch|p2b: Archaludon|Archaludon, L50, F|100/100
|move|p2a: Incineroar|Fake Out|p1a: Gholdengo
|-immune|p1a: Gholdengo
|move|p1b: Rillaboom|Grassy Glide|p2b: Archaludon
|-resisted|p2b: Archaludon
|-damage|p2b: Archaludon|96/100
|-ability|p2b: Archaludon|Stamina|boost
|-boost|p2b: Archaludon|def|1
|move|p1a: Gholdengo|Shadow Ball|p2b: Archaludon
|-damage|p2b: Archaludon|60/100
|-unboost|p2b: Archaludon|spd|1
|-ability|p2b: Archaludon|Stamina|boost
|-boost|p2b: Archaludon|def|1
|-damage|p1a: Gholdengo|91/100|[from] item: Life Orb
|
|-weather|RainDance|[upkeep]
|-heal|p1a: Gholdengo|97/100|[from] Grassy Terrain
|-heal|p2b: Archaludon|66/100|[from] Grassy Terrain
|upkeep
|turn|2
|
|t:|1757628218
|switch|p1b: Inteleon|Inteleon, L50, M|100/100
|move|p1a: Gholdengo|Shadow Ball|p2b: Archaludon
|-damage|p2b: Archaludon|7/100
|-ability|p2b: Archaludon|Stamina|boost
|-boost|p2b: Archaludon|def|1
|-damage|p1a: Gholdengo|87/100|[from] item: Life Orb
|move|p2b: Archaludon|Electro Shot||[still]
|-prepare|p2b: Archaludon|Electro Shot
|-boost|p2b: Archaludon|spa|1
|-anim|p2b: Archaludon|Electro Shot|p1a: Gholdengo
|-damage|p1a: Gholdengo|22/100
|move|p2a: Incineroar|Knock Off|p1a: Gholdengo
|-supereffective|p1a: Gholdengo
|-damage|p1a: Gholdengo|0 fnt
|-enditem|p1a: Gholdengo|Life Orb|[from] move: Knock Off|[of] p2a: Incineroar
|faint|p1a: Gholdengo
|
|-weather|RainDance|[upkeep]
|-heal|p2b: Archaludon|13/100|[from] Grassy Terrain
|upkeep
|
|t:|1757628228
|switch|p1a: Clefable|Clefable, L50, F|100/100
|turn|3
|inactive|FALL3N_DWN has 30 seconds left.
|inactive|FALL3N_DWN has 20 seconds left.
|inactive|FALL3N_DWN has 15 seconds left.
|
|t:|1757628270
|switch|p2a: Pelipper|Pelipper, L50, F|100/100
|-terastallize|p1a: Clefable|Steel
|move|p1a: Clefable|Follow Me|p1a: Clefable
|-singleturn|p1a: Clefable|move: Follow Me
|move|p1b: Inteleon|Snipe Shot|p2b: Archaludon
|-resisted|p2b: Archaludon
|-damage|p2b: Archaludon|0 fnt
|faint|p2b: Archaludon
|
|-weather|RainDance|[upkeep]
|upkeep
|inactive|FALL3N_DWN has 30 seconds left.
|inactive|FALL3N_DWN has 20 seconds left.
|inactive|FALL3N_DWN has 15 seconds left.
|
|t:|1757628315
|switch|p2b: Incineroar|Incineroar, L50, F|100/100
|-ability|p2b: Incineroar|Intimidate|boost
|-unboost|p1a: Clefable|atk|1
|-unboost|p1b: Inteleon|atk|1
|turn|4
|
|t:|1757628339
|move|p2b: Incineroar|Fake Out|p1b: Inteleon
|-damage|p1b: Inteleon|81/100
|move|p1a: Clefable|Follow Me|p1a: Clefable
|-singleturn|p1a: Clefable|move: Follow Me
|cant|p1b: Inteleon|flinch
|move|p2a: Pelipper|Tailwind|p2a: Pelipper
|-sidestart|p2: FALL3N_DWN|move: Tailwind
|
|-weather|RainDance|[upkeep]
|-heal|p1b: Inteleon|87/100|[from] Grassy Terrain
|upkeep
|turn|5
|inactive|FALL3N_DWN has 30 seconds left.
|
|t:|1757628367
|switch|p2a: Gholdengo|Gholdengo, L50|100/100
|move|p1a: Clefable|Follow Me|p1a: Clefable
|-singleturn|p1a: Clefable|move: Follow Me
|move|p1b: Inteleon|Snipe Shot|p2a: Gholdengo
|-damage|p2a: Gholdengo|31/100
|move|p2b: Incineroar|Parting Shot|p1a: Clefable
|-unboost|p1a: Clefable|atk|1
|-unboost|p1a: Clefable|spa|1
|
|t:|1757628375
|switch|p2b: Pelipper|Pelipper, L50, F|100/100|[from] Parting Shot
|
|-weather|none
|-heal|p2a: Gholdengo|37/100|[from] Grassy Terrain
|-heal|p1b: Inteleon|94/100|[from] Grassy Terrain
|-fieldend|move: Grassy Terrain
|upkeep
|turn|6
|inactive|FALL3N_DWN has 30 seconds left.
|inactive|FALL3N_DWN has 20 seconds left.
|inactive|FALL3N_DWN has 15 seconds left.
|
|t:|1757628416
|switch|p2b: Incineroar|Incineroar, L50, F|100/100
|-ability|p2b: Incineroar|Intimidate|boost
|-unboost|p1a: Clefable|atk|1
|-unboost|p1b: Inteleon|atk|1
|switch|p1b: Rillaboom|Rillaboom, L50, M|100/100
|-fieldstart|move: Grassy Terrain|[from] ability: Grassy Surge|[of] p1b: Rillaboom
|move|p2a: Gholdengo|Protect|p2a: Gholdengo
|-singleturn|p2a: Gholdengo|Protect
|move|p1a: Clefable|Moonblast|p2b: Incineroar
|-damage|p2b: Incineroar|82/100
|-unboost|p2b: Incineroar|spa|1
|
|-heal|p2a: Gholdengo|43/100|[from] Grassy Terrain
|-heal|p2b: Incineroar|88/100|[from] Grassy Terrain
|upkeep
|turn|7
|inactive|fili53 has 30 seconds left.
|inactive|fili53 has 20 seconds left.
|
|t:|1757628453
|move|p2b: Incineroar|Fake Out|p1b: Rillaboom
|-damage|p1b: Rillaboom|90/100
|move|p2a: Gholdengo|Nasty Plot|p2a: Gholdengo
|-boost|p2a: Gholdengo|spa|2
|cant|p1b: Rillaboom|flinch
|move|p1a: Clefable|Moonblast|p2a: Gholdengo
|-resisted|p2a: Gholdengo
|-damage|p2a: Gholdengo|32/100
|
|-heal|p2a: Gholdengo|38/100|[from] Grassy Terrain
|-heal|p2b: Incineroar|94/100|[from] Grassy Terrain
|-heal|p1b: Rillaboom|96/100|[from] Grassy Terrain
|-sideend|p2: FALL3N_DWN|move: Tailwind
|upkeep
|turn|8
|
|t:|1757628473
|move|p2a: Gholdengo|Protect|p2a: Gholdengo
|-singleturn|p2a: Gholdengo|Protect
|move|p1a: Clefable|Follow Me|p1a: Clefable
|-singleturn|p1a: Clefable|move: Follow Me
|move|p1b: Rillaboom|High Horsepower|p2a: Gholdengo
|-activate|p2a: Gholdengo|move: Protect
|move|p2b: Incineroar|Parting Shot|p1a: Clefable
|-unboost|p1a: Clefable|atk|1
|-unboost|p1a: Clefable|spa|1
|
|t:|1757628481
|switch|p2b: Pelipper|Pelipper, L50, F|100/100|[from] Parting Shot
|-weather|RainDance|[from] ability: Drizzle|[of] p2b: Pelipper
|
|-weather|RainDance|[upkeep]
|-heal|p2a: Gholdengo|44/100|[from] Grassy Terrain
|-heal|p1b: Rillaboom|100/100|[from] Grassy Terrain
|upkeep
|turn|9
|inactive|FALL3N_DWN has 30 seconds left.
|inactive|FALL3N_DWN has 20 seconds left.
|inactive|FALL3N_DWN has 15 seconds left.
|
|t:|1757628524
|move|p1a: Clefable|Follow Me|p1a: Clefable
|-singleturn|p1a: Clefable|move: Follow Me
|move|p2a: Gholdengo|Make It Rain|p1b: Rillaboom|[spread] p1a,p1b
|-resisted|p1a: Clefable
|-damage|p1a: Clefable|75/100
|-damage|p1b: Rillaboom|21/100
|-unboost|p2a: Gholdengo|spa|1
|-damage|p2a: Gholdengo|35/100|[from] item: Life Orb
|move|p2b: Pelipper|Hurricane|p1a: Clefable
|-resisted|p1a: Clefable
|-damage|p1a: Clefable|54/100
|-start|p1a: Clefable|confusion
|move|p1b: Rillaboom|High Horsepower|p2a: Gholdengo
|-supereffective|p2a: Gholdengo
|-damage|p2a: Gholdengo|0 fnt
|faint|p2a: Gholdengo
|
|-weather|RainDance|[upkeep]
|-heal|p1b: Rillaboom|27/100|[from] Grassy Terrain
|-heal|p1a: Clefable|60/100|[from] Grassy Terrain
|upkeep
|
|t:|1757628530
|switch|p2a: Incineroar|Incineroar, L50, F|94/100
|-ability|p2a: Incineroar|Intimidate|boost
|-unboost|p1a: Clefable|atk|1
|-unboost|p1b: Rillaboom|atk|1
|turn|10
|inactive|fili53 has 30 seconds left.
|
|t:|1757628556
|switch|p1b: Inteleon|Inteleon, L50, M|94/100
|move|p2b: Pelipper|Tailwind|p2b: Pelipper
|-sidestart|p2: FALL3N_DWN|move: Tailwind
|move|p2a: Incineroar|Knock Off|p1b: Inteleon
|-damage|p1b: Inteleon|20/100
|-enditem|p1b: Inteleon|Razor Claw|[from] move: Knock Off|[of] p2a: Incineroar
|-activate|p1a: Clefable|confusion
|-damage|p1a: Clefable|58/100|[from] confusion
|
|-weather|RainDance|[upkeep]
|-heal|p1b: Inteleon|27/100|[from] Grassy Terrain
|-heal|p2a: Incineroar|99/100|[from] Grassy Terrain
|-heal|p1a: Clefable|64/100|[from] Grassy Terrain
|-fieldend|move: Grassy Terrain
|upkeep
|turn|11
|inactive|FALL3N_DWN has 30 seconds left.
|
|t:|1757628583
|-activate|p1a: Clefable|confusion
|move|p1a: Clefable|Follow Me|p1a: Clefable
|-singleturn|p1a: Clefable|move: Follow Me
|move|p2b: Pelipper|Weather Ball|p1a: Clefable
|-damage|p1a: Clefable|7/100
|move|p1b: Inteleon|Snipe Shot|p2a: Incineroar
|-supereffective|p2a: Incineroar
|-damage|p2a: Incineroar|0 fnt
|faint|p2a: Incineroar
|
|-weather|RainDance|[upkeep]
|upkeep
|turn|12
|
|t:|1757628595
|move|p1b: Inteleon|Protect|p1b: Inteleon
|-singleturn|p1b: Inteleon|Protect
|move|p2b: Pelipper|Hurricane|p1b: Inteleon
|-activate|p1b: Inteleon|move: Protect
|-activate|p1a: Clefable|confusion
|move|p1a: Clefable|Moonblast|p2b: Pelipper
|-damage|p2b: Pelipper|73/100
|-unboost|p2b: Pelipper|spa|1
|
|-weather|none
|upkeep
|turn|13
|
|t:|1757628605
|-end|p1a: Clefable|confusion
|move|p1a: Clefable|Follow Me|p1a: Clefable
|-singleturn|p1a: Clefable|move: Follow Me
|move|p2b: Pelipper|Hurricane|p1a: Clefable
|-resisted|p1a: Clefable
|-damage|p1a: Clefable|0 fnt
|faint|p1a: Clefable
|move|p1b: Inteleon|Snipe Shot|p2b: Pelipper
|-resisted|p2b: Pelipper
|-damage|p2b: Pelipper|34/100
|
|-sideend|p2: FALL3N_DWN|move: Tailwind
|upkeep
|
|t:|1757628626
|switch|p1a: Rillaboom|Rillaboom, L50, M|27/100
|-fieldstart|move: Grassy Terrain|[from] ability: Grassy Surge|[of] p1a: Rillaboom
|turn|14
|
|t:|1757628634
|move|p2b: Pelipper|Protect|p2b: Pelipper
|-singleturn|p2b: Pelipper|Protect
|move|p1a: Rillaboom|Grassy Glide|p2b: Pelipper
|-activate|p2b: Pelipper|move: Protect
|move|p1b: Inteleon|Snipe Shot|p2b: Pelipper
|-activate|p2b: Pelipper|move: Protect
|
|-heal|p1b: Inteleon|33/100|[from] Grassy Terrain
|-heal|p1a: Rillaboom|33/100|[from] Grassy Terrain
|upkeep
|turn|15
|
|t:|1757628650
|move|p1a: Rillaboom|Grassy Glide|p2b: Pelipper
|-damage|p2b: Pelipper|0 fnt
|faint|p2b: Pelipper
|
|win|fili53
|raw|fili53's rating: 1227 → 1252(+25 for winning)
|raw|FALL3N_DWN's rating: 1232 → 1207(-25 for losing)
|c|☆FALL3N_DWN|gg
