|j|☆Alecat
|j|☆EspeonEnthusiastUU
|html|AlecatEspeonEnthusiastUU    
|uhtml|bestof|Game 1 of a best-of-3
|t:|1757846403
|gametype|doubles
|player|p1|Alecat|scientistf|1058
|player|p2|EspeonEnthusiastUU|waiter-gen4dp|1015
|gen|9
|tier|[Gen 9] VGC 2025 Reg H (Bo3)
|rated|
|rule|Species Clause: Limit one of each Pokémon
|rule|Item Clause: Limit 1 of each item
|clearpoke
|poke|p1|Sneasler, L50, M|
|poke|p1|Magmar, L50, M|
|poke|p1|Rillaboom, L50, M|
|poke|p1|Espathra, L50, M|
|poke|p1|Kingambit, L50, M|
|poke|p1|Arcanine-Hisui, L50, M|
|poke|p2|Annihilape, L50, M|
|poke|p2|Rillaboom, L50, F|
|poke|p2|Palafin, L50, M|
|poke|p2|Incineroar, L50, F|
|poke|p2|Perrserker, L50, F|
|poke|p2|Gliscor, L50, M|
|teampreview|4
|showteam|p1|Sneasler||FocusSash|Unburden|FakeOut,CloseCombat,DireClaw,Coaching|||M|||50|,,,,,Ghost]Magmar||Eviolite|VitalSpirit|FollowMe,HeatWave,Taunt,Protect|||M|||50|,,,,,Dragon]Rillaboom||AssaultVest|GrassySurge|FakeOut,WoodHammer,GrassyGlide,HighHorsepower|||M|||50|,,,,,Fire]Espathra||GrassySeed|SpeedBoost|StoredPower,TeraBlast,CalmMind,Protect|||M|||50|,,,,,Fighting]Kingambit||SafetyGoggles|Defiant|KowtowCleave,SuckerPunch,SwordsDance,Protect|||M|||50|,,,,,Dark]Arcanine-Hisui||LoadedDice|Intimidate|FlareBlitz,RockBlast,ExtremeSpeed,Protect|||M|||50|,,,,,Ghost
|showteam|p2|Annihilape||SafetyGoggles|Defiant|Coaching,RageFist,CloseCombat,Uturn|||M|||50|,,,,,Fire]Rillaboom||MiracleSeed|GrassySurge|WoodHammer,FakeOut,Uturn,GrassyGlide|||F|||50|,,,,,Grass]Palafin||ClearAmulet|ZerotoHero|Haze,WaveCrash,JetPunch,FlipTurn|||M|||50|,,,,,Water]Incineroar||MirrorHerb|Intimidate|KnockOff,FakeOut,PartingShot,FlareBlitz|||F|||50|,,,,,Grass]Perrserker||AssaultVest|ToughClaws|IronHead,CloseCombat,FakeOut,Uturn|||F|||50|,,,,,Bug]Gliscor||ChoiceBand|HyperCutter|Uturn,HighHorsepower,TeraBlast,DualWingbeat|||M|||50|,,,,,Ice
|inactive|Battle timer is ON: inactive players will automatically lose when time's up. (requested by Alecat)
|inactive|Alecat has 60 seconds left.
|
|t:|1757846436
|teamsize|p1|4
|teamsize|p2|4
|start
|switch|p1a: Espathra|Espathra, L50, M, shiny|100/100
|switch|p1b: Magmar|Magmar, L50, M|100/100
|switch|p2a: Gliscor|Gliscor, L50, M|100/100
|switch|p2b: Rillaboom|Rillaboom, L50, F|100/100
|-fieldstart|move: Grassy Terrain|[from] ability: Grassy Surge|[of] p2b: Rillaboom
|-enditem|p1a: Espathra|Grassy Seed
|-boost|p1a: Espathra|def|1|[from] item: Grassy Seed
|turn|1
|
|t:|1757846449
|switch|p1b: Arcanine|Arcanine-Hisui, L50, M, shiny|100/100
|-ability|p1b: Arcanine|Intimidate|boost
|-fail|p2a: Gliscor|unboost|Attack|[from] ability: Hyper Cutter|[of] p2a: Gliscor
|-unboost|p2b: Rillaboom|atk|1
|move|p1a: Espathra|Protect|p1a: Espathra
|-singleturn|p1a: Espathra|Protect
|move|p2a: Gliscor|High Horsepower|p1b: Arcanine
|-supereffective|p1b: Arcanine
|-damage|p1b: Arcanine|0 fnt
|faint|p1b: Arcanine
|move|p2b: Rillaboom|U-turn|p1a: Espathra
|-activate|p1a: Espathra|move: Protect
|
|-ability|p1a: Espathra|Speed Boost|boost
|-boost|p1a: Espathra|spe|1
|upkeep
|inactive|Alecat has 30 seconds left.
|
|t:|1757846477
|switch|p1b: Kingambit|Kingambit, L50, M|100/100
|turn|2
|
|t:|1757846488
|move|p1b: Kingambit|Protect|p1b: Kingambit
|-singleturn|p1b: Kingambit|Protect
|move|p2b: Rillaboom|Grassy Glide|p1a: Espathra
|-damage|p1a: Espathra|75/100
|move|p1a: Espathra|Calm Mind|p1a: Espathra
|-boost|p1a: Espathra|spa|1
|-boost|p1a: Espathra|spd|1
|move|p2a: Gliscor|High Horsepower|p1a: Espathra
|-damage|p1a: Espathra|25/100
|
|-heal|p1a: Espathra|31/100|[from] Grassy Terrain
|-ability|p1a: Espathra|Speed Boost|boost
|-boost|p1a: Espathra|spe|1
|upkeep
|turn|3
|
|t:|1757846509
|move|p1a: Espathra|Stored Power|p2a: Gliscor
|-damage|p2a: Gliscor|3/100
|move|p2a: Gliscor|High Horsepower|p1b: Kingambit
|-supereffective|p1b: Kingambit
|-crit|p1b: Kingambit
|-damage|p1b: Kingambit|0 fnt
|faint|p1b: Kingambit
|move|p2b: Rillaboom|U-turn|p1a: Espathra
|-supereffective|p1a: Espathra
|-damage|p1a: Espathra|3/100
|
|t:|1757846527
|switch|p2b: Incineroar|Incineroar, L50, F|100/100|[from] U-turn
|-ability|p2b: Incineroar|Intimidate|boost
|-unboost|p1a: Espathra|atk|1
|
|-heal|p1a: Espathra|9/100|[from] Grassy Terrain
|-ability|p1a: Espathra|Speed Boost|boost
|-boost|p1a: Espathra|spe|1
|-enditem|p2b: Incineroar|Mirror Herb
|-boost|p2b: Incineroar|spe|1|[from] item: Mirror Herb
|upkeep
|
|t:|1757846532
|switch|p1b: Magmar|Magmar, L50, M|100/100
|turn|4
|
|t:|1757846537
|move|p1a: Espathra|Protect|p1a: Espathra
|-singleturn|p1a: Espathra|Protect
|move|p1b: Magmar|Protect|p1b: Magmar
|-singleturn|p1b: Magmar|Protect
|move|p2b: Incineroar|Fake Out|p1a: Espathra
|-activate|p1a: Espathra|move: Protect
|move|p2a: Gliscor|High Horsepower|p1b: Magmar
|-activate|p1b: Magmar|move: Protect
|
|-heal|p1a: Espathra|15/100|[from] Grassy Terrain
|-ability|p1a: Espathra|Speed Boost|boost
|-boost|p1a: Espathra|spe|1
|upkeep
|turn|5
|
|t:|1757846552
|move|p1b: Magmar|Follow Me|p1b: Magmar
|-singleturn|p1b: Magmar|move: Follow Me
|move|p1a: Espathra|Stored Power|p2a: Gliscor
|-damage|p2a: Gliscor|0 fnt
|faint|p2a: Gliscor
|move|p2b: Incineroar|Knock Off|p1b: Magmar
|-damage|p1b: Magmar|52/100
|-enditem|p1b: Magmar|Eviolite|[from] move: Knock Off|[of] p2b: Incineroar
|
|-heal|p1a: Espathra|21/100|[from] Grassy Terrain
|-heal|p1b: Magmar|57/100|[from] Grassy Terrain
|-fieldend|move: Grassy Terrain
|-ability|p1a: Espathra|Speed Boost|boost
|-boost|p1a: Espathra|spe|1
|upkeep
|
|t:|1757846562
|switch|p2a: Rillaboom|Rillaboom, L50, F|100/100
|-fieldstart|move: Grassy Terrain|[from] ability: Grassy Surge|[of] p2a: Rillaboom
|turn|6
|
|t:|1757846572
|move|p1a: Espathra|Protect|p1a: Espathra
|-singleturn|p1a: Espathra|Protect
|move|p1b: Magmar|Protect|p1b: Magmar
|-singleturn|p1b: Magmar|Protect
|move|p2a: Rillaboom|Fake Out|p1b: Magmar
|-activate|p1b: Magmar|move: Protect
|move|p2b: Incineroar|Knock Off|p1a: Espathra
|-activate|p1a: Espathra|move: Protect
|
|-heal|p1a: Espathra|27/100|[from] Grassy Terrain
|-heal|p1b: Magmar|63/100|[from] Grassy Terrain
|-ability|p1a: Espathra|Speed Boost|boost
|-boost|p1a: Espathra|spe|1
|upkeep
|turn|7
|inactive|Alecat has 30 seconds left.
|inactive|Alecat has 20 seconds left.
|inactive|Alecat has 15 seconds left.
|inactive|EspeonEnthusiastUU has 30 seconds left.
|
|t:|1757846617
|-terastallize|p1a: Espathra|Fighting
|-terastallize|p2a: Rillaboom|Grass
|move|p1b: Magmar|Follow Me|p1b: Magmar
|-singleturn|p1b: Magmar|move: Follow Me
|move|p2a: Rillaboom|Grassy Glide|p1b: Magmar
|-resisted|p1b: Magmar
|-crit|p1b: Magmar
|-damage|p1b: Magmar|0 fnt
|faint|p1b: Magmar
|move|p1a: Espathra|Tera Blast|p2b: Incineroar|[anim] Tera Blast Fighting
|-supereffective|p2b: Incineroar
|-damage|p2b: Incineroar|14/100
|move|p2b: Incineroar|Parting Shot|p1a: Espathra
|-unboost|p1a: Espathra|atk|1
|-unboost|p1a: Espathra|spa|1
|
|t:|1757846642
|switch|p2b: Palafin|Palafin, L50, M|100/100|[from] Parting Shot
|
|-heal|p1a: Espathra|33/100|[from] Grassy Terrain
|upkeep
|turn|8
|
|t:|1757846658
|move|p2b: Palafin|Jet Punch|p1a: Espathra
|-damage|p1a: Espathra|17/100
|move|p2a: Rillaboom|Grassy Glide|p1a: Espathra
|-crit|p1a: Espathra
|-damage|p1a: Espathra|0 fnt
|faint|p1a: Espathra
|
|win|EspeonEnthusiastUU
|l|☆EspeonEnthusiastUU
|player|p2|
|inactive|Alecat has 30 seconds to confirm battle start!
|inactive|EspeonEnthusiastUU has 30 seconds to confirm battle start!
||EspeonEnthusiastUU is ready for game 2.
||Alecat is ready for game 2.
|uhtml|next|Next: Game 2 of 3
