|j|☆TaiwanNephrologist
|j|☆luckycricket0326
|html|TaiwanNephrologistluckycricket0326    
|uhtml|bestof|Game 1 of a best-of-3
|t:|1786119719
|gametype|doubles
|player|p1|TaiwanNephrologist|101|
|player|p2|luckycricket0326|169|
|gen|9
|tier|[Gen 9 Champions] VGC 2026 Reg M-B (Bo3)
|rule|Species Clause: Limit one of each Pokémon
|rule|Item Clause: Limit 1 of each item
|clearpoke
|poke|p1|Delphox, L50, F, shiny|
|poke|p1|Incineroar, L50, F, shiny|
|poke|p1|Kingambit, L50, F, shiny|
|poke|p1|Sinistcha, L50, shiny|
|poke|p1|Sneasler, L50, F, shiny|
|poke|p1|Blastoise, L50, F, shiny|
|poke|p2|Raichu, L50, F|
|poke|p2|Sinistcha, L50|
|poke|p2|Incineroar, L50, F|
|poke|p2|Sylveon, L50, M|
|poke|p2|Hydreigon, L50, F, shiny|
|poke|p2|Metagross, L50|
|teampreview|4
|showteam|p1|Delphox||Delphoxite|Blaze|HeatWave,Psychic,NastyPlot,Protect|Timid||F|||50|]Incineroar||SitrusBerry|Intimidate|FakeOut,FlareBlitz,HelpingHand,PartingShot|Careful||F|||50|]Kingambit||LifeOrb|Defiant|KowtowCleave,SuckerPunch,SwordsDance,Protect|Adamant||F|||50|]Sinistcha||OccaBerry|Hospitality|MatchaGotcha,RagePowder,TrickRoom,Protect|Bold|||||50|]Sneasler||FocusSash|PoisonTouch|FakeOut,PoisonJab,CloseCombat,QuickGuard|Jolly||F|||50|]Blastoise||Blastoisinite|RainDish|WaterSpout,DarkPulse,ShellSmash,Protect|Modest||F|||50|
|showteam|p2|Raichu||RaichuniteY|LightningRod|FakeOut,ZapCannon,FocusBlast,Protect|Timid||F|||50|]Sinistcha||SitrusBerry|Hospitality|MatchaGotcha,RagePowder,TrickRoom,Protect|Bold|||||50|]Incineroar||ShucaBerry|Intimidate|FlareBlitz,DarkestLariat,PartingShot,FakeOut|Careful||F|||50|]Sylveon||LifeOrb|Pixilate|HyperVoice,HyperBeam,CalmMind,Detect|Modest||M|||50|]Hydreigon||ChoiceScarf|Levitate|DracoMeteor,DarkPulse,EarthPower,Snarl|Modest||F|||50|]Metagross||Metagrossite|ClearBody|HardPress,BodyPress,PsychicFangs,Protect|Adamant|||||50|
|inactive|Battle timer is ON: inactive players will automatically lose when time's up. (requested by luckycricket0326)
|inactive|TaiwanNephrologist has 60 seconds left.
|
|t:|1786119781
|teamsize|p1|4
|teamsize|p2|4
|start
|switch|p1a: Sneasler|Sneasler, L50, F, shiny|100/100
|switch|p1b: Kingambit|Kingambit, L50, F, shiny|100/100
|switch|p2a: Raichu|Raichu, L50, F|100/100
|switch|p2b: Hydreigon|Hydreigon, L50, F, shiny|100/100
|turn|1
|inactive|luckycricket0326 has 30 seconds left.
|inactive|luckycricket0326 has 20 seconds left.
|inactive|luckycricket0326 has 15 seconds left.
|inactive|luckycricket0326 has 10 seconds left.
|inactive|TaiwanNephrologist has 30 seconds left.
|
|t:|1786119835
|switch|p1a: Sinistcha|Sinistcha, L50, shiny|100/100
|detailschange|p2a: Raichu|Raichu-Mega-Y, L50, F
|-mega|p2a: Raichu|Raichu|Raichunite Y
|move|p2a: Raichu|Fake Out|p1b: Kingambit
|-resisted|p1b: Kingambit|1
|-damage|p1b: Kingambit|96/100
|move|p2b: Hydreigon|Earth Power|p1a: Sinistcha
|-resisted|p1a: Sinistcha|1
|-damage|p1a: Sinistcha|83/100
|cant|p1b: Kingambit|flinch
|
|upkeep
|turn|2
|inactive|TaiwanNephrologist has 30 seconds left.
|inactive|luckycricket0326 has 30 seconds left.
|inactive|luckycricket0326 has 20 seconds left.
|inactive|luckycricket0326 has 15 seconds left.
|inactive|luckycricket0326 has 10 seconds left.
|inactive|luckycricket0326 has 5 seconds left.
|
|t:|1786119887
|move|p1a: Sinistcha|Rage Powder|p1a: Sinistcha
|-singleturn|p1a: Sinistcha|move: Rage Powder
|move|p2b: Hydreigon|Earth Power|p1a: Sinistcha
|-resisted|p1a: Sinistcha|1
|-damage|p1a: Sinistcha|67/100
|move|p2a: Raichu|Zap Cannon|p1a: Sinistcha
|-resisted|p1a: Sinistcha|1
|-damage|p1a: Sinistcha|39/100
|-status|p1a: Sinistcha|par
|move|p1b: Kingambit|Swords Dance|p1b: Kingambit
|-boost|p1b: Kingambit|atk|2
|
|upkeep
|turn|3
|inactive|TaiwanNephrologist has 30 seconds left.
|inactive|luckycricket0326 has 30 seconds left.
|
|t:|1786119918
|switch|p2a: Sinistcha|Sinistcha, L50|100/100
|move|p1a: Sinistcha|Rage Powder|p1a: Sinistcha
|-singleturn|p1a: Sinistcha|move: Rage Powder
|move|p2b: Hydreigon|Earth Power|p1a: Sinistcha
|-resisted|p1a: Sinistcha|1
|-crit|p1a: Sinistcha
|-damage|p1a: Sinistcha|17/100 par
|move|p1b: Kingambit|Kowtow Cleave|p2b: Hydreigon
|-resisted|p2b: Hydreigon|1
|-damage|p2b: Hydreigon|24/100
|-damage|p1b: Kingambit|86/100|[from] item: Life Orb
|
|upkeep
|turn|4
|inactive|TaiwanNephrologist has 30 seconds left.
|inactive|luckycricket0326 has 30 seconds left.
|
|t:|1786119953
|move|p2a: Sinistcha|Protect|p2a: Sinistcha
|-singleturn|p2a: Sinistcha|Protect
|move|p1a: Sinistcha|Rage Powder|p1a: Sinistcha
|-singleturn|p1a: Sinistcha|move: Rage Powder
|move|p2b: Hydreigon|Earth Power|p1a: Sinistcha
|-resisted|p1a: Sinistcha|1
|-damage|p1a: Sinistcha|3/100 par
|move|p1b: Kingambit|Kowtow Cleave|p2b: Hydreigon
|-resisted|p2b: Hydreigon|1
|-damage|p2b: Hydreigon|0 fnt
|faint|p2b: Hydreigon
|-damage|p1b: Kingambit|77/100|[from] item: Life Orb
|
|upkeep
|
|t:|1786119970
|switch|p2b: Raichu|Raichu-Mega-Y, L50, F|100/100
|turn|5
|
|t:|1786119997
|move|p1b: Kingambit|Protect|p1b: Kingambit
|-singleturn|p1b: Kingambit|Protect
|move|p1a: Sinistcha|Protect|p1a: Sinistcha
|-singleturn|p1a: Sinistcha|Protect
|move|p2b: Raichu|Fake Out|p1b: Kingambit
|-activate|p1b: Kingambit|move: Protect
|move|p2a: Sinistcha|Matcha Gotcha|p1b: Kingambit|[spread] 
|-activate|p1a: Sinistcha|move: Protect
|-activate|p1b: Kingambit|move: Protect
|
|upkeep
|turn|6
|inactive|TaiwanNephrologist has 30 seconds left.
|inactive|luckycricket0326 has 30 seconds left.
|inactive|TaiwanNephrologist has 20 seconds left.
|
|t:|1786120037
|move|p2a: Sinistcha|Rage Powder|p2a: Sinistcha
|-singleturn|p2a: Sinistcha|move: Rage Powder
|move|p1a: Sinistcha|Rage Powder|p1a: Sinistcha
|-singleturn|p1a: Sinistcha|move: Rage Powder
|move|p2b: Raichu|Zap Cannon|p1a: Sinistcha
|-resisted|p1a: Sinistcha|1
|-damage|p1a: Sinistcha|0 fnt
|faint|p1a: Sinistcha
|move|p1b: Kingambit|Kowtow Cleave|p2a: Sinistcha
|-supereffective|p2a: Sinistcha|1
|-damage|p2a: Sinistcha|0 fnt
|faint|p2a: Sinistcha
|-damage|p1b: Kingambit|67/100|[from] item: Life Orb
|
|upkeep
|
|t:|1786120048
|switch|p2a: Incineroar|Incineroar, L50, F|100/100
|switch|p1a: Delphox|Delphox, L50, F, shiny|100/100
|-ability|p2a: Incineroar|Intimidate|boost
|-unboost|p1a: Delphox|atk|1
|-unboost|p1b: Kingambit|atk|1
|-ability|p1b: Kingambit|Defiant|boost
|-boost|p1b: Kingambit|atk|2
|turn|7
|
|t:|1786120069
|detailschange|p1a: Delphox|Delphox-Mega, L50, F, shiny
|-mega|p1a: Delphox|Delphox|Delphoxite
|move|p1a: Delphox|Protect|p1a: Delphox
|-singleturn|p1a: Delphox|Protect
|move|p1b: Kingambit|Protect|p1b: Kingambit
|-singleturn|p1b: Kingambit|Protect
|move|p2b: Raichu|Zap Cannon|p1a: Delphox
|-activate|p1a: Delphox|move: Protect
|move|p2a: Incineroar|Darkest Lariat|p1a: Delphox
|-activate|p1a: Delphox|move: Protect
|
|upkeep
|turn|8
|
|t:|1786120088
|move|p2b: Raichu|Protect|p2b: Raichu
|-singleturn|p2b: Raichu|Protect
|move|p1b: Kingambit|Sucker Punch||[still]
|-fail|p1b: Kingambit
|move|p1a: Delphox|Nasty Plot|p1a: Delphox
|-boost|p1a: Delphox|spa|2
|move|p2a: Incineroar|Flare Blitz|p1b: Kingambit
|-supereffective|p1b: Kingambit|1
|-damage|p1b: Kingambit|0 fnt
|faint|p1b: Kingambit
|-damage|p2a: Incineroar|77/100|[from] Recoil
|
|upkeep
|
|t:|1786120099
|switch|p1b: Sneasler|Sneasler, L50, F, shiny|100/100
|turn|9
|
|t:|1786120120
|move|p1b: Sneasler|Fake Out|p2b: Raichu
|-damage|p2b: Raichu|76/100
|-status|p2b: Raichu|psn|[from] ability: Poison Touch|[of] p1b: Sneasler
|move|p1a: Delphox|Psychic|p2b: Raichu
|-damage|p2b: Raichu|0 fnt
|faint|p2b: Raichu
|move|p2a: Incineroar|Darkest Lariat|p1a: Delphox
|-supereffective|p1a: Delphox|1
|-damage|p1a: Delphox|15/100
|
|upkeep
|turn|10
|
|t:|1786120131
|move|p1a: Delphox|Heat Wave|p2a: Incineroar
|-resisted|p2a: Incineroar|1
|-damage|p2a: Incineroar|36/100
|move|p1b: Sneasler|Close Combat|p2a: Incineroar
|-supereffective|p2a: Incineroar|1
|-damage|p2a: Incineroar|0 fnt
|-unboost|p1b: Sneasler|def|1
|-unboost|p1b: Sneasler|spd|1
|faint|p2a: Incineroar
|
|win|TaiwanNephrologist
|inactive|TaiwanNephrologist has 30 seconds to confirm battle start!
|inactive|luckycricket0326 has 30 seconds to confirm battle start!
||luckycricket0326 is ready for game 2.
||TaiwanNephrologist is ready for game 2.
|uhtml|next|Next: Game 2 of 3
|l|☆luckycricket0326
|player|p2|
|l|☆TaiwanNephrologist
|player|p1|
|j|☆TaiwanNephrologist
|player|p1|TaiwanNephrologist|101|
