|j|☆i1i1<i113raxcoquette    
|uhtml|bestof|Game 2 of a best-of-3
|t:|1784087881
|gametype|doubles
|player|p1|i1<i113r|265|1202
|player|p2|axcoquette|maid|1249
|gen|9
|tier|[Gen 9 Champions] VGC 2026 Reg M-B (Bo3)
|rated|
|rule|Species Clause: Limit one of each Pokémon
|rule|Item Clause: Limit 1 of each item
|clearpoke
|poke|p1|Pelipper, L50, F|
|poke|p1|Swampert, L50, F|
|poke|p1|Archaludon, L50, M|
|poke|p1|Sinistcha-Masterpiece, L50|
|poke|p1|Sableye, L50, M|
|poke|p1|Scizor, L50, M|
|poke|p2|Ceruledge, L50, F|
|poke|p2|Starmie, L50|
|poke|p2|Sylveon, L50, M|
|poke|p2|Raichu, L50, F|
|poke|p2|Sinistcha-Masterpiece, L50|
|poke|p2|Milotic, L50, F|
|teampreview|4
|showteam|p1|Pelipper||FocusSash|Drizzle|WideGuard,Hurricane,HelpingHand,Tailwind|Bold||F|||50|]Swampert||Swampertite|Torrent|WaveCrash,Protect,Earthquake,IcePunch|Adamant||F|||50|]Archaludon||Leftovers|Stamina|ElectroShot,FlashCannon,DragonPulse,Protect|Calm||M|||50|]Sinistcha-Masterpiece||ColburBerry|Hospitality|RagePowder,TrickRoom,MatchaGotcha,LifeDew|Bold|||||50|]Sableye||RoseliBerry|Prankster|FakeOut,RainDance,Encore,Disable|Careful||M|||50|]Scizor||Scizorite|Technician|SwordsDance,BulletPunch,BugBite,Protect|Adamant||M|||50|
|showteam|p2|Ceruledge||ColburBerry|FlashFire|BitterBlade,ShadowSneak,BulkUp,Protect|Impish||F|||50|]Starmie||Starminite|Illuminate|Liquidation,IceSpinner,AquaJet,Protect|Adamant|||||50|]Sylveon||FairyFeather|Pixilate|HyperVoice,HyperBeam,QuickAttack,Protect|Modest||M|||50|]Raichu||RaichuniteY|LightningRod|FakeOut,FocusBlast,ZapCannon,Protect|Timid||F|||50|]Sinistcha-Masterpiece||OccaBerry|Hospitality|MatchaGotcha,LifeDew,RagePowder,TrickRoom|Bold|||||50|]Milotic||Leftovers|Competitive|Coil,Hypnosis,MuddyWater,Recover|Calm||F|||50|
|inactive|Battle timer is ON: inactive players will automatically lose when time's up. (requested by axcoquette)
|
|t:|1784087907
|teamsize|p1|4
|teamsize|p2|4
|start
|switch|p1a: Sableye|Sableye, L50, M|100/100
|switch|p1b: Scizor|Scizor, L50, M|100/100
|switch|p2a: Ceruledge|Ceruledge, L50, F|100/100
|switch|p2b: Milotic|Milotic, L50, F|100/100
|turn|1
|j| creed revival tour
|
|t:|1784087930
|detailschange|p1b: Scizor|Scizor-Mega, L50, M
|-mega|p1b: Scizor|Scizor|Scizorite
|move|p1b: Scizor|Protect|p1b: Scizor
|-singleturn|p1b: Scizor|Protect
|move|p1a: Sableye|Fake Out|p2b: Milotic
|-damage|p2b: Milotic|94/100
|move|p2a: Ceruledge|Bitter Blade|p1a: Sableye
|-damage|p1a: Sableye|42/100
|cant|p2b: Milotic|flinch
|
|-heal|p2b: Milotic|100/100|[from] item: Leftovers
|upkeep
|turn|2
|
|t:|1784087946
|move|p2a: Ceruledge|Protect|p2a: Ceruledge
|-singleturn|p2a: Ceruledge|Protect
|move|p1a: Sableye|Disable|p2a: Ceruledge
|-activate|p2a: Ceruledge|move: Protect
|move|p2b: Milotic|Muddy Water|p1a: Sableye|[spread] p1a,p1b
|-damage|p1a: Sableye|19/100
|-damage|p1b: Scizor|77/100
|-unboost|p1a: Sableye|accuracy|1
|-unboost|p1b: Scizor|accuracy|1
|move|p1b: Scizor|Swords Dance|p1b: Scizor
|-boost|p1b: Scizor|atk|2
|
|upkeep
|turn|3
|
|t:|1784087967
|move|p2a: Ceruledge|Shadow Sneak|p1a: Sableye
|-damage|p1a: Sableye|0 fnt
|faint|p1a: Sableye
|move|p2b: Milotic|Coil|p2b: Milotic
|-boost|p2b: Milotic|atk|1
|-boost|p2b: Milotic|def|1
|-boost|p2b: Milotic|accuracy|1
|move|p1b: Scizor|Bug Bite|p2b: Milotic|[miss]
|-miss|p1b: Scizor|p2b: Milotic
|
|upkeep
|
|t:|1784087980
|switch|p1a: Sinistcha|Sinistcha-Masterpiece, L50|100/100
|-heal|p1b: Scizor|100/100|[from] ability: Hospitality|[of] p1a: Sinistcha
|turn|4
|
|t:|1784087989
|switch|p1b: Archaludon|Archaludon, L50, M|100/100
|move|p2a: Ceruledge|Protect|p2a: Ceruledge
|-singleturn|p2a: Ceruledge|Protect
|move|p2b: Milotic|Coil|p2b: Milotic
|-boost|p2b: Milotic|atk|1
|-boost|p2b: Milotic|def|1
|-boost|p2b: Milotic|accuracy|1
|move|p1a: Sinistcha|Trick Room|p1a: Sinistcha
|-fieldstart|move: Trick Room|[of] p1a: Sinistcha
|
|upkeep
|turn|5
|
|t:|1784088009
|move|p1a: Sinistcha|Matcha Gotcha|p2b: Milotic|[spread] p2b
|-miss|p1a: Sinistcha|p2a: Ceruledge
|-supereffective|p2b: Milotic|1
|-crit|p2b: Milotic
|-damage|p2b: Milotic|54/100
|-status|p2b: Milotic|brn
|move|p2b: Milotic|Hypnosis|p1b: Archaludon
|-status|p1b: Archaludon|slp|[from] move: Hypnosis
|move|p2a: Ceruledge|Bitter Blade|p1a: Sinistcha
|-supereffective|p1a: Sinistcha|1
|-damage|p1a: Sinistcha|51/100
|cant|p1b: Archaludon|slp
|
|-heal|p2b: Milotic|60/100 brn|[from] item: Leftovers
|-damage|p2b: Milotic|54/100 brn|[from] brn
|upkeep
|turn|6
|
|t:|1784088034
|move|p1a: Sinistcha|Matcha Gotcha|p2b: Milotic|[spread] p2a,p2b
|-resisted|p2a: Ceruledge|1
|-supereffective|p2b: Milotic|1
|-damage|p2a: Ceruledge|90/100
|-heal|p1a: Sinistcha|56/100|[from] drain|[of] p2a: Ceruledge
|-damage|p2b: Milotic|24/100 brn
|-heal|p1a: Sinistcha|73/100|[from] drain|[of] p2b: Milotic
|move|p2b: Milotic|Recover|p2b: Milotic
|-heal|p2b: Milotic|74/100 brn
|cant|p1b: Archaludon|slp
|move|p2a: Ceruledge|Bulk Up|p2a: Ceruledge
|-boost|p2a: Ceruledge|atk|1
|-boost|p2a: Ceruledge|def|1
|
|-heal|p2b: Milotic|80/100 brn|[from] item: Leftovers
|-damage|p2b: Milotic|74/100 brn|[from] brn
|upkeep
|turn|7
|inactive|i1<i113r has 30 seconds left.
|inactive|axcoquette has 30 seconds left.
|
|t:|1784088064
|move|p1a: Sinistcha|Matcha Gotcha|p2b: Milotic|[spread] p2a,p2b
|-resisted|p2a: Ceruledge|1
|-supereffective|p2b: Milotic|1
|-damage|p2a: Ceruledge|80/100
|-heal|p1a: Sinistcha|78/100|[from] drain|[of] p2a: Ceruledge
|-damage|p2b: Milotic|42/100 brn
|-heal|p1a: Sinistcha|97/100|[from] drain|[of] p2b: Milotic
|move|p2b: Milotic|Recover|p2b: Milotic
|-heal|p2b: Milotic|92/100 brn
|move|p2a: Ceruledge|Bitter Blade|p1a: Sinistcha
|-supereffective|p1a: Sinistcha|1
|-damage|p1a: Sinistcha|18/100
|-heal|p2a: Ceruledge|100/100|[from] drain|[of] p1a: Sinistcha
|-curestatus|p1b: Archaludon|slp|[msg]
|move|p1b: Archaludon|Dragon Pulse|p2a: Ceruledge
|-damage|p2a: Ceruledge|71/100
|
|-heal|p2b: Milotic|98/100 brn|[from] item: Leftovers
|-damage|p2b: Milotic|92/100 brn|[from] brn
|upkeep
|turn|8
|
|t:|1784088089
|move|p1a: Sinistcha|Rage Powder|p1a: Sinistcha
|-singleturn|p1a: Sinistcha|move: Rage Powder
|move|p2a: Ceruledge|Shadow Sneak|p1a: Sinistcha
|-supereffective|p1a: Sinistcha|1
|-damage|p1a: Sinistcha|0 fnt
|faint|p1a: Sinistcha
|move|p2b: Milotic|Hypnosis|p1b: Archaludon
|-status|p1b: Archaludon|slp|[from] move: Hypnosis
|cant|p1b: Archaludon|slp
|
|-heal|p2b: Milotic|98/100 brn|[from] item: Leftovers
|-damage|p2b: Milotic|92/100 brn|[from] brn
|-fieldend|move: Trick Room
|upkeep
|
|t:|1784088103
|switch|p1a: Scizor|Scizor-Mega, L50, M|100/100
|turn|9
|
|t:|1784088109
|move|p1a: Scizor|Bullet Punch|p2a: Ceruledge
|-resisted|p2a: Ceruledge|1
|-damage|p2a: Ceruledge|60/100
|move|p2a: Ceruledge|Bitter Blade|p1a: Scizor
|-supereffective|p1a: Scizor|2
|-damage|p1a: Scizor|0 fnt
|-heal|p2a: Ceruledge|100/100|[from] drain|[of] p1a: Scizor
|faint|p1a: Scizor
|cant|p1b: Archaludon|slp
|move|p2b: Milotic|Hypnosis|p1b: Archaludon
|-fail|p1b: Archaludon|slp
|
|-heal|p2b: Milotic|98/100 brn|[from] item: Leftovers
|-damage|p2b: Milotic|92/100 brn|[from] brn
|upkeep
|turn|10
|
|t:|1784088126
|move|p2a: Ceruledge|Bitter Blade|p1b: Archaludon
|-crit|p1b: Archaludon
|-damage|p1b: Archaludon|36/100 slp
|-ability|p1b: Archaludon|Stamina|boost
|-boost|p1b: Archaludon|def|1
|-curestatus|p1b: Archaludon|slp|[msg]
|move|p1b: Archaludon|Dragon Pulse|p2b: Milotic
|-damage|p2b: Milotic|68/100 brn
|move|p2b: Milotic|Muddy Water|p1b: Archaludon
|-resisted|p1b: Archaludon|1
|-damage|p1b: Archaludon|21/100
|-ability|p1b: Archaludon|Stamina|boost
|-boost|p1b: Archaludon|def|1
|
|-heal|p1b: Archaludon|27/100|[from] item: Leftovers
|-heal|p2b: Milotic|74/100 brn|[from] item: Leftovers
|-damage|p2b: Milotic|68/100 brn|[from] brn
|upkeep
|turn|11
|
|t:|1784088144
|move|p2a: Ceruledge|Bitter Blade|p1b: Archaludon
|-damage|p1b: Archaludon|6/100
|-ability|p1b: Archaludon|Stamina|boost
|-boost|p1b: Archaludon|def|1
|move|p1b: Archaludon|Dragon Pulse|p2b: Milotic
|-damage|p2b: Milotic|45/100 brn
|move|p2b: Milotic|Hypnosis|p1b: Archaludon
|-status|p1b: Archaludon|slp|[from] move: Hypnosis
|
|-heal|p1b: Archaludon|12/100 slp|[from] item: Leftovers
|-heal|p2b: Milotic|51/100 brn|[from] item: Leftovers
|-damage|p2b: Milotic|45/100 brn|[from] brn
|upkeep
|turn|12
|
|t:|1784088157
|cant|p1b: Archaludon|slp
|move|p2a: Ceruledge|Bitter Blade|p1b: Archaludon
|-damage|p1b: Archaludon|0 fnt
|faint|p1b: Archaludon
|
|win|axcoquette
