|j|☆Yei_Lai
|j|☆Ayabe0119
|html|Yei_LaiAyabe0119    
|uhtml|bestof|Game 1 of a best-of-3
|t:|1785077069
|gametype|doubles
|player|p1|Yei_Lai|101|
|player|p2|Ayabe0119|unknownf|
|gen|9
|tier|[Gen 9 Champions] VGC 2026 Reg M-B (Bo3)
|rule|Species Clause: Limit one of each Pokémon
|rule|Item Clause: Limit 1 of each item
|clearpoke
|poke|p1|Charizard, L50, M|
|poke|p1|Archaludon, L50, F|
|poke|p1|Venusaur, L50, F|
|poke|p1|Pelipper, L50, F|
|poke|p1|Grimmsnarl, L50, M|
|poke|p1|Basculegion, L50, M|
|poke|p2|Charizard, L50, M|
|poke|p2|Garchomp, L50, F|
|poke|p2|Whimsicott, L50, F|
|poke|p2|Basculegion, L50, M|
|poke|p2|Floette-Eternal, L50, F|
|poke|p2|Kingambit, L50, M|
|teampreview|4
|showteam|p1|Charizard||CharizarditeY|Blaze|HeatWave,WeatherBall,SolarBeam,Protect|Modest||M|||50|]Archaludon||Leftovers|Stamina|ElectroShot,FlashCannon,DragonPulse,Protect|Modest||F|||50|]Venusaur||LifeOrb|Chlorophyll|LeafStorm,SludgeBomb,EarthPower,Protect|Modest||F|||50|]Pelipper||FocusSash|Drizzle|WeatherBall,Hurricane,Tailwind,WideGuard|Timid||F|||50|]Grimmsnarl||LightClay|Prankster|SpiritBreak,PartingShot,Reflect,LightScreen|Careful||M|||50|]Basculegion||ChoiceScarf|Adaptability|WaveCrash,FlipTurn,AquaJet,LastRespects|Jolly||M|||50|
|showteam|p2|Charizard||CharizarditeY|Blaze|HeatWave,SolarBeam,WeatherBall,Protect|Modest||M|||50|]Garchomp||LifeOrb|RoughSkin|DragonClaw,StompingTantrum,RockSlide,Protect|Jolly||F|||50|]Whimsicott||FocusSash|Prankster|Moonblast,Tailwind,Encore,Protect|Timid||F|||50|]Basculegion||MysticWater|Adaptability|WaveCrash,AquaJet,Protect,LastRespects|Adamant||M|||50|]Floette-Eternal||Floettite|FlowerVeil|Moonblast,DazzlingGleam,LightofRuin,Protect|Timid||F|||50|]Kingambit||ChopleBerry|Defiant|KowtowCleave,LowKick,SuckerPunch,IronHead|Adamant||M|||50|
|j| dd9261248
|j| allen40103
|
|t:|1785077123
|teamsize|p1|4
|teamsize|p2|4
|start
|switch|p1a: Archaludon|Archaludon, L50, F|100/100
|switch|p1b: Grimmsnarl|Grimmsnarl, L50, M|100/100
|switch|p2a: Charizard|Charizard, L50, M|100/100
|switch|p2b: Garchomp|Garchomp, L50, F|100/100
|turn|1
|
|t:|1785077161
|detailschange|p2a: Charizard|Charizard-Mega-Y, L50, M
|-mega|p2a: Charizard|Charizard|Charizardite Y
|-weather|SunnyDay|[from] ability: Drought|[of] p2a: Charizard
|move|p1a: Archaludon|Protect|p1a: Archaludon
|-singleturn|p1a: Archaludon|Protect
|move|p1b: Grimmsnarl|Light Screen|p1b: Grimmsnarl
|-sidestart|p1: Yei_Lai|move: Light Screen
|move|p2b: Garchomp|Stomping Tantrum|p1a: Archaludon
|-activate|p1a: Archaludon|move: Protect
|move|p2a: Charizard|Heat Wave|p1b: Grimmsnarl|[spread] p1b
|-activate|p1a: Archaludon|move: Protect
|-damage|p1b: Grimmsnarl|62/100
|
|-weather|SunnyDay|[upkeep]
|upkeep
|turn|2
|
|t:|1785077175
|switch|p2a: Kingambit|Kingambit, L50, M|100/100
|move|p1b: Grimmsnarl|Parting Shot|p2b: Garchomp
|-unboost|p2b: Garchomp|atk|1
|-unboost|p2b: Garchomp|spa|1
|
|t:|1785077181
|switch|p1b: Pelipper|Pelipper, L50, F|100/100|[from] Parting Shot
|-weather|RainDance|[from] ability: Drizzle|[of] p1b: Pelipper
|move|p2b: Garchomp|Stomping Tantrum|p1a: Archaludon
|-supereffective|p1a: Archaludon|1
|-damage|p1a: Archaludon|47/100
|-ability|p1a: Archaludon|Stamina|boost
|-boost|p1a: Archaludon|def|1
|-damage|p2b: Garchomp|90/100|[from] item: Life Orb
|move|p1a: Archaludon|Electro Shot||[still]
|-prepare|p1a: Archaludon|Electro Shot
|-boost|p1a: Archaludon|spa|1
|-anim|p1a: Archaludon|Electro Shot|p2a: Kingambit
|-damage|p2a: Kingambit|37/100
|
|-weather|RainDance|[upkeep]
|-heal|p1a: Archaludon|53/100|[from] item: Leftovers
|upkeep
|turn|3
|
|t:|1785077221
|switch|p2b: Floette|Floette-Eternal, L50, F|100/100
|switch|p2a: Charizard|Charizard-Mega-Y, L50, M|100/100
|-weather|SunnyDay|[from] ability: Drought|[of] p2a: Charizard
|move|p1a: Archaludon|Protect|p1a: Archaludon
|-singleturn|p1a: Archaludon|Protect
|move|p1b: Pelipper|Weather Ball|p2a: Charizard
|-resisted|p2a: Charizard|1
|-damage|p2a: Charizard|83/100
|
|-weather|SunnyDay|[upkeep]
|-heal|p1a: Archaludon|59/100|[from] item: Leftovers
|upkeep
|turn|4
|
|t:|1785077315
|switch|p1b: Grimmsnarl|Grimmsnarl, L50, M|62/100
|move|p2b: Floette|Moonblast|p1a: Archaludon
|-damage|p1a: Archaludon|25/100
|-ability|p1a: Archaludon|Stamina|boost
|-boost|p1a: Archaludon|def|1
|move|p2a: Charizard|Weather Ball|p1a: Archaludon
|-damage|p1a: Archaludon|0 fnt
|faint|p1a: Archaludon
|
|-weather|SunnyDay|[upkeep]
|upkeep
|
|t:|1785077333
|switch|p1a: Venusaur|Venusaur, L50, F|100/100
|turn|5
|
|t:|1785077379
|move|p1b: Grimmsnarl|Parting Shot|p2a: Charizard
|-unboost|p2a: Charizard|atk|1
|-unboost|p2a: Charizard|spa|1
|
|t:|1785077382
|switch|p1b: Pelipper|Pelipper, L50, F|100/100|[from] Parting Shot
|-weather|RainDance|[from] ability: Drizzle|[of] p1b: Pelipper
|move|p2b: Floette|Light of Ruin|p1b: Pelipper
|-damage|p1b: Pelipper|11/100
|-damage|p2b: Floette|59/100|[from] Recoil
|move|p1a: Venusaur|Sludge Bomb|p2a: Charizard
|-damage|p2a: Charizard|30/100
|-damage|p1a: Venusaur|90/100|[from] item: Life Orb
|move|p2a: Charizard|Heat Wave|p1a: Venusaur|[spread] p1a,p1b
|-supereffective|p1a: Venusaur|1
|-resisted|p1b: Pelipper|1
|-damage|p1a: Venusaur|71/100
|-damage|p1b: Pelipper|4/100
|
|-weather|RainDance|[upkeep]
|upkeep
|turn|6
|
|t:|1785077433
|switch|p1b: Grimmsnarl|Grimmsnarl, L50, M|62/100
|move|p2b: Floette|Moonblast|p1b: Grimmsnarl
|-supereffective|p1b: Grimmsnarl|1
|-crit|p1b: Grimmsnarl
|-damage|p1b: Grimmsnarl|0 fnt
|faint|p1b: Grimmsnarl
|move|p1a: Venusaur|Sludge Bomb|p2b: Floette
|-supereffective|p2b: Floette|1
|-damage|p2b: Floette|0 fnt
|faint|p2b: Floette
|-damage|p1a: Venusaur|61/100|[from] item: Life Orb
|move|p2a: Charizard|Weather Ball|p1a: Venusaur
|-resisted|p1a: Venusaur|1
|-damage|p1a: Venusaur|46/100
|
|-weather|RainDance|[upkeep]
|upkeep
|
|t:|1785077446
|switch|p2b: Garchomp|Garchomp, L50, F|90/100
|switch|p1b: Pelipper|Pelipper, L50, F|4/100
|turn|7
|
|t:|1785077466
|move|p1a: Venusaur|Protect|p1a: Venusaur
|-singleturn|p1a: Venusaur|Protect
|move|p2b: Garchomp|Dragon Claw|p1a: Venusaur
|-activate|p1a: Venusaur|move: Protect
|move|p1b: Pelipper|Tailwind|p1b: Pelipper
|-sidestart|p1: Yei_Lai|move: Tailwind
|move|p2a: Charizard|Weather Ball|p1b: Pelipper
|-resisted|p1b: Pelipper|1
|-damage|p1b: Pelipper|0 fnt
|faint|p1b: Pelipper
|
|-weather|RainDance|[upkeep]
|upkeep
|turn|8
|
|t:|1785077485
|switch|p2a: Kingambit|Kingambit, L50, M|37/100
|move|p1a: Venusaur|Leaf Storm|p2b: Garchomp
|-damage|p2b: Garchomp|4/100
|-unboost|p1a: Venusaur|spa|2
|-damage|p1a: Venusaur|36/100|[from] item: Life Orb
|move|p2b: Garchomp|Dragon Claw|p1a: Venusaur
|-damage|p1a: Venusaur|0 fnt
|faint|p1a: Venusaur
|-damage|p2b: Garchomp|0 fnt|[from] item: Life Orb
|faint|p2b: Garchomp
|
|win|Ayabe0119
||Yei_Lai is ready for game 2.
||Ayabe0119 is ready for game 2.
|uhtml|next|Next: Game 2 of 3
