|j|☆Luke693VGC
|j|☆Rickctrl
|html|Luke693VGCRickctrl    
|uhtml|bestof|Game 2 of a best-of-3
|t:|1756234711
|gametype|doubles
|player|p1|Luke693VGC|cyclist-gen4|1000
|player|p2|Rickctrl|1|1000
|gen|9
|tier|[Gen 9] VGC 2025 Reg H (Bo3)
|rated|
|rule|Species Clause: Limit one of each Pokémon
|rule|Item Clause: Limit 1 of each item
|clearpoke
|poke|p1|Pelipper, L50, F|
|poke|p1|Archaludon, L50, M|
|poke|p1|Sinistcha, L50|
|poke|p1|Ursaluna, L50, M|
|poke|p1|Dragonite, L50, F|
|poke|p1|Incineroar, L50, F|
|poke|p2|Bellibolt, L50, M|
|poke|p2|Incineroar, L50, M|
|poke|p2|Ninetales-Alola, L50, F|
|poke|p2|Ursaluna-Bloodmoon, L50, M|
|poke|p2|Whimsicott, L50, F|
|poke|p2|Rillaboom, L50, F|
|teampreview|4
|showteam|p1|Pelipper||FocusSash|Drizzle|MuddyWater,Hurricane,WideGuard,Tailwind|||F|||50|,,,,,Ghost]Archaludon||AssaultVest|Stamina|FlashCannon,BodyPress,ElectroShot,Snarl|||M|||50|,,,,,Fighting]Sinistcha||SitrusBerry|Hospitality|MatchaGotcha,LifeDew,RagePowder,TrickRoom||||||50|,,,,,Dark]Ursaluna||FlameOrb|Guts|Protect,Facade,HeadlongRush,Earthquake|||M|||50|,,,,,Ghost]Dragonite||LoadedDice|Multiscale|Protect,ScaleShot,Haze,Tailwind|||F|||50|,,,,,Fairy]Incineroar||SafetyGoggles|Intimidate|FlareBlitz,KnockOff,FakeOut,PartingShot|||F|||50|,,,,,Ghost
|showteam|p2|Bellibolt||Leftovers|Electromorphosis|MuddyWater,ChargeBeam,ParabolicCharge,Protect|||M|||50|,,,,,Water]Incineroar||SitrusBerry|Intimidate|WillOWisp,KnockOff,FakeOut,PartingShot|||M|||50|,,,,,Grass]Ninetales-Alola||CovertCloak|SnowWarning|AuroraVeil,Blizzard,HelpingHand,Protect|||F|||50|,,,,,Ice]Ursaluna-Bloodmoon||LifeOrb|MindsEye|BloodMoon,HyperVoice,EarthPower,Protect|||M|||50|,,,,,Normal]Whimsicott||FocusSash|Prankster|Taunt,Tailwind,Moonblast,Encore|||F|||50|,,,,,Ghost]Rillaboom||AssaultVest|GrassySurge|FakeOut,WoodHammer,GrassyGlide,HighHorsepower|||F|||50|,,,,,Ghost
|inactive|Battle timer is ON: inactive players will automatically lose when time's up. (requested by Luke693VGC)
|inactive|Rickctrl has 60 seconds left.
|
|t:|1756234757
|teamsize|p1|4
|teamsize|p2|4
|start
|switch|p1a: Ursaluna|Ursaluna, L50, M|100/100
|switch|p1b: Dragonite|Dragonite, L50, F|100/100
|switch|p2a: Bellibolt|Bellibolt, L50, M|100/100
|switch|p2b: Whimsicott|Whimsicott, L50, F, shiny|100/100
|turn|1
|inactive|Rickctrl has 30 seconds left.
|inactive|Rickctrl has 20 seconds left.
|inactive|Rickctrl has 15 seconds left.
|
|t:|1756234798
|-terastallize|p2a: Bellibolt|Water
|move|p2b: Whimsicott|Tailwind|p2b: Whimsicott
|-sidestart|p2: Rickctrl|move: Tailwind
|move|p1b: Dragonite|Tailwind|p1b: Dragonite
|-sidestart|p1: Luke693VGC|move: Tailwind
|move|p1a: Ursaluna|Headlong Rush|p2a: Bellibolt
|-damage|p2a: Bellibolt|34/100
|-unboost|p1a: Ursaluna|def|1
|-unboost|p1a: Ursaluna|spd|1
|-start|p2a: Bellibolt|Charge|Headlong Rush|[from] ability: Electromorphosis
|move|p2a: Bellibolt|Charge Beam|p1b: Dragonite
|-crit|p1b: Dragonite
|-damage|p1b: Dragonite|66/100
|-boost|p2a: Bellibolt|spa|1
|-end|p2a: Bellibolt|Charge|[silent]
|
|-heal|p2a: Bellibolt|40/100|[from] item: Leftovers
|-status|p1a: Ursaluna|brn|[from] item: Flame Orb
|upkeep
|turn|2
|inactive|Rickctrl has 30 seconds left.
|inactive|Rickctrl has 20 seconds left.
|
|t:|1756234834
|move|p2a: Bellibolt|Protect|p2a: Bellibolt
|-singleturn|p2a: Bellibolt|Protect
|move|p2b: Whimsicott|Moonblast|p1a: Ursaluna
|-damage|p1a: Ursaluna|59/100 brn
|move|p1b: Dragonite|Scale Shot|p2a: Bellibolt
|-activate|p2a: Bellibolt|move: Protect
|move|p1a: Ursaluna|Facade|p2b: Whimsicott
|-enditem|p2b: Whimsicott|Focus Sash
|-damage|p2b: Whimsicott|1/100
|
|-heal|p2a: Bellibolt|47/100|[from] item: Leftovers
|-damage|p1a: Ursaluna|53/100 brn|[from] brn
|upkeep
|turn|3
|inactive|Luke693VGC has 30 seconds left.
|inactive|Rickctrl has 30 seconds left.
|inactive|Rickctrl has 20 seconds left.
|inactive|Rickctrl has 15 seconds left.
|inactive|Rickctrl has 10 seconds left.
|inactive|Rickctrl has 5 seconds left.
|
|t:|1756234889
|switch|p1b: Archaludon|Archaludon, L50, M|100/100
|move|p2b: Whimsicott|Taunt|p1a: Ursaluna
|-start|p1a: Ursaluna|move: Taunt
|move|p1a: Ursaluna|Facade|p2b: Whimsicott
|-damage|p2b: Whimsicott|0 fnt
|faint|p2b: Whimsicott
|move|p2a: Bellibolt|Muddy Water|p1b: Archaludon|[spread] p1a,p1b
|-supereffective|p1a: Ursaluna
|-resisted|p1b: Archaludon
|-damage|p1a: Ursaluna|0 fnt
|-damage|p1b: Archaludon|85/100
|-ability|p1b: Archaludon|Stamina|boost
|-boost|p1b: Archaludon|def|1
|faint|p1a: Ursaluna
|
|-heal|p2a: Bellibolt|53/100|[from] item: Leftovers
|upkeep
|
|t:|1756234911
|switch|p2b: Ursaluna|Ursaluna-Bloodmoon, L50, M|100/100
|switch|p1a: Dragonite|Dragonite, L50, F|66/100
|turn|4
|
|t:|1756234934
|-terastallize|p1b: Archaludon|Fighting
|move|p1a: Dragonite|Scale Shot|p2a: Bellibolt|[miss]
|-miss|p1a: Dragonite|p2a: Bellibolt
|move|p1b: Archaludon|Body Press|p2b: Ursaluna
|-supereffective|p2b: Ursaluna
|-damage|p2b: Ursaluna|1/100
|move|p2b: Ursaluna|Blood Moon|p1b: Archaludon
|-damage|p1b: Archaludon|20/100
|-ability|p1b: Archaludon|Stamina|boost
|-boost|p1b: Archaludon|def|1
|-damage|p2b: Ursaluna|0 fnt|[from] item: Life Orb
|faint|p2b: Ursaluna
|move|p2a: Bellibolt|Parabolic Charge|p1b: Archaludon|[spread] p1a,p1b
|-damage|p1a: Dragonite|27/100
|-heal|p2a: Bellibolt|68/100|[from] drain|[of] p1a: Dragonite
|-damage|p1b: Archaludon|0 fnt
|-heal|p2a: Bellibolt|77/100|[from] drain|[of] p1b: Archaludon
|faint|p1b: Archaludon
|
|-heal|p2a: Bellibolt|83/100|[from] item: Leftovers
|-sideend|p2: Rickctrl|move: Tailwind
|-sideend|p1: Luke693VGC|move: Tailwind
|upkeep
|
|t:|1756234955
|switch|p1b: Pelipper|Pelipper, L50, F|100/100
|switch|p2b: Ninetales|Ninetales-Alola, L50, F|100/100
|-weather|Snowscape|[from] ability: Snow Warning|[of] p2b: Ninetales
|-weather|RainDance|[from] ability: Drizzle|[of] p1b: Pelipper
|turn|5
|
|t:|1756234979
|move|p2b: Ninetales|Helping Hand|p2a: Bellibolt
|-singleturn|p2a: Bellibolt|Helping Hand|[of] p2b: Ninetales
|move|p1b: Pelipper|Wide Guard|p1b: Pelipper
|-singleturn|p1b: Pelipper|Wide Guard
|move|p1a: Dragonite|Scale Shot|p2a: Bellibolt
|-damage|p2a: Bellibolt|69/100
|-start|p2a: Bellibolt|Charge|Scale Shot|[from] ability: Electromorphosis
|-damage|p2a: Bellibolt|55/100
|-start|p2a: Bellibolt|Charge|Scale Shot|[from] ability: Electromorphosis
|-damage|p2a: Bellibolt|41/100
|-start|p2a: Bellibolt|Charge|Scale Shot|[from] ability: Electromorphosis
|-damage|p2a: Bellibolt|27/100
|-start|p2a: Bellibolt|Charge|Scale Shot|[from] ability: Electromorphosis
|-hitcount|p2a: Bellibolt|4
|-unboost|p1a: Dragonite|def|1
|-boost|p1a: Dragonite|spe|1
|move|p2a: Bellibolt|Parabolic Charge|p1b: Pelipper|[spread] p2b
|-activate|p1a: Dragonite|move: Wide Guard
|-activate|p1b: Pelipper|move: Wide Guard
|-damage|p2b: Ninetales|0 fnt
|-heal|p2a: Bellibolt|69/100|[from] drain|[of] p2b: Ninetales
|faint|p2b: Ninetales
|-end|p2a: Bellibolt|Charge|[silent]
|
|-weather|RainDance|[upkeep]
|-heal|p2a: Bellibolt|75/100|[from] item: Leftovers
|upkeep
|turn|6
|inactive|Luke693VGC has 30 seconds left.
|inactive|Rickctrl has 30 seconds left.
|inactive|Luke693VGC has 20 seconds left.
|
|t:|1756235016
|move|p1a: Dragonite|Scale Shot|p2a: Bellibolt
|-damage|p2a: Bellibolt|62/100
|-start|p2a: Bellibolt|Charge|Scale Shot|[from] ability: Electromorphosis
|-damage|p2a: Bellibolt|48/100
|-start|p2a: Bellibolt|Charge|Scale Shot|[from] ability: Electromorphosis
|-damage|p2a: Bellibolt|35/100
|-start|p2a: Bellibolt|Charge|Scale Shot|[from] ability: Electromorphosis
|-damage|p2a: Bellibolt|23/100
|-start|p2a: Bellibolt|Charge|Scale Shot|[from] ability: Electromorphosis
|-hitcount|p2a: Bellibolt|4
|-unboost|p1a: Dragonite|def|1
|-boost|p1a: Dragonite|spe|1
|move|p1b: Pelipper|Hurricane|p2a: Bellibolt
|-damage|p2a: Bellibolt|0 fnt
|faint|p2a: Bellibolt
|
|win|Luke693VGC
