|j|☆Nacos
|j|☆juacox300
|html|Nacosjuacox300    
|uhtml|bestof|Game 3 of a best-of-3
|t:|1755458326
|gametype|doubles
|player|p1|Nacos|170|1324
|player|p2|juacox300|unknown|1357
|gen|9
|tier|[Gen 9] VGC 2025 Reg H (Bo3)
|rated|
|rule|Species Clause: Limit one of each Pokémon
|rule|Item Clause: Limit 1 of each item
|clearpoke
|poke|p1|Pelipper, L50, F|
|poke|p1|Archaludon, L50, M|
|poke|p1|Basculegion, L50, M|
|poke|p1|Sneasler, L50, M|
|poke|p1|Incineroar, L50, M|
|poke|p1|Indeedee, L50, M|
|poke|p2|Ursaluna, L50, F|
|poke|p2|Murkrow, L50, M|
|poke|p2|Archaludon, L50, M|
|poke|p2|Sneasler, L50, M|
|poke|p2|Indeedee, L50, M|
|poke|p2|Incineroar, L50, F|
|teampreview|4
|showteam|p1|Pelipper||CovertCloak|Drizzle|Tailwind,Protect,WeatherBall,Hurricane|||F|||50|,,,,,Steel]Archaludon||AssaultVest|Stamina|ElectroShot,DracoMeteor,FlashCannon,BodyPress|||M|||50|,,,,,Grass]Basculegion||ChoiceBand|SwiftSwim|WaveCrash,LastRespects,FlipTurn,AquaJet|||M|||50|,,,,,Water]Sneasler||PsychicSeed|Unburden|DireClaw,CloseCombat,ThroatChop,Protect|||M|||50|,,,,,Dark]Incineroar||SafetyGoggles|Intimidate|FakeOut,KnockOff,Taunt,PartingShot|||M|||50|,,,,,Water]Indeedee||FocusSash|PsychicSurge|ExpandingForce,TrickRoom,Imprison,Protect|||M|||50|,,,,,Fairy
|showteam|p2|Ursaluna||FlameOrb|Guts|Facade,Earthquake,Protect,HeadlongRush|||F|||50|,,,,,Ghost]Murkrow||Eviolite|Prankster|BraveBird,RainDance,Tailwind,Haze|||M|||50|,,,,,Grass]Archaludon||PowerHerb|Stamina|FlashCannon,ElectroShot,Protect,DracoMeteor|||M|||50|,,,,,Fairy]Sneasler||PsychicSeed|Unburden|DireClaw,CloseCombat,Protect,ThroatChop|||M|||50|,,,,,Flying]Indeedee||ChoiceScarf|PsychicSurge|ExpandingForce,TrickRoom,TeraBlast,Trick|||M|||50|,,,,,Fighting]Incineroar||AssaultVest|Intimidate|FlareBlitz,Uturn,KnockOff,Snarl|||F|||50|,,,,,Ghost
|
|t:|1755458381
|teamsize|p1|4
|teamsize|p2|4
|start
|switch|p1a: Pelipper|Pelipper, L50, F|100/100
|switch|p1b: Archaludon|Archaludon, L50, M|100/100
|switch|p2a: Archaludon|Archaludon, L50, M, shiny|100/100
|switch|p2b: Tommau|Sneasler, L50, M|100/100
|-weather|RainDance|[from] ability: Drizzle|[of] p1a: Pelipper
|turn|1
|
|t:|1755458401
|-terastallize|p1b: Archaludon|Grass
|move|p1a: Pelipper|Protect|p1a: Pelipper
|-singleturn|p1a: Pelipper|Protect
|move|p2b: Tommau|Dire Claw|p1a: Pelipper
|-activate|p1a: Pelipper|move: Protect
|move|p2a: Archaludon|Electro Shot||[still]
|-prepare|p2a: Archaludon|Electro Shot
|-boost|p2a: Archaludon|spa|1
|-anim|p2a: Archaludon|Electro Shot|p1a: Pelipper
|-activate|p1a: Pelipper|move: Protect
|move|p1b: Archaludon|Draco Meteor|p2a: Archaludon
|-damage|p2a: Archaludon|17/100
|-unboost|p1b: Archaludon|spa|2
|-ability|p2a: Archaludon|Stamina|boost
|-boost|p2a: Archaludon|def|1
|
|-weather|RainDance|[upkeep]
|upkeep
|turn|2
|
|t:|1755458414
|move|p2b: Tommau|Dire Claw|p1a: Pelipper
|-damage|p1a: Pelipper|34/100
|move|p1a: Pelipper|Tailwind|p1a: Pelipper
|-sidestart|p1: Nacos|move: Tailwind
|move|p1b: Archaludon|Electro Shot||[still]
|-prepare|p1b: Archaludon|Electro Shot
|-boost|p1b: Archaludon|spa|1
|-anim|p1b: Archaludon|Electro Shot|p2a: Archaludon
|-resisted|p2a: Archaludon
|-damage|p2a: Archaludon|0 fnt
|faint|p2a: Archaludon
|
|-weather|RainDance|[upkeep]
|upkeep
|
|t:|1755458417
|switch|p2a: Murkrow|Murkrow, L50, M|100/100
|turn|3
|
|t:|1755458425
|switch|p1a: Sneasler|Sneasler, L50, M|100/100
|-terastallize|p2a: Murkrow|Grass
|move|p2a: Murkrow|Tailwind|p2a: Murkrow
|-sidestart|p2: juacox300|move: Tailwind
|move|p2b: Tommau|Dire Claw|p1a: Sneasler
|-resisted|p1a: Sneasler
|-damage|p1a: Sneasler|62/100
|-status|p1a: Sneasler|par
|move|p1b: Archaludon|Electro Shot||[still]
|-prepare|p1b: Archaludon|Electro Shot
|-boost|p1b: Archaludon|spa|1
|-anim|p1b: Archaludon|Electro Shot|p2a: Murkrow
|-resisted|p2a: Murkrow
|-damage|p2a: Murkrow|81/100
|
|-weather|RainDance|[upkeep]
|upkeep
|turn|4
|
|t:|1755458433
|move|p2b: Tommau|Dire Claw|p1b: Archaludon
|-supereffective|p1b: Archaludon
|-damage|p1b: Archaludon|36/100
|-status|p1b: Archaludon|par
|-ability|p1b: Archaludon|Stamina|boost
|-boost|p1b: Archaludon|def|1
|move|p2a: Murkrow|Brave Bird|p1a: Sneasler
|-supereffective|p1a: Sneasler
|-damage|p1a: Sneasler|0 fnt
|faint|p1a: Sneasler
|-damage|p2a: Murkrow|60/100|[from] Recoil
|move|p1b: Archaludon|Electro Shot||[still]
|-prepare|p1b: Archaludon|Electro Shot
|-boost|p1b: Archaludon|spa|1
|-anim|p1b: Archaludon|Electro Shot|p2b: Tommau
|-damage|p2b: Tommau|0 fnt
|faint|p2b: Tommau
|
|-weather|RainDance|[upkeep]
|upkeep
|
|t:|1755458441
|switch|p1a: Basculegion|Basculegion, L50, M|100/100
|switch|p2b: Alfred|Indeedee, L50, M, shiny|100/100
|-fieldstart|move: Psychic Terrain|[from] ability: Psychic Surge|[of] p2b: Alfred
|turn|5
|
|t:|1755458451
|move|p1a: Basculegion|Wave Crash|p2b: Alfred
|-damage|p2b: Alfred|0 fnt
|faint|p2b: Alfred
|-damage|p1a: Basculegion|78/100|[from] Recoil
|move|p2a: Murkrow|Brave Bird|p1a: Basculegion
|-damage|p1a: Basculegion|27/100
|-damage|p2a: Murkrow|39/100|[from] Recoil
|move|p1b: Archaludon|Draco Meteor|p2a: Murkrow
|-damage|p2a: Murkrow|0 fnt
|-unboost|p1b: Archaludon|spa|2
|faint|p2a: Murkrow
|
|win|Nacos
|raw|Nacos's rating: 1324 → 1346(+22 for winning)
|raw|juacox300's rating: 1357 → 1335(-22 for losing)
|l|☆juacox300
|player|p2|
