|j|☆ferchoxx
|j|☆KKameleon8
|html|ferchoxxKKameleon8    
|uhtml|bestof|Game 2 of a best-of-3
|t:|1785893968
|gametype|doubles
|player|p1|ferchoxx|ghetsis|1334
|player|p2|KKameleon8|102|1352
|gen|9
|tier|[Gen 9 Champions] VGC 2026 Reg M-B (Bo3)
|rated|
|rule|Species Clause: Limit one of each Pokémon
|rule|Item Clause: Limit 1 of each item
|clearpoke
|poke|p1|Tyranitar, L50, M|
|poke|p1|Staraptor, L50, M|
|poke|p1|Excadrill, L50, M|
|poke|p1|Gholdengo, L50|
|poke|p1|Milotic, L50, F|
|poke|p1|Sinistcha, L50|
|poke|p2|Venusaur, L50, M|
|poke|p2|Charizard, L50, M|
|poke|p2|Archaludon, L50, F|
|poke|p2|Pelipper, L50, F|
|poke|p2|Swampert, L50, F|
|poke|p2|Sinistcha, L50|
|teampreview|4
|showteam|p1|Tyranitar||Tyranitarite|SandStream|RockSlide,KnockOff,HighHorsepower,Protect|Adamant||M|||50|]Staraptor||Staraptite|Intimidate|BraveBird,CloseCombat,Tailwind,Protect|Jolly||M|||50|]Excadrill||FocusSash|SandRush|HighHorsepower,IronHead,RockSlide,Protect|Jolly||M|||50|]Gholdengo||LifeOrb|GoodasGold|MakeItRain,ShadowBall,NastyPlot,Protect|Timid|||||50|]Milotic||SitrusBerry|Competitive|Protect,IceBeam,Scald,IcyWind|Bold||F|||50|]Sinistcha||ColburBerry|Hospitality|MatchaGotcha,RagePowder,TrickRoom,Protect|Bold|||||50|
|showteam|p2|Venusaur||FocusSash|Chlorophyll|SludgeBomb,EarthPower,SleepPowder,Protect|Modest||M|||50|]Charizard||CharizarditeY|SolarPower|Protect,HeatWave,SolarBeam,WeatherBall|Timid||M|||50|]Archaludon||Leftovers|Stamina|ElectroShot,DragonPulse,FlashCannon,Protect|Calm||F|||50|]Pelipper||SitrusBerry|Drizzle|Hurricane,WeatherBall,Tailwind,WideGuard|Modest||F|||50|]Swampert||Swampertite|Torrent|WaveCrash,Earthquake,IcePunch,Protect|Adamant||F|||50|]Sinistcha||CobaBerry|Hospitality|MatchaGotcha,RagePowder,TrickRoom,ShadowBall|Calm|||||50|
|inactive|Battle timer is ON: inactive players will automatically lose when time's up. (requested by ferchoxx)
|inactive|ferchoxx has 60 seconds left.
|inactive|KKameleon8 has 60 seconds left.
|
|t:|1785894015
|teamsize|p1|4
|teamsize|p2|4
|start
|switch|p1a: Gholdengo|Gholdengo, L50|100/100
|switch|p1b: Excadrill|Excadrill, L50, M|100/100
|switch|p2a: Pelipper|Pelipper, L50, F|100/100
|switch|p2b: Archaludon|Archaludon, L50, F|100/100
|-weather|RainDance|[from] ability: Drizzle|[of] p2a: Pelipper
|turn|1
|inactive|ferchoxx has 30 seconds left.
|inactive|ferchoxx has 20 seconds left.
|
|t:|1785894052
|move|p1b: Excadrill|Rock Slide|p2a: Pelipper|[spread] p2a
|-miss|p1b: Excadrill|p2b: Archaludon
|-supereffective|p2a: Pelipper|1
|-damage|p2a: Pelipper|55/100
|move|p1a: Gholdengo|Shadow Ball|p2a: Pelipper
|-damage|p2a: Pelipper|0 fnt
|faint|p2a: Pelipper
|-damage|p1a: Gholdengo|90/100|[from] item: Life Orb
|move|p2b: Archaludon|Flash Cannon|p1b: Excadrill
|-resisted|p1b: Excadrill|1
|-damage|p1b: Excadrill|78/100
|
|-weather|RainDance|[upkeep]
|upkeep
|
|t:|1785894071
|switch|p2a: Venusaur|Venusaur, L50, M|100/100
|turn|2
|
|t:|1785894084
|switch|p1a: Tyranitar|Tyranitar, L50, M|100/100
|-weather|Sandstorm|[from] ability: Sand Stream|[of] p1a: Tyranitar
|move|p1b: Excadrill|High Horsepower|p2b: Archaludon
|-supereffective|p2b: Archaludon|1
|-damage|p2b: Archaludon|20/100y
|-ability|p2b: Archaludon|Stamina|boost
|-boost|p2b: Archaludon|def|1
|move|p2a: Venusaur|Earth Power|p1b: Excadrill
|-supereffective|p1b: Excadrill|1
|-damage|p1b: Excadrill|2/100
|move|p2b: Archaludon|Electro Shot||[still]
|-prepare|p2b: Archaludon|Electro Shot
|-boost|p2b: Archaludon|spa|1
|
|-weather|Sandstorm|[upkeep]
|-damage|p2a: Venusaur|94/100|[from] Sandstorm
|-heal|p2b: Archaludon|26/100|[from] item: Leftovers
|upkeep
|turn|3
|inactive|ferchoxx has 30 seconds left.
|
|t:|1785894111
|switch|p2a: Sinistcha|Sinistcha, L50|100/100
|-heal|p2b: Archaludon|51/100|[from] ability: Hospitality|[of] p2a: Sinistcha
|move|p1a: Tyranitar|Protect|p1a: Tyranitar
|-singleturn|p1a: Tyranitar|Protect
|move|p1b: Excadrill|Iron Head|p2a: Sinistcha
|-damage|p2a: Sinistcha|62/100
|move|p2b: Archaludon|Electro Shot|p1a: Tyranitar|[from] lockedmove
|-activate|p1a: Tyranitar|move: Protect
|
|-weather|Sandstorm|[upkeep]
|-damage|p2a: Sinistcha|56/100|[from] Sandstorm
|-heal|p2b: Archaludon|57/100|[from] item: Leftovers
|upkeep
|turn|4
|inactive|ferchoxx has 30 seconds left.
|inactive|KKameleon8 has 30 seconds left.
|inactive|ferchoxx has 20 seconds left.
|inactive|ferchoxx has 15 seconds left.
|inactive|KKameleon8 has 20 seconds left.
|
|t:|1785894158
|switch|p1a: Milotic|Milotic, L50, F|100/100
|move|p1b: Excadrill|Rock Slide|p2a: Sinistcha|[spread] p2a,p2b
|-resisted|p2b: Archaludon|1
|-damage|p2a: Sinistcha|40/100
|-damage|p2b: Archaludon|53/100
|-ability|p2b: Archaludon|Stamina|boost
|-boost|p2b: Archaludon|def|1
|move|p2b: Archaludon|Flash Cannon|p1a: Milotic
|-resisted|p1a: Milotic|1
|-damage|p1a: Milotic|81/100
|move|p2a: Sinistcha|Matcha Gotcha|p1b: Excadrill|[spread] p1a
|-miss|p2a: Sinistcha|p1b: Excadrill
|-supereffective|p1a: Milotic|1
|-damage|p1a: Milotic|41/100
|-heal|p2a: Sinistcha|62/100|[from] drain|[of] p1a: Milotic
|-enditem|p1a: Milotic|Sitrus Berry|[eat]
|-heal|p1a: Milotic|66/100|[from] item: Sitrus Berry
|
|-weather|Sandstorm|[upkeep]
|-damage|p1a: Milotic|60/100|[from] Sandstorm
|-damage|p2a: Sinistcha|56/100|[from] Sandstorm
|-heal|p2b: Archaludon|59/100|[from] item: Leftovers
|upkeep
|turn|5
|inactive|ferchoxx has 30 seconds left.
|
|t:|1785894191
|move|p1b: Excadrill|Protect|p1b: Excadrill
|-singleturn|p1b: Excadrill|Protect
|move|p2b: Archaludon|Dragon Pulse|p1a: Milotic
|-damage|p1a: Milotic|19/100
|move|p1a: Milotic|Ice Beam|p2a: Sinistcha
|-supereffective|p2a: Sinistcha|1
|-damage|p2a: Sinistcha|17/100
|move|p2a: Sinistcha|Matcha Gotcha|p1b: Excadrill|[spread] p1a
|-activate|p1b: Excadrill|move: Protect
|-supereffective|p1a: Milotic|1
|-damage|p1a: Milotic|0 fnt
|-heal|p2a: Sinistcha|28/100|[from] drain|[of] p1a: Milotic
|faint|p1a: Milotic
|
|-weather|Sandstorm|[upkeep]
|-damage|p2a: Sinistcha|22/100|[from] Sandstorm
|-heal|p2b: Archaludon|65/100|[from] item: Leftovers
|upkeep
|
|t:|1785894209
|switch|p1a: Gholdengo|Gholdengo, L50|90/100
|turn|6
|inactive|ferchoxx has 30 seconds left.
|
|t:|1785894236
|switch|p2a: Venusaur|Venusaur, L50, M|94/100
|move|p2b: Archaludon|Protect|p2b: Archaludon
|-singleturn|p2b: Archaludon|Protect
|move|p1b: Excadrill|Iron Head|p2a: Venusaur
|-damage|p2a: Venusaur|36/100
|move|p1a: Gholdengo|Shadow Ball|p2b: Archaludon
|-activate|p2b: Archaludon|move: Protect
|
|-weather|none
|-heal|p2b: Archaludon|71/100|[from] item: Leftovers
|upkeep
|turn|7
|
|t:|1785894250
|move|p1b: Excadrill|High Horsepower|p2b: Archaludon
|-supereffective|p2b: Archaludon|1
|-damage|p2b: Archaludon|37/100
|-ability|p2b: Archaludon|Stamina|boost
|-boost|p2b: Archaludon|def|1
|move|p1a: Gholdengo|Shadow Ball|p2b: Archaludon
|-damage|p2b: Archaludon|0 fnt
|faint|p2b: Archaludon
|-damage|p1a: Gholdengo|81/100|[from] item: Life Orb
|move|p2a: Venusaur|Earth Power|p1a: Gholdengo
|-supereffective|p1a: Gholdengo|1
|-damage|p1a: Gholdengo|12/100
|
|upkeep
|
|t:|1785894256
|switch|p2b: Sinistcha|Sinistcha, L50|22/100
|-heal|p2a: Venusaur|61/100|[from] ability: Hospitality|[of] p2b: Sinistcha
|turn|8
|
|t:|1785894272
|move|p1b: Excadrill|High Horsepower|p2a: Venusaur
|-damage|p2a: Venusaur|0 fnt
|faint|p2a: Venusaur
|move|p1a: Gholdengo|Shadow Ball|p2b: Sinistcha
|-supereffective|p2b: Sinistcha|1
|-damage|p2b: Sinistcha|0 fnt
|faint|p2b: Sinistcha
|-damage|p1a: Gholdengo|2/100|[from] item: Life Orb
|
|win|ferchoxx
|raw|ferchoxx's rating: 1334 → 1355(+21 for winning)
|raw|KKameleon8's rating: 1352 → 1331(-21 for losing)
|l|☆KKameleon8
|player|p2|
