|j|☆MetaknightXIII
|j|☆bighamsterbaseball
|html|MetaknightXIIIbighamsterbaseball    
|uhtml|bestof|Game 1 of a best-of-3
|t:|1784752142
|gametype|doubles
|player|p1|MetaknightXIII|veteran|1263
|player|p2|bighamsterbaseball|pokemaniac|1148
|gen|9
|tier|[Gen 9 Champions] VGC 2026 Reg M-B (Bo3)
|rated|
|rule|Species Clause: Limit one of each Pokémon
|rule|Item Clause: Limit 1 of each item
|clearpoke
|poke|p1|Archaludon, L50, M, shiny|
|poke|p1|Mawile, L50, F, shiny|
|poke|p1|Charizard, L50, M, shiny|
|poke|p1|Pelipper, L50, F|
|poke|p1|Farigiraf, L50, F|
|poke|p1|Hydreigon, L50, M|
|poke|p2|Pyroar, L50, M|
|poke|p2|Scrafty, L50, F|
|poke|p2|Torkoal, L50, M|
|poke|p2|Venusaur, L50, F|
|poke|p2|Basculegion, L50, M|
|poke|p2|Malamar, L50, F|
|teampreview|4
|showteam|p1|Archaludon||Leftovers|Stamina|ElectroShot,FlashCannon,DragonPulse,Protect|Calm||M|||50|]Mawile||Mawilite|HyperCutter|IronHead,PlayRough,SuckerPunch,Protect|Adamant||F|||50|]Charizard||CharizarditeY|SolarPower|WeatherBall,HeatWave,SolarBeam,Protect|Modest||M|||50|]Pelipper||SitrusBerry|Drizzle|Hurricane,WeatherBall,Tailwind,WideGuard|Modest||F|||50|]Farigiraf||ColburBerry|ArmorTail|TwinBeam,Roar,Thunderbolt,TrickRoom|Bold||F|||50|]Hydreigon||LifeOrb|Levitate|DarkPulse,DracoMeteor,EarthPower,Protect|Modest||M|||50|
|showteam|p2|Pyroar||Pyroarite|Unnerve|HeatWave,Overheat,SolarBeam,Protect|Timid||M|||50|]Scrafty||Scraftinite|Intimidate|FakeOut,DrainPunch,KnockOff,IcePunch|Adamant||F|||50|]Torkoal||Leftovers|Drought|HeatWave,Yawn,HelpingHand,Protect|Relaxed||M|||50|]Venusaur||LifeOrb|Chlorophyll|LeafStorm,SludgeBomb,EarthPower,Protect|Modest||F|||50|]Basculegion||ChoiceScarf|Adaptability|WaveCrash,LastRespects,AquaJet,FlipTurn|Adamant||M|||50|]Malamar||SitrusBerry|Contrary|Superpower,RockSlide,TrickRoom,TopsyTurvy|Careful||F|||50|
|
|t:|1784752190
|teamsize|p1|4
|teamsize|p2|4
|start
|switch|p1a: Farigiraf|Farigiraf, L50, F|100/100
|switch|p1b: Mawile|Mawile, L50, F, shiny|100/100
|switch|p2a: Scrafty|Scrafty, L50, F|100/100
|switch|p2b: Malamar|Malamar, L50, F|100/100
|-ability|p2a: Scrafty|Intimidate|boost
|-unboost|p1a: Farigiraf|atk|1
|-fail|p1b: Mawile|unboost|Attack|[from] ability: Hyper Cutter|[of] p1b: Mawile
|turn|1
|
|t:|1784752209
|switch|p2b: Venusaur|Venusaur, L50, F|100/100
|switch|p2a: Torkoal|Torkoal, L50, M|100/100
|-weather|SunnyDay|[from] ability: Drought|[of] p2a: Torkoal
|detailschange|p1b: Mawile|Mawile-Mega, L50, F, shiny
|-mega|p1b: Mawile|Mawile|Mawilite
|move|p1b: Mawile|Play Rough|p2a: Torkoal|[miss]
|-miss|p1b: Mawile|p2a: Torkoal
|move|p1a: Farigiraf|Trick Room|p1a: Farigiraf
|-fieldstart|move: Trick Room|[of] p1a: Farigiraf
|
|-weather|SunnyDay|[upkeep]
|upkeep
|turn|2
|
|t:|1784752252
|switch|p1a: Pelipper|Pelipper, L50, F|100/100
|-weather|RainDance|[from] ability: Drizzle|[of] p1a: Pelipper
|move|p2a: Torkoal|Heat Wave|p1b: Mawile|[spread] p1a
|-miss|p2a: Torkoal|p1b: Mawile
|-resisted|p1a: Pelipper|1
|-damage|p1a: Pelipper|93/100
|move|p1b: Mawile|Play Rough|p2a: Torkoal
|-resisted|p2a: Torkoal|1
|-damage|p2a: Torkoal|72/100
|move|p2b: Venusaur|Leaf Storm|p1a: Pelipper
|-damage|p1a: Pelipper|0 fnt
|-unboost|p2b: Venusaur|spa|2
|faint|p1a: Pelipper
|-damage|p2b: Venusaur|90/100|[from] item: Life Orb
|
|-weather|RainDance|[upkeep]
|-heal|p2a: Torkoal|79/100|[from] item: Leftovers
|upkeep
|
|t:|1784752267
|switch|p1a: Archaludon|Archaludon, L50, M, shiny|100/100
|turn|3
|
|t:|1784752282
|move|p2b: Venusaur|Protect|p2b: Venusaur
|-singleturn|p2b: Venusaur|Protect
|move|p2a: Torkoal|Yawn|p1b: Mawile
|-start|p1b: Mawile|move: Yawn|[of] p2a: Torkoal
|move|p1b: Mawile|Iron Head|p2b: Venusaur
|-activate|p2b: Venusaur|move: Protect
|move|p1a: Archaludon|Electro Shot||[still]
|-prepare|p1a: Archaludon|Electro Shot
|-boost|p1a: Archaludon|spa|1
|-anim|p1a: Archaludon|Electro Shot|p2a: Torkoal
|-damage|p2a: Torkoal|14/100
|
|-weather|RainDance|[upkeep]
|-heal|p2a: Torkoal|20/100y|[from] item: Leftovers
|upkeep
|turn|4
|
|t:|1784752304
|switch|p2a: Malamar|Malamar, L50, F|100/100
|switch|p1b: Farigiraf|Farigiraf, L50, F|100/100
|move|p1a: Archaludon|Electro Shot||[still]
|-prepare|p1a: Archaludon|Electro Shot
|-boost|p1a: Archaludon|spa|1
|-anim|p1a: Archaludon|Electro Shot|p2a: Malamar
|-damage|p2a: Malamar|41/100
|-enditem|p2a: Malamar|Sitrus Berry|[eat]
|-heal|p2a: Malamar|66/100|[from] item: Sitrus Berry
|move|p2b: Venusaur|Earth Power|p1a: Archaludon
|-supereffective|p1a: Archaludon|1
|-damage|p1a: Archaludon|68/100
|-ability|p1a: Archaludon|Stamina|boost
|-boost|p1a: Archaludon|def|1
|-damage|p2b: Venusaur|80/100|[from] item: Life Orb
|
|-weather|RainDance|[upkeep]
|-heal|p1a: Archaludon|74/100|[from] item: Leftovers
|upkeep
|turn|5
|
|t:|1784752322
|switch|p2b: Scrafty|Scrafty, L50, F|100/100
|-ability|p2b: Scrafty|Intimidate|boost
|-unboost|p1a: Archaludon|atk|1
|-unboost|p1b: Farigiraf|atk|1
|move|p1b: Farigiraf|Twin Beam|p2b: Scrafty
|-immune|p2b: Scrafty
|move|p2a: Malamar|Topsy-Turvy|p1a: Archaludon
|-invertboost|p1a: Archaludon|[from] move: Topsy-Turvy
|move|p1a: Archaludon|Dragon Pulse|p2a: Malamar
|-damage|p2a: Malamar|50/100g
|
|-weather|RainDance|[upkeep]
|-heal|p1a: Archaludon|80/100|[from] item: Leftovers
|-fieldend|move: Trick Room
|upkeep
|turn|6
|
|t:|1784752348
|switch|p1a: Mawile|Mawile-Mega, L50, F, shiny|100/100
|detailschange|p2b: Scrafty|Scrafty-Mega, L50, F
|-mega|p2b: Scrafty|Scrafty|Scraftinite
|-ability|p2b: Scrafty|Intimidate|boost
|-unboost|p1a: Mawile|atk|1
|-unboost|p1b: Farigiraf|atk|1
|move|p2b: Scrafty|Knock Off|p1b: Farigiraf
|-supereffective|p1b: Farigiraf|1
|-enditem|p1b: Farigiraf|Colbur Berry|[eat]
|-enditem|p1b: Farigiraf|Colbur Berry|[weaken]
|-damage|p1b: Farigiraf|56/100
|move|p2a: Malamar|Superpower|p1a: Mawile
|-damage|p1a: Mawile|75/100
|-boost|p2a: Malamar|atk|1
|-boost|p2a: Malamar|def|1
|move|p1b: Farigiraf|Trick Room|p1b: Farigiraf
|-fieldstart|move: Trick Room|[of] p1b: Farigiraf
|
|-weather|none
|upkeep
|turn|7
|
|t:|1784752374
|move|p1a: Mawile|Play Rough|p2b: Scrafty|[miss]
|-miss|p1a: Mawile|p2b: Scrafty
|move|p2a: Malamar|Superpower|p1b: Farigiraf
|-damage|p1b: Farigiraf|22/100
|-boost|p2a: Malamar|atk|1
|-boost|p2a: Malamar|def|1
|move|p2b: Scrafty|Knock Off|p1b: Farigiraf
|-supereffective|p1b: Farigiraf|1
|-damage|p1b: Farigiraf|0 fnt
|faint|p1b: Farigiraf
|
|upkeep
|-message|MetaknightXIII forfeited.
|
|win|bighamsterbaseball
|l|☆MetaknightXIII
|player|p1|
||MetaknightXIII is ready for game 2.
|inactive|bighamsterbaseball has 30 seconds to confirm battle start!
||bighamsterbaseball is ready for game 2.
|uhtml|next|Next: Game 2 of 3
