|j|☆Recentclaw
|j|☆Cobrite
|html|RecentclawCobrite    
|uhtml|bestof|Game 2 of a best-of-3
|t:|1757829308
|gametype|doubles
|player|p1|Recentclaw|giovanni|1084
|player|p2|Cobrite|1|1068
|gen|9
|tier|[Gen 9] VGC 2025 Reg H (Bo3)
|rated|
|rule|Species Clause: Limit one of each Pokémon
|rule|Item Clause: Limit 1 of each item
|clearpoke
|poke|p1|Sneasler, L50, F|
|poke|p1|Dragonite, L50, M|
|poke|p1|Incineroar, L50, M|
|poke|p1|Ursaluna-Bloodmoon, L50, M|
|poke|p1|Gholdengo, L50|
|poke|p1|Amoonguss, L50, M|
|poke|p2|Archaludon, L50, M|
|poke|p2|Basculegion, L50, M|
|poke|p2|Pelipper, L50, M|
|poke|p2|Amoonguss, L50, M|
|poke|p2|Incineroar, L50, F|
|poke|p2|Maushold, L50|
|teampreview|4
|showteam|p1|Sneasler||FocusSash|Unburden|DireClaw,CloseCombat,FakeOut,Protect|||F|||50|,,,,,Fairy]Dragonite||LoadedDice|InnerFocus|Haze,ScaleShot,Tailwind,ExtremeSpeed|||M|||50|,,,,,Fairy]Incineroar||SafetyGoggles|Intimidate|FakeOut,FlareBlitz,KnockOff,PartingShot|||M|||50|,,,,,Grass]Ursaluna-Bloodmoon||AssaultVest|MindsEye|BloodMoon,EarthPower,HyperVoice,Snarl|||M|||50|,,,,,Water]Gholdengo||GrassySeed|GoodasGold|MakeItRain,ShadowBall,NastyPlot,Protect||||||50|,,,,,Dragon]Amoonguss||RoomService|Regenerator|Spore,RagePowder,PollenPuff,Protect|||M|||50|,,,,,Water
|showteam|p2|Archaludon||AssaultVest|Stamina|ElectroShot,DragonPulse,FlashCannon,BodyPress|||M|||50|,,,,,Grass]Basculegion||MysticWater|SwiftSwim|Protect,WaveCrash,AquaJet,LastRespects|||M|||50|,,,,,Water]Pelipper||FocusSash|Drizzle|Hurricane,WeatherBall,Tailwind,Protect|||M|||50|,,,,,Ghost]Amoonguss||SitrusBerry|Regenerator|Spore,RagePowder,PollenPuff,ClearSmog|||M|||50|,,,,,Water]Incineroar||SafetyGoggles|Intimidate|FakeOut,FlareBlitz,KnockOff,PartingShot|||F|||50|,,,,,Ghost]Maushold||WideLens|Technician|PopulationBomb,FollowMe,Taunt,Protect||||||50|,,,,,Grass
|inactive|Battle timer is ON: inactive players will automatically lose when time's up. (requested by Recentclaw)
|inactive|Cobrite has 60 seconds left.
|
|t:|1757829348
|teamsize|p1|4
|teamsize|p2|4
|start
|switch|p1a: Free|Dragonite, L50, M|100/100
|switch|p1b: Takedown|Sneasler, L50, F|100/100
|switch|p2a: Maushold|Maushold, L50|100/100
|switch|p2b: Amoonguss|Amoonguss, L50, M|100/100
|turn|1
|inactive|Cobrite has 30 seconds left.
|inactive|Cobrite has 20 seconds left.
|inactive|Cobrite has 15 seconds left.
|
|t:|1757829388
|move|p1b: Takedown|Fake Out|p2a: Maushold
|-damage|p2a: Maushold|80/100
|move|p2b: Amoonguss|Rage Powder|p2b: Amoonguss
|-singleturn|p2b: Amoonguss|move: Rage Powder
|cant|p2a: Maushold|flinch
|move|p1a: Free|Tailwind|p1a: Free
|-sidestart|p1: Recentclaw|move: Tailwind
|
|upkeep
|turn|2
|
|t:|1757829405
|move|p2b: Amoonguss|Rage Powder|p2b: Amoonguss
|-singleturn|p2b: Amoonguss|move: Rage Powder
|move|p1b: Takedown|Dire Claw|p2b: Amoonguss
|-damage|p2b: Amoonguss|69/100
|-status|p2b: Amoonguss|par
|move|p1a: Free|Scale Shot|p2b: Amoonguss
|-damage|p2b: Amoonguss|56/100 par
|-damage|p2b: Amoonguss|45/100 par
|-enditem|p2b: Amoonguss|Sitrus Berry|[eat]
|-heal|p2b: Amoonguss|70/100 par|[from] item: Sitrus Berry
|-damage|p2b: Amoonguss|57/100 par
|-damage|p2b: Amoonguss|45/100 par
|-hitcount|p2b: Amoonguss|4
|-unboost|p1a: Free|def|1
|-boost|p1a: Free|spe|1
|move|p2a: Maushold|Population Bomb|p1b: Takedown
|-damage|p1b: Takedown|84/100
|-damage|p1b: Takedown|64/100
|-damage|p1b: Takedown|47/100
|-damage|p1b: Takedown|29/100
|-damage|p1b: Takedown|12/100
|-damage|p1b: Takedown|0 fnt
|faint|p1b: Takedown
|-hitcount|p1: Takedown|6
|
|upkeep
|
|t:|1757829422
|switch|p1b: Soda Pop|Amoonguss, L50, M|100/100
|turn|3
|
|t:|1757829435
|-terastallize|p2a: Maushold|Grass
|move|p2b: Amoonguss|Rage Powder|p2b: Amoonguss
|-singleturn|p2b: Amoonguss|move: Rage Powder
|move|p1a: Free|Scale Shot|p2b: Amoonguss|[miss]
|-miss|p1a: Free|p2b: Amoonguss
|move|p2a: Maushold|Population Bomb|p1a: Free
|-damage|p1a: Free|82/100
|-damage|p1a: Free|64/100
|-damage|p1a: Free|47/100
|-damage|p1a: Free|30/100
|-damage|p1a: Free|13/100
|-crit|p1a: Free
|-damage|p1a: Free|0 fnt
|faint|p1a: Free
|-hitcount|p1: Free|6
|move|p1b: Soda Pop|Spore|p2a: Maushold
|-immune|p2a: Maushold
|
|upkeep
|
|t:|1757829440
|switch|p1a: Sounds Like|Ursaluna-Bloodmoon, L50, M|100/100
|turn|4
|
|t:|1757829458
|move|p2a: Maushold|Protect|p2a: Maushold
|-singleturn|p2a: Maushold|Protect
|move|p1a: Sounds Like|Hyper Voice|p2b: Amoonguss|[spread] p2b
|-activate|p2a: Maushold|move: Protect
|-damage|p2b: Amoonguss|12/100 par
|move|p1b: Soda Pop|Pollen Puff|p2a: Maushold
|-activate|p2a: Maushold|move: Protect
|move|p2b: Amoonguss|Spore|p1a: Sounds Like
|-status|p1a: Sounds Like|slp|[from] move: Spore
|
|-sideend|p1: Recentclaw|move: Tailwind
|upkeep
|turn|5
|-message|Recentclaw forfeited.
|
|win|Cobrite
|raw|Recentclaw's rating: 1084 → 1060(-24 for losing)
|raw|Cobrite's rating: 1056 → 1090(+34 for winning)
