|j|☆leomartinfa
|j|☆Gentlefish
|html|leomartinfaGentlefish    
|uhtml|bestof|Game 2 of a best-of-3
|t:|1756755063
|gametype|doubles
|player|p1|leomartinfa|101|1078
|player|p2|Gentlefish|burglar-gen1rb|1078
|gen|9
|tier|[Gen 9] VGC 2025 Reg H (Bo3)
|rated|
|rule|Species Clause: Limit one of each Pokémon
|rule|Item Clause: Limit 1 of each item
|clearpoke
|poke|p1|Glimmora, L50, F|
|poke|p1|Tyranitar, L50, M|
|poke|p1|Dondozo, L50, F|
|poke|p1|Tatsugiri, L50, M|
|poke|p1|Sneasler, L50, M|
|poke|p1|Garchomp, L50, M|
|poke|p2|Garchomp, L50, F|
|poke|p2|Weezing-Galar, L50, F|
|poke|p2|Archaludon, L50, M|
|poke|p2|Gholdengo, L50|
|poke|p2|Talonflame, L50, F|
|poke|p2|Annihilape, L50, M|
|teampreview|4
|showteam|p1|Glimmora||FocusSash|ToxicDebris|MortalSpin,ToxicSpikes,PowerGem,SpikyShield|||F|||50|,,,,,Grass]Tyranitar||AssaultVest|SandStream|RockSlide,SandTomb,KnockOff,TeraBlast|||M|||50|,,,,,Flying]Dondozo||Leftovers|Unaware|OrderUp,Dive,BodyPress,Protect|||F|||50|,,,,,Grass]Tatsugiri||ChoiceScarf|Commander|DracoMeteor,MuddyWater,HydroPump,IcyWind|||M|||50|,,,,,Water]Sneasler||BigNugget|Unburden|DireClaw,Acrobatics,Fling,FakeOut|||M|||50|,,,,,Flying]Garchomp||BrightPowder|SandVeil|StompingTantrum,Earthquake,DragonRush,Protect|||M|||50|,,,,,Ground
|showteam|p2|Garchomp||LifeOrb|RoughSkin|DragonClaw,Earthquake,StompingTantrum,Protect|||F|||50|,,,,,Ground]Weezing-Galar||FocusSash|NeutralizingGas|Protect,SludgeBomb,Taunt,StrangeSteam|||F|||50|,,,,,Flying]Archaludon||PowerHerb|Sturdy|ElectroShot,Thunderbolt,DracoMeteor,Protect|||M|||50|,,,,,Electric]Gholdengo||ChoiceSpecs|GoodasGold|ShadowBall,DazzlingGleam,PowerGem,MakeItRain||||||50|,,,,,Fairy]Talonflame||CovertCloak|GaleWings|Tailwind,DualWingbeat,Taunt,FlareBlitz|||F|||50|,,,,,Stellar]Annihilape||AssaultVest|Defiant|CloseCombat,RageFist,FinalGambit,IcePunch|||M|||50|,,,,,Grass
|inactive|Battle timer is ON: inactive players will automatically lose when time's up. (requested by leomartinfa)
|inactive|Gentlefish has 60 seconds left.
|inactive|Gentlefish has 30 seconds left.
|inactive|Gentlefish has 20 seconds left.
|inactive|Gentlefish has 15 seconds left.
|
|t:|1756755158
|teamsize|p1|4
|teamsize|p2|4
|start
|switch|p1a: Glimmora|Glimmora, L50, F|100/100
|switch|p1b: Tyranitar|Tyranitar, L50, M|100/100
|switch|p2a: Weezing|Weezing-Galar, L50, F|100/100
|switch|p2b: Garchomp|Garchomp, L50, F|100/100
|-ability|p2a: Weezing|Neutralizing Gas
|turn|1
|inactive|Gentlefish has 30 seconds left.
|
|t:|1756755188
|-terastallize|p1b: Tyranitar|Flying
|move|p2a: Weezing|Protect|p2a: Weezing
|-singleturn|p2a: Weezing|Protect
|move|p2b: Garchomp|Dragon Claw|p1b: Tyranitar
|-damage|p1b: Tyranitar|69/100
|-damage|p2b: Garchomp|91/100|[from] item: Life Orb
|move|p1a: Glimmora|Mortal Spin|p2b: Garchomp|[spread] p2b
|-activate|p2a: Weezing|move: Protect
|-resisted|p2b: Garchomp
|-damage|p2b: Garchomp|89/100
|-status|p2b: Garchomp|psn
|move|p1b: Tyranitar|Knock Off|p2b: Garchomp
|-damage|p2b: Garchomp|45/100 psn
|-enditem|p2b: Garchomp|Life Orb|[from] move: Knock Off|[of] p1b: Tyranitar
|
|-damage|p2b: Garchomp|32/100 psn|[from] psn
|upkeep
|turn|2
|inactive|Gentlefish has 30 seconds left.
|inactive|Gentlefish has 20 seconds left.
|
|t:|1756755227
|-end|p2a: Weezing|ability: Neutralizing Gas
|-weather|Sandstorm|[from] ability: Sand Stream|[of] p1b: Tyranitar
|switch|p2a: Gholdengo|Gholdengo, L50|100/100
|move|p2b: Garchomp|Dragon Claw|p1a: Glimmora
|-damage|p1a: Glimmora|48/100
|-activate|p1a: Glimmora|ability: Toxic Debris
|-sidestart|p2: Gentlefish|move: Toxic Spikes
|move|p1a: Glimmora|Toxic Spikes|p2b: Garchomp
|-sidestart|p2: Gentlefish|move: Toxic Spikes
|move|p1b: Tyranitar|Sand Tomb|p2a: Gholdengo
|-supereffective|p2a: Gholdengo
|-damage|p2a: Gholdengo|75/100
|-activate|p2a: Gholdengo|move: Sand Tomb|[of] p1b: Tyranitar
|
|-weather|Sandstorm|[upkeep]
|-damage|p1b: Tyranitar|63/100|[from] Sandstorm
|-damage|p2b: Garchomp|20/100 psn|[from] psn
|-damage|p2a: Gholdengo|62/100|[from] move: Sand Tomb|[partiallytrapped]
|upkeep
|turn|3
|inactive|Gentlefish has 30 seconds left.
|
|t:|1756755258
|switch|p2b: Weezing|Weezing-Galar, L50, F|100/100
|-ability|p2b: Weezing|Neutralizing Gas
|-sideend|p2: Gentlefish|move: Toxic Spikes|[of] p2b: Weezing
|move|p1a: Glimmora|Spiky Shield|p1a: Glimmora
|-singleturn|p1a: Glimmora|move: Protect
|move|p2a: Gholdengo|Make It Rain|p1b: Tyranitar|[spread] p1b
|-activate|p1a: Glimmora|move: Protect
|-damage|p1b: Tyranitar|19/100
|-unboost|p2a: Gholdengo|spa|1
|move|p1b: Tyranitar|Knock Off|p2a: Gholdengo
|-supereffective|p2a: Gholdengo
|-damage|p2a: Gholdengo|0 fnt
|-enditem|p2a: Gholdengo|Choice Specs|[from] move: Knock Off|[of] p1b: Tyranitar
|faint|p2a: Gholdengo
|
|-weather|Sandstorm|[upkeep]
|-damage|p2b: Weezing|95/100|[from] Sandstorm
|-damage|p1b: Tyranitar|14/100|[from] Sandstorm
|upkeep
|
|t:|1756755267
|switch|p2a: Talonflame|Talonflame, L50, F|100/100
|turn|4
|
|t:|1756755281
|move|p2b: Weezing|Protect|p2b: Weezing
|-singleturn|p2b: Weezing|Protect
|move|p2a: Talonflame|Dual Wingbeat|p1b: Tyranitar
|-damage|p1b: Tyranitar|5/100
|-damage|p1b: Tyranitar|0 fnt
|faint|p1b: Tyranitar
|-hitcount|p1: Tyranitar|2
|move|p1a: Glimmora|Power Gem|p2a: Talonflame
|-supereffective|p2a: Talonflame
|-damage|p2a: Talonflame|0 fnt
|faint|p2a: Talonflame
|
|-weather|Sandstorm|[upkeep]
|-damage|p2b: Weezing|89/100|[from] Sandstorm
|upkeep
|
|t:|1756755288
|switch|p2a: Garchomp|Garchomp, L50, F|20/100 psn
|switch|p1b: Dondozo|Dondozo, L50, F|100/100
|turn|5
|inactive|leomartinfa has 30 seconds left.
|
|t:|1756755321
|-terastallize|p2b: Weezing|Flying
|move|p1b: Dondozo|Protect|p1b: Dondozo
|-singleturn|p1b: Dondozo|Protect
|move|p2a: Garchomp|Earthquake|p1b: Dondozo|[spread] p1a
|-activate|p1b: Dondozo|move: Protect
|-immune|p2b: Weezing
|-supereffective|p1a: Glimmora
|-damage|p1a: Glimmora|0 fnt
|faint|p1a: Glimmora
|move|p2b: Weezing|Sludge Bomb|p1b: Dondozo
|-activate|p1b: Dondozo|move: Protect
|
|-weather|Sandstorm|[upkeep]
|-damage|p2b: Weezing|83/100|[from] Sandstorm
|-damage|p1b: Dondozo|94/100|[from] Sandstorm
|-heal|p1b: Dondozo|100/100|[from] item: Leftovers
|-damage|p2a: Garchomp|7/100 psn|[from] psn
|upkeep
|
|t:|1756755337
|switch|p1a: Tatsugiri|Tatsugiri, L50, M|100/100
|turn|6
|
|t:|1756755356
|move|p2a: Garchomp|Protect|p2a: Garchomp
|-singleturn|p2a: Garchomp|Protect
|move|p1a: Tatsugiri|Icy Wind|p2b: Weezing|[spread] p2b
|-activate|p2a: Garchomp|move: Protect
|-supereffective|p2b: Weezing
|-damage|p2b: Weezing|34/100
|-unboost|p2b: Weezing|spe|1
|move|p2b: Weezing|Strange Steam|p1a: Tatsugiri
|-supereffective|p1a: Tatsugiri
|-damage|p1a: Tatsugiri|0 fnt
|faint|p1a: Tatsugiri
|move|p1b: Dondozo|Dive||[still]
|-prepare|p1b: Dondozo|Dive
|
|-weather|none
|-damage|p2a: Garchomp|0 fnt|[from] psn
|faint|p2a: Garchomp
|upkeep
|turn|7
|
|t:|1756755368
|move|p2b: Weezing|Protect|p2b: Weezing
|-singleturn|p2b: Weezing|Protect
|move|p1b: Dondozo|Dive|p2b: Weezing|[from] lockedmove
|-activate|p2b: Weezing|move: Protect
|
|upkeep
|turn|8
|
|t:|1756755381
|move|p2b: Weezing|Strange Steam|p1b: Dondozo
|-damage|p1b: Dondozo|74/100
|move|p1b: Dondozo|Order Up|p2b: Weezing
|-damage|p2b: Weezing|12/100
|
|-heal|p1b: Dondozo|80/100|[from] item: Leftovers
|upkeep
|turn|9
|
|t:|1756755386
|move|p1b: Dondozo|Protect|p1b: Dondozo
|-singleturn|p1b: Dondozo|Protect
|move|p2b: Weezing|Strange Steam|p1b: Dondozo
|-activate|p1b: Dondozo|move: Protect
|
|-heal|p1b: Dondozo|86/100|[from] item: Leftovers
|upkeep
|turn|10
|
|t:|1756755390
|move|p2b: Weezing|Strange Steam|p1b: Dondozo
|-damage|p1b: Dondozo|59/100
|move|p1b: Dondozo|Order Up|p2b: Weezing
|-damage|p2b: Weezing|0 fnt
|faint|p2b: Weezing
|-end|p2b: Weezing|ability: Neutralizing Gas
|
|win|leomartinfa
||Gentlefish is ready for game 3.
||leomartinfa is ready for game 3.
|uhtml|next|Next: Game 3 of 3
|l|☆leomartinfa
|player|p1|
