|j|☆Sunside
|j|☆BTAxRichi
|html|SunsideBTAxRichi    
|uhtml|bestof|Game 1 of a best-of-3
|t:|1785670037
|gametype|doubles
|player|p1|Sunside|pokemonbreeder-gen4|1055
|player|p2|BTAxRichi|169|1013
|gen|9
|tier|[Gen 9 Champions] VGC 2026 Reg M-B (Bo3)
|rated|
|rule|Species Clause: Limit one of each Pokémon
|rule|Item Clause: Limit 1 of each item
|clearpoke
|poke|p1|Dragapult, L50, F|
|poke|p1|Ninetales-Alola, L50, M|
|poke|p1|Lycanroc-Dusk, L50, F|
|poke|p1|Kingambit, L50, M|
|poke|p1|Scovillain, L50, M|
|poke|p1|Raichu, L50, F|
|poke|p2|Swampert, L50, M, shiny|
|poke|p2|Politoed, L50, F, shiny|
|poke|p2|Decidueye-Hisui, L50, F, shiny|
|poke|p2|Rotom-Frost, L50, shiny|
|poke|p2|Delphox, L50, F, shiny|
|poke|p2|Altaria, L50, M, shiny|
|teampreview|4
|showteam|p1|Dragapult||DragonFang|ClearBody|DragonDance,DragonDarts,PhantomForce,Protect|Jolly||F|||50|]Ninetales-Alola||NeverMeltIce|SnowWarning|Blizzard,FreezeDry,IcyWind,Protect|Timid||M|||50|]Lycanroc-Dusk||FocusSash|ToughClaws|RockSlide,CloseCombat,Accelerock,Protect|Jolly||F|||50|]Kingambit||LifeOrb|Defiant|KowtowCleave,IronHead,SuckerPunch,Protect|Adamant||M|||50|]Scovillain||Scovillainite|Moody|RagePowder,Overheat,GigaDrain,Protect|Bold||M|||50|]Raichu||RaichuniteY|Static|FakeOut,ZapCannon,FocusBlast,Protect|Timid||F|||50|
|showteam|p2|Swampert||Swampertite|Torrent|WaveCrash,Earthquake,IcePunch,FlipTurn|Brave||M|||50|]Politoed||DampRock|Drizzle|HydroPump,Psychic,Haze,RainDance|Sassy||F|||50|]Decidueye-Hisui||LifeOrb|Scrappy|SeedBomb,BrickBreak,Uturn,Roost|Brave||F|||50|]Rotom-Frost||Leftovers|Levitate|DarkPulse,ShadowBall,Blizzard,Thunder|Quiet|||||50|]Delphox||FocusSash|Magician|FireBlast,TrickRoom,ThunderPunch,Psychic|Quiet||F|||50|]Altaria||Altarianite|NaturalCure|AlluringVoice,DracoMeteor,Flamethrower,Defog|Relaxed||M|||50|
|
|t:|1785670083
|teamsize|p1|4
|teamsize|p2|4
|start
|switch|p1a: Dragapult|Dragapult, L50, F|100/100
|switch|p1b: Raichu|Raichu, L50, F|100/100
|switch|p2a: Delphox|Delphox, L50, F, shiny|100/100
|switch|p2b: Decidueye|Decidueye-Hisui, L50, F, shiny|100/100
|turn|1
|inactive|Battle timer is ON: inactive players will automatically lose when time's up. (requested by Sunside)
|
|t:|1785670108
|detailschange|p1b: Raichu|Raichu-Mega-Y, L50, F
|-mega|p1b: Raichu|Raichu|Raichunite Y
|move|p1b: Raichu|Fake Out|p2a: Delphox
|-damage|p2a: Delphox|88/100
|move|p1a: Dragapult|Dragon Dance|p1a: Dragapult
|-boost|p1a: Dragapult|atk|1
|-boost|p1a: Dragapult|spe|1
|move|p2b: Decidueye|U-turn|p1a: Dragapult
|-resisted|p1a: Dragapult|1
|-damage|p1a: Dragapult|80/100
|-damage|p2b: Decidueye|90/100|[from] item: Life Orb
|
|t:|1785670121
|switch|p2b: Swampert|Swampert, L50, M, shiny|100/100|[from] U-turn
|cant|p2a: Delphox|flinch
|
|upkeep
|turn|2
|
|t:|1785670135
|detailschange|p2b: Swampert|Swampert-Mega, L50, M, shiny
|-mega|p2b: Swampert|Swampert|Swampertite
|move|p1a: Dragapult|Dragon Darts|p2a: Delphox
|-damage|p2a: Delphox|18/100
|-anim|p1a: Dragapult|Dragon Darts|p2b: Swampert
|-damage|p2b: Swampert|62/100
|move|p1b: Raichu|Focus Blast|p2b: Swampert
|-damage|p2b: Swampert|25/100
|move|p2b: Swampert|Ice Punch|p1a: Dragapult
|-supereffective|p1a: Dragapult|1
|-damage|p1a: Dragapult|0 fnt
|faint|p1a: Dragapult
|move|p2a: Delphox|Trick Room|p2a: Delphox
|-fieldstart|move: Trick Room|[of] p2a: Delphox
|
|upkeep
|inactive|Sunside has 30 seconds left.
|inactive|Sunside has 20 seconds left.
|
|t:|1785670171
|switch|p1a: Ninetales|Ninetales-Alola, L50, M|100/100
|-weather|Snowscape|[from] ability: Snow Warning|[of] p1a: Ninetales
|turn|3
|
|t:|1785670180
|switch|p1b: Lycanroc|Lycanroc-Dusk, L50, F|100/100
|move|p1a: Ninetales|Protect|p1a: Ninetales
|-singleturn|p1a: Ninetales|Protect
|move|p2b: Swampert|Earthquake|p1b: Lycanroc|[spread] p2a,p1b
|-activate|p1a: Ninetales|move: Protect
|-supereffective|p2a: Delphox|1
|-supereffective|p1b: Lycanroc|1
|-damage|p2a: Delphox|0 fnt
|-enditem|p1b: Lycanroc|Focus Sash
|-damage|p1b: Lycanroc|1/100
|faint|p2a: Delphox
|
|-weather|Snowscape|[upkeep]
|upkeep
|
|t:|1785670193
|switch|p2a: Politoed|Politoed, L50, F, shiny|100/100
|-weather|RainDance|[from] ability: Drizzle|[of] p2a: Politoed
|turn|4
|
|t:|1785670204
|switch|p1a: Raichu|Raichu-Mega-Y, L50, F|100/100
|move|p1b: Lycanroc|Protect|p1b: Lycanroc
|-singleturn|p1b: Lycanroc|Protect
|move|p2a: Politoed|Psychic|p1b: Lycanroc
|-activate|p1b: Lycanroc|move: Protect
|move|p2b: Swampert|Earthquake|p1b: Lycanroc|[spread] p2a,p1a
|-activate|p1b: Lycanroc|move: Protect
|-supereffective|p1a: Raichu|1
|-damage|p2a: Politoed|46/100
|-damage|p1a: Raichu|0 fnt
|faint|p1a: Raichu
|
|-weather|RainDance|[upkeep]
|upkeep
|
|t:|1785670213
|switch|p1a: Ninetales|Ninetales-Alola, L50, M|100/100
|-weather|Snowscape|[from] ability: Snow Warning|[of] p1a: Ninetales
|turn|5
|
|t:|1785670221
|move|p1b: Lycanroc|Accelerock|p2a: Politoed
|-damage|p2a: Politoed|17/100
|move|p2b: Swampert|Earthquake|p1a: Ninetales|[spread] p2a,p1a,p1b
|-supereffective|p1b: Lycanroc|1
|-damage|p2a: Politoed|0 fnt
|-damage|p1a: Ninetales|51/100
|-damage|p1b: Lycanroc|0 fnt
|faint|p2a: Politoed
|faint|p1b: Lycanroc
|move|p1a: Ninetales|Blizzard|p2b: Swampert
|-damage|p2b: Swampert|0 fnt
|faint|p2b: Swampert
|
|-weather|Snowscape|[upkeep]
|upkeep
|
|t:|1785670242
|switch|p2b: Decidueye|Decidueye-Hisui, L50, F, shiny|90/100
|turn|6
|
|t:|1785670248
|move|p1a: Ninetales|Protect|p1a: Ninetales
|-singleturn|p1a: Ninetales|Protect
|move|p2b: Decidueye|Brick Break|p1a: Ninetales
|-activate|p1a: Ninetales|move: Protect
|
|-weather|Snowscape|[upkeep]
|-fieldend|move: Trick Room
|upkeep
|turn|7
|
|t:|1785670256
|move|p1a: Ninetales|Blizzard|p2b: Decidueye
|-supereffective|p2b: Decidueye|1
|-damage|p2b: Decidueye|0 fnt
|faint|p2b: Decidueye
|
|win|Sunside
||BTAxRichi is ready for game 2.
|l|☆BTAxRichi
|player|p2|
|inactive|Sunside has 30 seconds to confirm battle start!
|inactive|Sunside has 20 seconds to confirm battle start!
||Sunside is ready for game 2.
|uhtml|next|Next: Game 2 of 3
