|j|☆birooooo
|j|☆monsoonisbest
|html|birooooomonsoonisbest    
|uhtml|bestof|Game 1 of a best-of-3
|t:|1784462827
|gametype|doubles
|player|p1|birooooo|102|1275
|player|p2|monsoonisbest|101|1249
|gen|9
|tier|[Gen 9 Champions] VGC 2026 Reg M-B (Bo3)
|rated|
|rule|Species Clause: Limit one of each Pokémon
|rule|Item Clause: Limit 1 of each item
|clearpoke
|poke|p1|Mr. Rime, L50, M|
|poke|p1|Raichu, L50, M|
|poke|p1|Floette-Eternal, L50, F|
|poke|p1|Incineroar, L50, M|
|poke|p1|Ceruledge, L50, M|
|poke|p1|Sinistcha, L50|
|poke|p2|Gengar, L50, M|
|poke|p2|Swampert, L50, F|
|poke|p2|Incineroar, L50, M|
|poke|p2|Politoed, L50, F|
|poke|p2|Archaludon, L50, M|
|poke|p2|Vivillon-Monsoon, L50, M|
|teampreview|4
|showteam|p1|Mr. Rime||FocusSash|ScreenCleaner|FreezeDry,Protect,SheerCold,RolePlay|Timid||M|||50|]Raichu||RaichuniteY|LightningRod|FakeOut,ZapCannon,FocusBlast,Protect|Timid||M|||50|]Floette-Eternal||Floettite|FlowerVeil|Moonblast,DazzlingGleam,CalmMind,Protect|Timid||F|||50|]Incineroar||SitrusBerry|Intimidate|FakeOut,ThroatChop,FlareBlitz,PartingShot|Impish||M|||50|]Ceruledge||ColburBerry|FlashFire|BitterBlade,ShadowSneak,Protect,BulkUp|Adamant||M|||50|]Sinistcha||KasibBerry|Hospitality|MatchaGotcha,Protect,LifeDew,RagePowder|Bold|||||50|
|showteam|p2|Gengar||Gengarite|CursedBody|ShadowBall,PerishSong,SludgeBomb,Protect|Timid||M|||50|]Swampert||Swampertite|Damp|WaveCrash,Earthquake,IcePunch,Protect|Adamant||F|||50|]Incineroar||PasshoBerry|Intimidate|ThroatChop,PartingShot,FakeOut,Protect|Sassy||M|||50|]Politoed||SitrusBerry|Drizzle|WeatherBall,PerishSong,Encore,Protect|Calm||F|||50|]Archaludon||Leftovers|Stamina|DragonPulse,FlashCannon,ElectroShot,Protect|Bold||M|||50|]Vivillon-Monsoon||FocusSash|CompoundEyes|Hurricane,SleepPowder,RagePowder,Protect|Timid||M|||50|
|inactive|Battle timer is ON: inactive players will automatically lose when time's up. (requested by birooooo)
|
|t:|1784462855
|teamsize|p1|4
|teamsize|p2|4
|start
|switch|p1a: Raichu|Raichu, L50, M|100/100
|switch|p1b: Mr. Rime|Mr. Rime, L50, M|100/100
|switch|p2a: Vivillon|Vivillon-Monsoon, L50, M|100/100
|switch|p2b: Swampert|Swampert, L50, F|100/100
|turn|1
|inactive|birooooo has 30 seconds left.
|
|t:|1784462885
|detailschange|p1a: Raichu|Raichu-Mega-Y, L50, M
|-mega|p1a: Raichu|Raichu|Raichunite Y
|move|p2b: Swampert|Protect|p2b: Swampert
|-singleturn|p2b: Swampert|Protect
|move|p1a: Raichu|Zap Cannon|p2a: Vivillon
|-supereffective|p2a: Vivillon|1
|-crit|p2a: Vivillon
|-enditem|p2a: Vivillon|Focus Sash
|-damage|p2a: Vivillon|1/100
|-status|p2a: Vivillon|par
|move|p1b: Mr. Rime|Freeze-Dry|p2b: Swampert
|-activate|p2b: Swampert|move: Protect
|move|p2a: Vivillon|Sleep Powder|p1b: Mr. Rime
|-status|p1b: Mr. Rime|slp|[from] move: Sleep Powder
|
|upkeep
|turn|2
|
|t:|1784462903
|detailschange|p2b: Swampert|Swampert-Mega, L50, F
|-mega|p2b: Swampert|Swampert|Swampertite
|move|p1a: Raichu|Protect|p1a: Raichu
|-singleturn|p1a: Raichu|Protect
|cant|p2a: Vivillon|par
|cant|p1b: Mr. Rime|slp
|move|p2b: Swampert|Earthquake|p1b: Mr. Rime|[spread] p1b
|-activate|p1a: Raichu|move: Protect
|-immune|p2a: Vivillon
|-damage|p1b: Mr. Rime|36/100 slp
|
|upkeep
|turn|3
|
|t:|1784462915
|switch|p1a: Sinistcha|Sinistcha, L50|100/100
|-heal|p1b: Mr. Rime|61/100 slp|[from] ability: Hospitality|[of] p1a: Sinistcha
|move|p2a: Vivillon|Rage Powder|p2a: Vivillon
|-singleturn|p2a: Vivillon|move: Rage Powder
|cant|p1b: Mr. Rime|slp
|move|p2b: Swampert|Earthquake|p1b: Mr. Rime|[spread] p1a,p1b
|-immune|p2a: Vivillon
|-resisted|p1a: Sinistcha|1
|-damage|p1a: Sinistcha|81/100
|-damage|p1b: Mr. Rime|0 fnt
|faint|p1b: Mr. Rime
|
|upkeep
|
|t:|1784462923
|switch|p1b: Incineroar|Incineroar, L50, M|100/100
|-ability|p1b: Incineroar|Intimidate|boost
|-unboost|p2a: Vivillon|atk|1
|-unboost|p2b: Swampert|atk|1
|turn|4
|
|t:|1784462935
|switch|p1b: Raichu|Raichu-Mega-Y, L50, M|100/100
|move|p2b: Swampert|Ice Punch|p1a: Sinistcha
|-supereffective|p1a: Sinistcha|1
|-damage|p1a: Sinistcha|46/100
|move|p1a: Sinistcha|Matcha Gotcha|p2a: Vivillon|[spread] p2a,p2b
|-resisted|p2a: Vivillon|2
|-supereffective|p2b: Swampert|2
|-damage|p2a: Vivillon|0 fnt
|-heal|p1a: Sinistcha|47/100|[from] drain|[of] p2a: Vivillon
|-damage|p2b: Swampert|14/100
|-heal|p1a: Sinistcha|91/100|[from] drain|[of] p2b: Swampert
|faint|p2a: Vivillon
|
|upkeep
|
|t:|1784462941
|switch|p2a: Politoed|Politoed, L50, F|100/100
|-weather|RainDance|[from] ability: Drizzle|[of] p2a: Politoed
|turn|5
|
|t:|1784462952
|switch|p2b: Archaludon|Archaludon, L50, M|100/100
|switch|p1b: Incineroar|Incineroar, L50, M|100/100
|-ability|p1b: Incineroar|Intimidate|boost
|-unboost|p2a: Politoed|atk|1
|-unboost|p2b: Archaludon|atk|1
|move|p2a: Politoed|Weather Ball|p1a: Sinistcha
|-resisted|p1a: Sinistcha|1
|-damage|p1a: Sinistcha|65/100
|move|p1a: Sinistcha|Matcha Gotcha|p2a: Politoed|[spread] p2a,p2b
|-supereffective|p2a: Politoed|1
|-resisted|p2b: Archaludon|2
|-damage|p2a: Politoed|62/100
|-heal|p1a: Sinistcha|86/100|[from] drain|[of] p2a: Politoed
|-damage|p2b: Archaludon|94/100
|-heal|p1a: Sinistcha|89/100|[from] drain|[of] p2b: Archaludon
|-status|p2a: Politoed|brn
|-ability|p2b: Archaludon|Stamina|boost
|-boost|p2b: Archaludon|def|1
|
|-weather|RainDance|[upkeep]
|-heal|p2b: Archaludon|100/100|[from] item: Leftovers
|-damage|p2a: Politoed|56/100 brn|[from] brn
|upkeep
|turn|6
|
|t:|1784462966
|move|p2b: Archaludon|Electro Shot||[still]
|-prepare|p2b: Archaludon|Electro Shot
|-boost|p2b: Archaludon|spa|1
|-anim|p2b: Archaludon|Electro Shot|p1a: Sinistcha
|-resisted|p1a: Sinistcha|1
|-damage|p1a: Sinistcha|61/100
|move|p2a: Politoed|Weather Ball|p1b: Incineroar
|-supereffective|p1b: Incineroar|1
|-damage|p1b: Incineroar|16/100
|-enditem|p1b: Incineroar|Sitrus Berry|[eat]
|-heal|p1b: Incineroar|41/100|[from] item: Sitrus Berry
|move|p1a: Sinistcha|Matcha Gotcha|p2a: Politoed|[spread] p2b
|-miss|p1a: Sinistcha|p2a: Politoed
|-resisted|p2b: Archaludon|2
|-damage|p2b: Archaludon|94/100
|-heal|p1a: Sinistcha|64/100|[from] drain|[of] p2b: Archaludon
|-ability|p2b: Archaludon|Stamina|boost
|-boost|p2b: Archaludon|def|1
|move|p1b: Incineroar|Parting Shot|p2b: Archaludon
|-unboost|p2b: Archaludon|atk|1
|-unboost|p2b: Archaludon|spa|1
|
|t:|1784462983
|switch|p1b: Raichu|Raichu-Mega-Y, L50, M|100/100|[from] Parting Shot
|
|-weather|RainDance|[upkeep]
|-heal|p2b: Archaludon|100/100|[from] item: Leftovers
|-damage|p2a: Politoed|50/100g brn|[from] brn
|upkeep
|turn|7
|
|t:|1784462989
|move|p2b: Archaludon|Protect|p2b: Archaludon
|-singleturn|p2b: Archaludon|Protect
|move|p1b: Raichu|Focus Blast|p2b: Archaludon
|-activate|p2b: Archaludon|move: Protect
|move|p2a: Politoed|Weather Ball|p1b: Raichu
|-damage|p1b: Raichu|42/100
|move|p1a: Sinistcha|Matcha Gotcha|p2b: Archaludon|[spread] p2a
|-activate|p2b: Archaludon|move: Protect
|-supereffective|p2a: Politoed|1
|-damage|p2a: Politoed|9/100 brn
|-heal|p1a: Sinistcha|86/100|[from] drain|[of] p2a: Politoed
|-enditem|p2a: Politoed|Sitrus Berry|[eat]
|-heal|p2a: Politoed|34/100 brn|[from] item: Sitrus Berry
|
|-weather|RainDance|[upkeep]
|-damage|p2a: Politoed|28/100 brn|[from] brn
|upkeep
|turn|8
|
|t:|1784462999
|move|p1b: Raichu|Focus Blast|p2b: Archaludon
|-supereffective|p2b: Archaludon|1
|-damage|p2b: Archaludon|18/100
|-ability|p2b: Archaludon|Stamina|boost
|-boost|p2b: Archaludon|def|1
|move|p2b: Archaludon|Electro Shot||[still]
|-prepare|p2b: Archaludon|Electro Shot
|-boost|p2b: Archaludon|spa|1
|-anim|p2b: Archaludon|Electro Shot|p1a: Sinistcha
|-resisted|p1a: Sinistcha|1
|-damage|p1a: Sinistcha|58/100
|move|p2a: Politoed|Weather Ball|p1b: Raichu
|-damage|p1b: Raichu|0 fnt
|faint|p1b: Raichu
|move|p1a: Sinistcha|Matcha Gotcha|p2a: Politoed|[spread] p2b
|-miss|p1a: Sinistcha|p2a: Politoed
|-resisted|p2b: Archaludon|2
|-damage|p2b: Archaludon|13/100
|-heal|p1a: Sinistcha|61/100|[from] drain|[of] p2b: Archaludon
|-ability|p2b: Archaludon|Stamina|boost
|-boost|p2b: Archaludon|def|1
|
|-weather|RainDance|[upkeep]
|-heal|p2b: Archaludon|19/100|[from] item: Leftovers
|-damage|p2a: Politoed|22/100 brn|[from] brn
|upkeep
|
|t:|1784463004
|switch|p1b: Incineroar|Incineroar, L50, M|41/100
|-ability|p1b: Incineroar|Intimidate|boost
|-unboost|p2a: Politoed|atk|1
|-unboost|p2b: Archaludon|atk|1
|turn|9
|
|t:|1784463013
|move|p1b: Incineroar|Fake Out|p2a: Politoed
|-damage|p2a: Politoed|13/100 brn
|move|p2b: Archaludon|Electro Shot||[still]
|-prepare|p2b: Archaludon|Electro Shot
|-boost|p2b: Archaludon|spa|1
|-anim|p2b: Archaludon|Electro Shot|p1b: Incineroar
|-damage|p1b: Incineroar|0 fnt
|faint|p1b: Incineroar
|cant|p2a: Politoed|flinch
|move|p1a: Sinistcha|Matcha Gotcha|p2a: Politoed|[spread] p2a,p2b
|-supereffective|p2a: Politoed|1
|-resisted|p2b: Archaludon|2
|-damage|p2a: Politoed|0 fnt
|-heal|p1a: Sinistcha|68/100|[from] drain|[of] p2a: Politoed
|-damage|p2b: Archaludon|14/100
|-heal|p1a: Sinistcha|71/100|[from] drain|[of] p2b: Archaludon
|-ability|p2b: Archaludon|Stamina|boost
|-boost|p2b: Archaludon|def|1
|faint|p2a: Politoed
|
|-weather|none
|-heal|p2b: Archaludon|20/100y|[from] item: Leftovers
|upkeep
|
|t:|1784463016
|switch|p2a: Swampert|Swampert-Mega, L50, F|14/100
|turn|10
|
|t:|1784463020
|move|p2a: Swampert|Ice Punch|p1a: Sinistcha
|-supereffective|p1a: Sinistcha|1
|-damage|p1a: Sinistcha|24/100
|move|p2b: Archaludon|Dragon Pulse|p1a: Sinistcha
|-damage|p1a: Sinistcha|0 fnt
|faint|p1a: Sinistcha
|
|win|monsoonisbest
