|j|☆Iche8647/5
|j|☆szczurek2137
|html|Iche8647/5szczurek2137    
|uhtml|bestof|Game 1 of a best-of-3
|t:|1785412890
|gametype|doubles
|player|p1|Iche8647/5|266|1041
|player|p2|szczurek2137|169|1050
|gen|9
|tier|[Gen 9 Champions] VGC 2026 Reg M-B (Bo3)
|rated|
|rule|Species Clause: Limit one of each Pokémon
|rule|Item Clause: Limit 1 of each item
|clearpoke
|poke|p1|Pikachu, L50, M|
|poke|p1|Tyranitar, L50, F|
|poke|p1|Blaziken, L50, F|
|poke|p1|Excadrill, L50, M|
|poke|p1|Milotic, L50, M|
|poke|p1|Sinistcha-Masterpiece, L50|
|poke|p2|Staraptor, L50, M|
|poke|p2|Milotic, L50, F|
|poke|p2|Tyranitar, L50, M|
|poke|p2|Gholdengo, L50|
|poke|p2|Excadrill, L50, M|
|poke|p2|Sinistcha, L50|
|teampreview|4
|showteam|p1|Pikachu||LightBall|LightningRod|FakeOut,Thunderbolt,VoltSwitch,AlluringVoice|Hasty||M|||50|]Tyranitar||Tyranitarite|SandStream|KnockOff,RockSlide,Protect,HighHorsepower|Jolly||F|||50|]Blaziken||Blazikenite|SpeedBoost|FlareBlitz,CloseCombat,PoisonJab,Protect|Adamant||F|||50|]Excadrill||FocusSash|SandRush|HighHorsepower,IronHead,RockSlide,Protect|Jolly||M|||50|]Milotic||SitrusBerry|Competitive|Scald,IcyWind,IceBeam,Protect|Calm||M|||50|]Sinistcha-Masterpiece||KasibBerry|Hospitality|MatchaGotcha,ShadowBall,RagePowder,Protect|Bold|||||50|
|showteam|p2|Staraptor||Staraptite|Intimidate|BraveBird,CloseCombat,Tailwind,Protect|Adamant||M|||50|]Milotic||SitrusBerry|Competitive|Scald,Haze,IcyWind,Recover|Modest||F|||50|]Tyranitar||Tyranitarite|SandStream|RockSlide,KnockOff,LowKick,Protect|Adamant||M|||50|]Gholdengo||LifeOrb|GoodasGold|ShadowBall,MakeItRain,NastyPlot,Protect|Modest|||||50|]Excadrill||FocusSash|SandRush|HighHorsepower,IronHead,RockSlide,Protect|Adamant||M|||50|]Sinistcha||ColburBerry|Hospitality|MatchaGotcha,RagePowder,TrickRoom,LifeDew|Bold|||||50|
|
|t:|1785412944
|teamsize|p1|4
|teamsize|p2|4
|start
|switch|p1a: Pikachu|Pikachu, L50, M|100/100
|switch|p1b: Tyranitar|Tyranitar, L50, F|100/100
|switch|p2a: Staraptor|Staraptor, L50, M|100/100
|switch|p2b: Excadrill|Excadrill, L50, M|100/100
|-ability|p2a: Staraptor|Intimidate|boost
|-unboost|p1a: Pikachu|atk|1
|-unboost|p1b: Tyranitar|atk|1
|-weather|Sandstorm|[from] ability: Sand Stream|[of] p1b: Tyranitar
|turn|1
|l|☆Iche8647/5
|player|p1|
|j|☆Iche8647/5
|player|p1|Iche8647/5|266|
|
|t:|1785413010
|detailschange|p2a: Staraptor|Staraptor-Mega, L50, M
|-mega|p2a: Staraptor|Staraptor|Staraptite
|move|p1a: Pikachu|Fake Out|p2a: Staraptor
|-damage|p2a: Staraptor|92/100
|move|p2b: Excadrill|High Horsepower|p1a: Pikachu
|-supereffective|p1a: Pikachu|1
|-damage|p1a: Pikachu|0 fnt
|faint|p1a: Pikachu
|cant|p2a: Staraptor|flinch
|move|p1b: Tyranitar|High Horsepower|p2b: Excadrill
|-supereffective|p2b: Excadrill|1
|-damage|p2b: Excadrill|41/100
|
|-weather|Sandstorm|[upkeep]
|-damage|p2a: Staraptor|85/100|[from] Sandstorm
|upkeep
|
|t:|1785413027
|switch|p1a: Blaziken|Blaziken, L50, F|100/100
|turn|2
|
|t:|1785413062
|detailschange|p1a: Blaziken|Blaziken-Mega, L50, F
|-mega|p1a: Blaziken|Blaziken|Blazikenite
|move|p1b: Tyranitar|Protect|p1b: Tyranitar
|-singleturn|p1b: Tyranitar|Protect
|move|p2b: Excadrill|Rock Slide|p1a: Blaziken|[spread] p1a
|-activate|p1b: Tyranitar|move: Protect
|-damage|p1a: Blaziken|68/100
|move|p2a: Staraptor|Close Combat|p1b: Tyranitar
|-activate|p1b: Tyranitar|move: Protect
|move|p1a: Blaziken|Flare Blitz|p2b: Excadrill
|-supereffective|p2b: Excadrill|1
|-damage|p2b: Excadrill|0 fnt
|faint|p2b: Excadrill
|-damage|p1a: Blaziken|52/100|[from] Recoil
|
|-weather|Sandstorm|[upkeep]
|-damage|p2a: Staraptor|79/100|[from] Sandstorm
|-damage|p1a: Blaziken|47/100|[from] Sandstorm
|-ability|p1a: Blaziken|Speed Boost|boost
|-boost|p1a: Blaziken|spe|1
|upkeep
|l|☆Iche8647/5
|player|p1|
|
|t:|1785413081
|switch|p2b: Tyranitar|Tyranitar, L50, M|100/100
|turn|3
|j|☆Iche8647/5
|player|p1|Iche8647/5|266|
|
|t:|1785413106
|switch|p1b: Sinistcha|Sinistcha-Masterpiece, L50|100/100
|-heal|p1a: Blaziken|71/100|[from] ability: Hospitality|[of] p1b: Sinistcha
|move|p1a: Blaziken|Protect|p1a: Blaziken
|-singleturn|p1a: Blaziken|Protect
|move|p2b: Tyranitar|Protect|p2b: Tyranitar
|-singleturn|p2b: Tyranitar|Protect
|move|p2a: Staraptor|Close Combat|p1b: Sinistcha
|-immune|p1b: Sinistcha
|
|-weather|Sandstorm|[upkeep]
|-damage|p1a: Blaziken|66/100|[from] Sandstorm
|-damage|p2a: Staraptor|73/100|[from] Sandstorm
|-damage|p1b: Sinistcha|94/100|[from] Sandstorm
|-ability|p1a: Blaziken|Speed Boost|boost
|-boost|p1a: Blaziken|spe|1
|upkeep
|turn|4
|
|t:|1785413129
|switch|p2b: Sinistcha|Sinistcha, L50|100/100
|-heal|p2a: Staraptor|98/100|[from] ability: Hospitality|[of] p2b: Sinistcha
|move|p1b: Sinistcha|Rage Powder|p1b: Sinistcha
|-singleturn|p1b: Sinistcha|move: Rage Powder
|move|p1a: Blaziken|Close Combat|p2b: Sinistcha
|-immune|p2b: Sinistcha
|move|p2a: Staraptor|Brave Bird|p1b: Sinistcha
|-supereffective|p1b: Sinistcha|1
|-damage|p1b: Sinistcha|4/100
|-damage|p2a: Staraptor|71/100|[from] Recoil
|
|-weather|Sandstorm|[upkeep]
|-damage|p1a: Blaziken|60/100|[from] Sandstorm
|-damage|p2a: Staraptor|65/100|[from] Sandstorm
|-damage|p2b: Sinistcha|93/100|[from] Sandstorm
|-damage|p1b: Sinistcha|0 fnt|[from] Sandstorm
|faint|p1b: Sinistcha
|-ability|p1a: Blaziken|Speed Boost|boost
|-boost|p1a: Blaziken|spe|1
|upkeep
|
|t:|1785413133
|switch|p1b: Tyranitar|Tyranitar, L50, F|100/100
|turn|5
|
|t:|1785413174
|move|p1b: Tyranitar|Protect|p1b: Tyranitar
|-singleturn|p1b: Tyranitar|Protect
|move|p2b: Sinistcha|Rage Powder|p2b: Sinistcha
|-singleturn|p2b: Sinistcha|move: Rage Powder
|move|p1a: Blaziken|Flare Blitz|p2b: Sinistcha
|-supereffective|p2b: Sinistcha|1
|-damage|p2b: Sinistcha|0 fnt
|faint|p2b: Sinistcha
|-damage|p1a: Blaziken|25/100|[from] Recoil
|move|p2a: Staraptor|Close Combat|p1b: Tyranitar
|-activate|p1b: Tyranitar|move: Protect
|
|-weather|none
|-ability|p1a: Blaziken|Speed Boost|boost
|-boost|p1a: Blaziken|spe|1
|upkeep
|
|t:|1785413186
|switch|p2b: Tyranitar|Tyranitar, L50, M|100/100
|-weather|Sandstorm|[from] ability: Sand Stream|[of] p2b: Tyranitar
|turn|6
|
|t:|1785413202
|move|p1a: Blaziken|Flare Blitz|p2a: Staraptor
|-damage|p2a: Staraptor|0 fnt
|faint|p2a: Staraptor
|-damage|p1a: Blaziken|0 fnt|[from] Recoil
|faint|p1a: Blaziken
|move|p1b: Tyranitar|High Horsepower|p2b: Tyranitar
|-supereffective|p2b: Tyranitar|1
|-damage|p2b: Tyranitar|42/100
|move|p2b: Tyranitar|Rock Slide|p1b: Tyranitar
|-damage|p1b: Tyranitar|64/100
|
|-weather|Sandstorm|[upkeep]
|upkeep
|turn|7
|
|t:|1785413219
|move|p1b: Tyranitar|High Horsepower|p2b: Tyranitar
|-supereffective|p2b: Tyranitar|1
|-damage|p2b: Tyranitar|0 fnt
|faint|p2b: Tyranitar
|
|win|Iche8647/5
||szczurek2137 is ready for game 2.
||Iche8647/5 is ready for game 2.
|uhtml|next|Next: Game 2 of 3
|l|☆Iche8647/5
|player|p1|
|l|☆szczurek2137
|player|p2|
|j|☆Iche8647/5
|player|p1|Iche8647/5|266|
