|j|☆merr123
|j|☆sbhaga34
|html|merr123sbhaga34    
|uhtml|bestof|Game 1 of a best-of-3
|t:|1756952816
|gametype|doubles
|player|p1|merr123|sisandbro|1313
|player|p2|sbhaga34|hugh|1229
|gen|9
|tier|[Gen 9] VGC 2025 Reg H (Bo3)
|rated|
|rule|Species Clause: Limit one of each Pokémon
|rule|Item Clause: Limit 1 of each item
|clearpoke
|poke|p1|Sneasler, L50, F|
|poke|p1|Gholdengo, L50|
|poke|p1|Amoonguss, L50, F|
|poke|p1|Incineroar, L50, M|
|poke|p1|Ursaluna-Bloodmoon, L50, M|
|poke|p1|Farigiraf, L50, F|
|poke|p2|Indeedee-F, L50, F|
|poke|p2|Talonflame, L50, F|
|poke|p2|Tyranitar, L50, M|
|poke|p2|Excadrill, L50, M|
|poke|p2|Gardevoir, L50, M|
|poke|p2|Incineroar, L50, F|
|teampreview|4
|showteam|p1|Sneasler||ClearAmulet|PoisonTouch|FakeOut,CloseCombat,DireClaw,Protect|||F|||50|,,,,,Water]Gholdengo||MetalCoat|GoodasGold|NastyPlot,MakeItRain,ShadowBall,Protect||||||50|,,,,,Water]Amoonguss||SitrusBerry|Regenerator|Spore,RagePowder,PollenPuff,Protect|||F|||50|,,,,,Water]Incineroar||SafetyGoggles|Intimidate|FakeOut,FlareBlitz,KnockOff,PartingShot|||M|||50|,,,,,Ghost]Ursaluna-Bloodmoon||LifeOrb|MindsEye|CalmMind,EarthPower,BloodMoon,Protect|||M|||50|,,,,,Poison]Farigiraf||MentalHerb|ArmorTail|HyperVoice,ShadowBall,TrickRoom,Protect|||F|||50|,,,,,Dragon
|showteam|p2|Indeedee-F||SafetyGoggles|PsychicSurge|FollowMe,TrickRoom,HelpingHand,Psychic|||F|||50|,,,,,Water]Talonflame||CovertCloak|GaleWings|Tailwind,Taunt,BraveBird,Uturn|||F|||50|,,,,,Dark]Tyranitar||WeaknessPolicy|SandStream|RockSlide,KnockOff,LowKick,Protect|||M|||50|,,,,,Flying]Excadrill||FocusSash|SandRush|Earthquake,IronHead,SwordsDance,Protect|||M|||50|,,,,,Ground]Gardevoir||ChoiceScarf|Telepathy|ExpandingForce,DazzlingGleam,Moonblast,IcyWind|||M|||50|,,,,,Psychic]Incineroar||RockyHelmet|Intimidate|FakeOut,FlareBlitz,WillOWisp,PartingShot|||F|||50|,,,,,Grass
|inactive|Battle timer is ON: inactive players will automatically lose when time's up. (requested by merr123)
|inactive|merr123 has 60 seconds left.
|inactive|sbhaga34 has 60 seconds left.
|inactive|merr123 has 30 seconds left.
|inactive|sbhaga34 has 30 seconds left.
|
|t:|1756952884
|teamsize|p1|4
|teamsize|p2|4
|start
|switch|p1a: Incineroar|Incineroar, L50, M|100/100
|switch|p1b: Farigiraf|Farigiraf, L50, F|100/100
|switch|p2a: Indeedee|Indeedee-F, L50, F|100/100
|switch|p2b: Tyranitar|Tyranitar, L50, M|100/100
|-fieldstart|move: Psychic Terrain|[from] ability: Psychic Surge|[of] p2a: Indeedee
|-weather|Sandstorm|[from] ability: Sand Stream|[of] p2b: Tyranitar
|-ability|p1a: Incineroar|Intimidate|boost
|-unboost|p2a: Indeedee|atk|1
|-unboost|p2b: Tyranitar|atk|1
|turn|1
|inactive|merr123 has 30 seconds left.
|inactive|merr123 has 20 seconds left.
|
|t:|1756952920
|switch|p2a: Incineroar|Incineroar, L50, F|100/100
|-ability|p2a: Incineroar|Intimidate|boost
|-unboost|p1a: Incineroar|atk|1
|-unboost|p1b: Farigiraf|atk|1
|move|p2b: Tyranitar|Knock Off|p1b: Farigiraf
|-supereffective|p1b: Farigiraf
|-damage|p1b: Farigiraf|47/100
|-enditem|p1b: Farigiraf|Mental Herb|[from] move: Knock Off|[of] p2b: Tyranitar
|move|p1a: Incineroar|Knock Off|p2a: Incineroar
|-resisted|p2a: Incineroar
|-damage|p2a: Incineroar|87/100
|-damage|p1a: Incineroar|84/100|[from] item: Rocky Helmet|[of] p2a: Incineroar
|-enditem|p2a: Incineroar|Rocky Helmet|[from] move: Knock Off|[of] p1a: Incineroar
|move|p1b: Farigiraf|Trick Room|p1b: Farigiraf
|-fieldstart|move: Trick Room|[of] p1b: Farigiraf
|
|-weather|Sandstorm|[upkeep]
|-damage|p1b: Farigiraf|41/100|[from] Sandstorm
|-damage|p2a: Incineroar|81/100|[from] Sandstorm
|upkeep
|turn|2
|inactive|merr123 has 30 seconds left.
|
|t:|1756952953
|move|p1b: Farigiraf|Hyper Voice|p2a: Incineroar|[spread] p2a,p2b
|-resisted|p2b: Tyranitar
|-damage|p2a: Incineroar|62/100
|-damage|p2b: Tyranitar|93/100
|move|p2a: Incineroar|Parting Shot|p1a: Incineroar
|-unboost|p1a: Incineroar|atk|1
|-unboost|p1a: Incineroar|spa|1
|
|t:|1756952962
|switch|p2a: Indeedee|Indeedee-F, L50, F|100/100|[from] Parting Shot
|move|p1a: Incineroar|Parting Shot|p2b: Tyranitar
|-unboost|p2b: Tyranitar|atk|1
|-unboost|p2b: Tyranitar|spa|1
|
|t:|1756952968
|switch|p1a: Amoonguss|Amoonguss, L50, F|100/100|[from] Parting Shot
|move|p2b: Tyranitar|Rock Slide|p1a: Amoonguss|[spread] p1b
|-miss|p2b: Tyranitar|p1a: Amoonguss
|-damage|p1b: Farigiraf|27/100
|
|-weather|Sandstorm|[upkeep]
|-damage|p1a: Amoonguss|95/100|[from] Sandstorm
|-damage|p1b: Farigiraf|21/100|[from] Sandstorm
|upkeep
|turn|3
|
|t:|1756952984
|switch|p1b: Ursaluna|Ursaluna-Bloodmoon, L50, M|100/100
|move|p1a: Amoonguss|Protect|p1a: Amoonguss
|-singleturn|p1a: Amoonguss|Protect
|move|p2a: Indeedee|Follow Me|p2a: Indeedee
|-singleturn|p2a: Indeedee|move: Follow Me
|move|p2b: Tyranitar|Rock Slide|p1a: Amoonguss|[spread] p1b
|-activate|p1a: Amoonguss|move: Protect
|-resisted|p1b: Ursaluna
|-damage|p1b: Ursaluna|95/100
|
|-weather|Sandstorm|[upkeep]
|-damage|p1a: Amoonguss|89/100|[from] Sandstorm
|upkeep
|turn|4
|
|t:|1756953005
|move|p1a: Amoonguss|Rage Powder|p1a: Amoonguss
|-singleturn|p1a: Amoonguss|move: Rage Powder
|move|p2a: Indeedee|Follow Me|p2a: Indeedee
|-singleturn|p2a: Indeedee|move: Follow Me
|move|p1b: Ursaluna|Calm Mind|p1b: Ursaluna
|-boost|p1b: Ursaluna|spa|1
|-boost|p1b: Ursaluna|spd|1
|move|p2b: Tyranitar|Knock Off|p1a: Amoonguss
|-damage|p1a: Amoonguss|64/100
|-enditem|p1a: Amoonguss|Sitrus Berry|[from] move: Knock Off|[of] p2b: Tyranitar
|
|-weather|Sandstorm|[upkeep]
|-damage|p1a: Amoonguss|58/100|[from] Sandstorm
|upkeep
|turn|5
|inactive|merr123 has 30 seconds left.
|
|t:|1756953034
|switch|p1a: Incineroar|Incineroar, L50, M|84/100
|-ability|p1a: Incineroar|Intimidate|boost
|-unboost|p2a: Indeedee|atk|1
|-unboost|p2b: Tyranitar|atk|1
|switch|p2a: Incineroar|Incineroar, L50, F|62/100
|-ability|p2a: Incineroar|Intimidate|boost
|-unboost|p1a: Incineroar|atk|1
|-unboost|p1b: Ursaluna|atk|1
|move|p2b: Tyranitar|Protect|p2b: Tyranitar
|-singleturn|p2b: Tyranitar|Protect
|move|p1b: Ursaluna|Blood Moon|p2a: Incineroar
|-crit|p2a: Incineroar
|-damage|p2a: Incineroar|0 fnt
|faint|p2a: Incineroar
|-damage|p1b: Ursaluna|85/100|[from] item: Life Orb
|
|-weather|none
|-fieldend|move: Trick Room
|-fieldend|move: Psychic Terrain
|upkeep
|
|t:|1756953054
|switch|p2a: Gardevoir|Gardevoir, L50, M, shiny|100/100
|turn|6
|
|t:|1756953072
|switch|p2b: Indeedee|Indeedee-F, L50, F|100/100
|-fieldstart|move: Psychic Terrain|[from] ability: Psychic Surge|[of] p2b: Indeedee
|move|p1b: Ursaluna|Protect|p1b: Ursaluna
|-singleturn|p1b: Ursaluna|Protect
|move|p2a: Gardevoir|Moonblast|p1a: Incineroar
|-damage|p1a: Incineroar|41/100
|move|p1a: Incineroar|Parting Shot|p2a: Gardevoir
|-unboost|p2a: Gardevoir|atk|1
|-unboost|p2a: Gardevoir|spa|1
|
|t:|1756953089
|switch|p1a: Amoonguss|Amoonguss, L50, F|91/100|[from] Parting Shot
|
|upkeep
|turn|7
|
|t:|1756953099
|switch|p2a: Tyranitar|Tyranitar, L50, M|93/100
|-weather|Sandstorm|[from] ability: Sand Stream|[of] p2a: Tyranitar
|move|p2b: Indeedee|Follow Me|p2b: Indeedee
|-singleturn|p2b: Indeedee|move: Follow Me
|move|p1b: Ursaluna|Blood Moon|p2b: Indeedee
|-damage|p2b: Indeedee|0 fnt
|faint|p2b: Indeedee
|-damage|p1b: Ursaluna|76/100|[from] item: Life Orb
|move|p1a: Amoonguss|Spore|p2a: Tyranitar
|-status|p2a: Tyranitar|slp|[from] move: Spore
|
|-weather|Sandstorm|[upkeep]
|-damage|p1a: Amoonguss|85/100|[from] Sandstorm
|upkeep
|
|t:|1756953113
|switch|p2b: Gardevoir|Gardevoir, L50, M, shiny|100/100
|turn|8
|
|t:|1756953119
|-terastallize|p2b: Gardevoir|Psychic
|-terastallize|p1a: Amoonguss|Water
|move|p1b: Ursaluna|Protect|p1b: Ursaluna
|-singleturn|p1b: Ursaluna|Protect
|move|p2b: Gardevoir|Expanding Force|p1b: Ursaluna|[spread] p1a
|-activate|p1b: Ursaluna|move: Protect
|-damage|p1a: Amoonguss|25/100
|cant|p2a: Tyranitar|slp
|move|p1a: Amoonguss|Spore|p2b: Gardevoir
|-status|p2b: Gardevoir|slp|[from] move: Spore
|
|-weather|Sandstorm|[upkeep]
|-damage|p2b: Gardevoir|95/100 slp|[from] Sandstorm
|-damage|p1a: Amoonguss|20/100|[from] Sandstorm
|upkeep
|turn|9
|
|t:|1756953137
|switch|p1a: Incineroar|Incineroar, L50, M|41/100
|-ability|p1a: Incineroar|Intimidate|boost
|-unboost|p2a: Tyranitar|atk|1
|-unboost|p2b: Gardevoir|atk|1
|cant|p2b: Gardevoir|slp
|-curestatus|p2a: Tyranitar|slp|[msg]
|move|p2a: Tyranitar|Rock Slide|p1a: Incineroar|[spread] p1a,p1b
|-supereffective|p1a: Incineroar
|-crit|p1a: Incineroar
|-resisted|p1b: Ursaluna
|-damage|p1a: Incineroar|0 fnt
|-damage|p1b: Ursaluna|67/100
|faint|p1a: Incineroar
|move|p1b: Ursaluna|Earth Power|p2a: Tyranitar
|-supereffective|p2a: Tyranitar
|-damage|p2a: Tyranitar|0 fnt
|faint|p2a: Tyranitar
|-damage|p1b: Ursaluna|57/100|[from] item: Life Orb
|
|-weather|Sandstorm|[upkeep]
|-damage|p2b: Gardevoir|89/100 slp|[from] Sandstorm
|upkeep
|-message|sbhaga34 forfeited.
|
|win|merr123
