|j|☆hugoggg
|j|☆Voital
|html|hugogggVoital    
|uhtml|bestof|Game 2 of a best-of-3
|t:|1785963016
|gametype|doubles
|player|p1|hugoggg|102|1155
|player|p2|Voital|102|1064
|gen|9
|tier|[Gen 9 Champions] VGC 2026 Reg M-B (Bo3)
|rated|
|rule|Species Clause: Limit one of each Pokémon
|rule|Item Clause: Limit 1 of each item
|clearpoke
|poke|p1|Froslass, L50, F|
|poke|p1|Dragonite, L50, F|
|poke|p1|Sneasler, L50, F|
|poke|p1|Arcanine-Hisui, L50, F|
|poke|p1|Gholdengo, L50|
|poke|p1|Kingambit, L50, M|
|poke|p2|Froslass, L50, F|
|poke|p2|Sneasler, L50, F|
|poke|p2|Rotom-Heat, L50|
|poke|p2|Kingambit, L50, F|
|poke|p2|Whimsicott, L50, M|
|poke|p2|Dragapult, L50, F|
|teampreview|4
|showteam|p1|Froslass||Froslassite|CursedBody|Blizzard,ShadowBall,AuroraVeil,Protect|Modest||F|||50|]Dragonite||DragonFang|Multiscale|ScaleShot,LowKick,Tailwind,Protect|Adamant||F|||50|]Sneasler||WhiteHerb|Unburden|CloseCombat,GunkShot,FakeOut,Protect|Adamant||F|||50|]Arcanine-Hisui||FocusSash|RockHead|HeadSmash,FlareBlitz,ExtremeSpeed,Protect|Adamant||F|||50|]Gholdengo||ChoiceScarf|GoodasGold|MakeItRain,ShadowBall,PowerGem,Trick|Modest|||||50|]Kingambit||LifeOrb|Defiant|KowtowCleave,SuckerPunch,SwordsDance,Protect|Adamant||M|||50|
|showteam|p2|Froslass||Froslassite|SnowCloak|AuroraVeil,Blizzard,Protect,ShadowBall|Timid||F|||50|]Sneasler||WhiteHerb|Unburden|CloseCombat,DireClaw,FakeOut,Protect|Adamant||F|||50|]Rotom-Heat||ChoiceScarf|Levitate|VoltSwitch,Thunderbolt,Overheat,Trick|Timid|||||50|]Kingambit||MetalCoat|Defiant|KowtowCleave,IronHead,SuckerPunch,Protect|Adamant||F|||50|]Whimsicott||FocusSash|Prankster|Tailwind,Encore,Moonblast,Taunt|Bold||M|||50|]Dragapult||LifeOrb|Infiltrator|DracoMeteor,ShadowBall,WillOWisp,Protect|Timid||F|||50|
|
|t:|1785963060
|teamsize|p1|4
|teamsize|p2|4
|start
|switch|p1a: Animal|Arcanine-Hisui, L50, F|100/100
|switch|p1b: Rollin girl|Dragonite, L50, F|100/100
|switch|p2a: Rotom|Rotom-Heat, L50|100/100
|switch|p2b: Dragapult|Dragapult, L50, F|100/100
|turn|1
|
|t:|1785963090
|move|p2a: Rotom|Volt Switch|p1a: Animal
|-damage|p1a: Animal|62/100
|
|t:|1785963094
|switch|p2a: Whimsicott|Whimsicott, L50, M|100/100|[from] Volt Switch
|move|p2b: Dragapult|Will-O-Wisp|p1b: Rollin girl
|-status|p1b: Rollin girl|brn
|move|p1a: Animal|Head Smash|p2a: Whimsicott
|-damage|p2a: Whimsicott|35/100
|move|p1b: Rollin girl|Tailwind|p1b: Rollin girl
|-sidestart|p1: hugoggg|move: Tailwind
|
|-damage|p1b: Rollin girl|94/100 brn|[from] brn
|upkeep
|turn|2
|
|t:|1785963124
|move|p2a: Whimsicott|Encore|p1b: Rollin girl
|-start|p1b: Rollin girl|Encore
|move|p1a: Animal|Flare Blitz|p2a: Whimsicott
|-supereffective|p2a: Whimsicott|1
|-damage|p2a: Whimsicott|0 fnt
|faint|p2a: Whimsicott
|move|p1b: Rollin girl|Tailwind||[still]
|-fail|p1b: Rollin girl
|move|p2b: Dragapult|Shadow Ball|p1a: Animal
|-crit|p1a: Animal
|-damage|p1a: Animal|0 fnt
|faint|p1a: Animal
|-damage|p2b: Dragapult|90/100|[from] item: Life Orb
|
|-damage|p1b: Rollin girl|88/100 brn|[from] brn
|upkeep
|
|t:|1785963139
|switch|p1a: Ghost rule|Froslass, L50, F|100/100
|switch|p2a: Rotom|Rotom-Heat, L50|100/100
|turn|3
|
|t:|1785963161
|switch|p1b: Flop era|Gholdengo, L50|100/100
|switch|p2b: Kingambit|Kingambit, L50, F|100/100
|move|p1a: Ghost rule|Protect|p1a: Ghost rule
|-singleturn|p1a: Ghost rule|Protect
|move|p2a: Rotom|Overheat|p1a: Ghost rule
|-activate|p1a: Ghost rule|move: Protect
|
|upkeep
|turn|4
|
|t:|1785963181
|detailschange|p1a: Ghost rule|Froslass-Mega, L50, F
|-mega|p1a: Ghost rule|Froslass|Froslassite
|-weather|Snowscape|[from] ability: Snow Warning|[of] p1a: Ghost rule
|move|p1b: Flop era|Power Gem|p2a: Rotom
|-supereffective|p2a: Rotom|1
|-damage|p2a: Rotom|14/100
|move|p1a: Ghost rule|Blizzard|p2a: Rotom|[spread] p2a,p2b
|-resisted|p2a: Rotom|1
|-resisted|p2b: Kingambit|1
|-crit|p2b: Kingambit
|-damage|p2a: Rotom|0 fnt
|-damage|p2b: Kingambit|69/100
|faint|p2a: Rotom
|move|p2b: Kingambit|Kowtow Cleave|p1b: Flop era
|-supereffective|p1b: Flop era|1
|-damage|p1b: Flop era|0 fnt
|faint|p1b: Flop era
|
|-weather|Snowscape|[upkeep]
|-sideend|p1: hugoggg|move: Tailwind
|upkeep
|
|t:|1785963190
|switch|p2a: Dragapult|Dragapult, L50, F|90/100
|switch|p1b: Rollin girl|Dragonite, L50, F|88/100 brn
|turn|5
|
|t:|1785963225
|move|p1b: Rollin girl|Protect|p1b: Rollin girl
|-singleturn|p1b: Rollin girl|Protect
|move|p2a: Dragapult|Draco Meteor|p1b: Rollin girl
|-activate|p1b: Rollin girl|move: Protect
|move|p1a: Ghost rule|Blizzard|p2b: Kingambit|[spread] p2a,p2b
|-supereffective|p2a: Dragapult|1
|-resisted|p2b: Kingambit|1
|-damage|p2a: Dragapult|0 fnt
|-damage|p2b: Kingambit|48/100
|faint|p2a: Dragapult
|move|p2b: Kingambit|Kowtow Cleave|p1a: Ghost rule
|-supereffective|p1a: Ghost rule|1
|-damage|p1a: Ghost rule|11/100
|
|-weather|Snowscape|[upkeep]
|-damage|p1b: Rollin girl|82/100 brn|[from] brn
|upkeep
|turn|6
|
|t:|1785963238
|move|p2b: Kingambit|Sucker Punch|p1a: Ghost rule
|-supereffective|p1a: Ghost rule|1
|-damage|p1a: Ghost rule|0 fnt
|faint|p1a: Ghost rule
|move|p1b: Rollin girl|Low Kick|p2b: Kingambit
|-supereffective|p2b: Kingambit|2
|-damage|p2b: Kingambit|0 fnt
|faint|p2b: Kingambit
|
|win|hugoggg
||Voital is ready for game 3.
||hugoggg is ready for game 3.
|uhtml|next|Next: Game 3 of 3
|l|☆Voital
|player|p2|
