|j|☆Ryan Hawkins
|j|‽eggtophat_real
|html|Ryan Hawkinseggtophat_real    
|uhtml|bestof|Game 2 of a best-of-3
|t:|1757223262
|gametype|doubles
|player|p1|Ryan Hawkins|102|1025
|player|p2|eggtophat_real|miku-fire|1160
|gen|9
|tier|[Gen 9] VGC 2025 Reg H (Bo3)
|rated|
|rule|Species Clause: Limit one of each Pokémon
|rule|Item Clause: Limit 1 of each item
|clearpoke
|poke|p1|Tyranitar, L50, M|
|poke|p1|Klefki, L50, M|
|poke|p1|Venusaur, L50, F|
|poke|p1|Talonflame, L50, F|
|poke|p1|Metagross, L50|
|poke|p1|Hydreigon, L50, M|
|poke|p2|Gholdengo, L50|
|poke|p2|Sneasler, L50, M|
|poke|p2|Rillaboom, L50, F|
|poke|p2|Dragonite, L50, F|
|poke|p2|Ninetales-Alola, L50, F|
|poke|p2|Arcanine-Hisui, L50, F|
|teampreview|4
|showteam|p1|Tyranitar||ClearAmulet|SandStream|Protect,RockSlide,KnockOff,TeraBlast|||M|||50|,,,,,Grass]Klefki||CovertCloak|Prankster|DazzlingGleam,LightScreen,Sandstorm,Reflect|||M|||50|,,,,,Dark]Venusaur||Leftovers|Chlorophyll|Protect,SleepPowder,LeechSeed,WeatherBall|||F|||50|,,,,,Water]Talonflame||SafetyGoggles|GaleWings|Protect,Tailwind,DualWingbeat,SunnyDay|||F|||50|,,,,,Ghost]Metagross||LifeOrb|ClearBody|Protect,TeraBlast,BulletPunch,PsychicFangs||||||50|,,,,,Ground]Hydreigon||ThroatSpray|Levitate|Protect,HyperVoice,HeatWave,NastyPlot|||M|||50|,,,,,Fire
|showteam|p2|Gholdengo||GrassySeed|GoodasGold|NastyPlot,MakeItRain,ShadowBall,Protect||||||50|,,,,,Water]Sneasler||WhiteHerb|Unburden|CloseCombat,DireClaw,Coaching,Protect|||M|||50|,,,,,Ghost]Rillaboom||AssaultVest|GrassySurge|FakeOut,GrassyGlide,DrumBeating,HighHorsepower|||F|||50|,,,,,Fire]Dragonite||LoadedDice|Multiscale|ScaleShot,StompingTantrum,Tailwind,Protect|||F|||50|,,,,,Ground]Ninetales-Alola||FocusSash|SnowWarning|Blizzard,IcyWind,Encore,AuroraVeil|||F|||50|,,,,,Ghost]Arcanine-Hisui||ClearAmulet|Intimidate|RockSlide,FlareBlitz,ExtremeSpeed,Protect|||F|||50|,,,,,Water
|inactive|Battle timer is ON: inactive players will automatically lose when time's up. (requested by eggtophat_real)
|inactive|Ryan Hawkins has 60 seconds left.
|inactive|eggtophat_real has 60 seconds left.
|inactive|Ryan Hawkins has 30 seconds left.
|
|t:|1757223328
|teamsize|p1|4
|teamsize|p2|4
|start
|switch|p1a: Tyranitar|Tyranitar, L50, M, shiny|100/100
|switch|p1b: Klefki|Klefki, L50, M|100/100
|switch|p2a: Arcanine|Arcanine-Hisui, L50, F|100/100
|switch|p2b: Rillaboom|Rillaboom, L50, F|100/100
|-ability|p2a: Arcanine|Intimidate|boost
|-fail|p1a: Tyranitar|unboost|[from] item: Clear Amulet|[of] p1a: Tyranitar
|-unboost|p1b: Klefki|atk|1
|-fieldstart|move: Grassy Terrain|[from] ability: Grassy Surge|[of] p2b: Rillaboom
|-weather|Sandstorm|[from] ability: Sand Stream|[of] p1a: Tyranitar
|turn|1
|inactive|eggtophat_real has 30 seconds left.
|
|t:|1757223363
|move|p1a: Tyranitar|Protect|p1a: Tyranitar
|-singleturn|p1a: Tyranitar|Protect
|move|p1b: Klefki|Reflect|p1b: Klefki
|-sidestart|p1: Ryan Hawkins|Reflect
|move|p2a: Arcanine|Flare Blitz|p1b: Klefki
|-supereffective|p1b: Klefki
|-damage|p1b: Klefki|29/100
|-damage|p2a: Arcanine|78/100|[from] Recoil
|move|p2b: Rillaboom|Drum Beating|p1a: Tyranitar
|-activate|p1a: Tyranitar|move: Protect
|
|-weather|Sandstorm|[upkeep]
|-damage|p2b: Rillaboom|95/100|[from] Sandstorm
|-heal|p2a: Arcanine|84/100|[from] Grassy Terrain
|-heal|p2b: Rillaboom|100/100|[from] Grassy Terrain
|-heal|p1b: Klefki|35/100|[from] Grassy Terrain
|upkeep
|turn|2
|inactive|Ryan Hawkins has 30 seconds left.
|
|t:|1757223393
|-terastallize|p1a: Tyranitar|Grass
|move|p1b: Klefki|Light Screen|p1b: Klefki
|-sidestart|p1: Ryan Hawkins|move: Light Screen
|move|p2a: Arcanine|Flare Blitz|p1b: Klefki
|-supereffective|p1b: Klefki
|-crit|p1b: Klefki
|-damage|p1b: Klefki|0 fnt
|faint|p1b: Klefki
|-damage|p2a: Arcanine|72/100|[from] Recoil
|move|p2b: Rillaboom|Drum Beating|p1a: Tyranitar
|-resisted|p1a: Tyranitar
|-damage|p1a: Tyranitar|88/100
|move|p1a: Tyranitar|Tera Blast|p2a: Arcanine|[anim] Tera Blast Grass
|-damage|p2a: Arcanine|11/100
|
|-weather|Sandstorm|[upkeep]
|-damage|p2b: Rillaboom|95/100|[from] Sandstorm
|-damage|p1a: Tyranitar|82/100|[from] Sandstorm
|-heal|p2a: Arcanine|17/100|[from] Grassy Terrain
|-heal|p2b: Rillaboom|100/100|[from] Grassy Terrain
|-heal|p1a: Tyranitar|88/100|[from] Grassy Terrain
|upkeep
|
|t:|1757223417
|switch|p1b: Hydreigon|Hydreigon, L50, M, shiny|100/100
|turn|3
|
|t:|1757223427
|switch|p2b: Ninetales|Ninetales-Alola, L50, F|100/100
|-weather|Snowscape|[from] ability: Snow Warning|[of] p2b: Ninetales
|move|p2a: Arcanine|Protect|p2a: Arcanine
|-singleturn|p2a: Arcanine|Protect
|move|p1b: Hydreigon|Hyper Voice|p2a: Arcanine|[spread] p2b
|-activate|p2a: Arcanine|move: Protect
|-damage|p2b: Ninetales|72/100
|-enditem|p1b: Hydreigon|Throat Spray
|-boost|p1b: Hydreigon|spa|1|[from] item: Throat Spray
|move|p1a: Tyranitar|Knock Off|p2b: Ninetales
|-resisted|p2b: Ninetales
|-damage|p2b: Ninetales|46/100
|-enditem|p2b: Ninetales|Focus Sash|[from] move: Knock Off|[of] p1a: Tyranitar
|
|-weather|Snowscape|[upkeep]
|-heal|p2b: Ninetales|52/100|[from] Grassy Terrain
|-heal|p2a: Arcanine|23/100|[from] Grassy Terrain
|-heal|p1a: Tyranitar|94/100|[from] Grassy Terrain
|upkeep
|turn|4
|inactive|eggtophat_real has 30 seconds left.
|inactive|eggtophat_real has 20 seconds left.
|
|t:|1757223464
|move|p1a: Tyranitar|Protect|p1a: Tyranitar
|-singleturn|p1a: Tyranitar|Protect
|move|p2b: Ninetales|Blizzard|p1b: Hydreigon|[spread] p1b
|-activate|p1a: Tyranitar|move: Protect
|-supereffective|p1b: Hydreigon
|-damage|p1b: Hydreigon|53/100
|move|p2a: Arcanine|Rock Slide|p1b: Hydreigon|[spread] p1b
|-activate|p1a: Tyranitar|move: Protect
|-damage|p1b: Hydreigon|34/100
|cant|p1b: Hydreigon|flinch
|
|-weather|Snowscape|[upkeep]
|-heal|p2b: Ninetales|58/100|[from] Grassy Terrain
|-heal|p2a: Arcanine|29/100|[from] Grassy Terrain
|-heal|p1a: Tyranitar|99/100|[from] Grassy Terrain
|upkeep
|turn|5
|
|t:|1757223487
|move|p2b: Ninetales|Encore|p1a: Tyranitar
|-start|p1a: Tyranitar|Encore
|move|p2a: Arcanine|Rock Slide|p1a: Tyranitar|[spread] p1a,p1b
|-damage|p1a: Tyranitar|84/100
|-damage|p1b: Hydreigon|15/100
|move|p1b: Hydreigon|Hyper Voice|p2a: Arcanine|[spread] p2a,p2b
|-resisted|p2a: Arcanine
|-damage|p2a: Arcanine|8/100
|-damage|p2b: Ninetales|15/100
|move|p1a: Tyranitar|Protect||[still]
|-fail|p1a: Tyranitar
|
|-weather|Snowscape|[upkeep]
|-heal|p2b: Ninetales|21/100|[from] Grassy Terrain
|-heal|p2a: Arcanine|13/100|[from] Grassy Terrain
|-heal|p1a: Tyranitar|90/100|[from] Grassy Terrain
|-sideend|p1: Ryan Hawkins|Reflect
|-fieldend|move: Grassy Terrain
|upkeep
|turn|6
|
|t:|1757223507
|switch|p1a: Metagross|Metagross, L50, shiny|100/100
|move|p1b: Hydreigon|Protect|p1b: Hydreigon
|-singleturn|p1b: Hydreigon|Protect
|move|p2b: Ninetales|Blizzard|p1b: Hydreigon|[spread] p1a
|-activate|p1b: Hydreigon|move: Protect
|-resisted|p1a: Metagross
|-damage|p1a: Metagross|92/100
|move|p2a: Arcanine|Rock Slide|p1b: Hydreigon|[spread] p1a
|-activate|p1b: Hydreigon|move: Protect
|-resisted|p1a: Metagross
|-damage|p1a: Metagross|81/100
|
|-weather|Snowscape|[upkeep]
|-sideend|p1: Ryan Hawkins|move: Light Screen
|upkeep
|turn|7
|inactive|Ryan Hawkins has 30 seconds left.
|inactive|Ryan Hawkins has 20 seconds left.
|inactive|Ryan Hawkins has 15 seconds left.
|
|t:|1757223548
|move|p1a: Metagross|Bullet Punch|p2b: Ninetales
|-supereffective|p2b: Ninetales
|-damage|p2b: Ninetales|0 fnt
|faint|p2b: Ninetales
|-damage|p1a: Metagross|71/100|[from] item: Life Orb
|move|p2a: Arcanine|Flare Blitz|p1a: Metagross
|-supereffective|p1a: Metagross
|-damage|p1a: Metagross|0 fnt
|faint|p1a: Metagross
|-damage|p2a: Arcanine|0 fnt|[from] Recoil
|faint|p2a: Arcanine
|move|p1b: Hydreigon|Hyper Voice|p2: Arcanine|[notarget]
|-fail|p1b: Hydreigon
|
|-weather|none
|upkeep
|
|t:|1757223561
|switch|p2b: Rillaboom|Rillaboom, L50, F|100/100
|switch|p2a: Gholdengo|Gholdengo, L50|100/100
|switch|p1a: Tyranitar|Tyranitar, L50, M, shiny, tera:Grass|90/100
|-fieldstart|move: Grassy Terrain|[from] ability: Grassy Surge|[of] p2b: Rillaboom
|-enditem|p2a: Gholdengo|Grassy Seed
|-boost|p2a: Gholdengo|def|1|[from] item: Grassy Seed
|-weather|Sandstorm|[from] ability: Sand Stream|[of] p1a: Tyranitar
|turn|8
|
|t:|1757223584
|-terastallize|p2a: Gholdengo|Water
|move|p1b: Hydreigon|Protect|p1b: Hydreigon
|-singleturn|p1b: Hydreigon|Protect
|move|p1a: Tyranitar|Protect|p1a: Tyranitar
|-singleturn|p1a: Tyranitar|Protect
|move|p2b: Rillaboom|Fake Out|p1b: Hydreigon
|-activate|p1b: Hydreigon|move: Protect
|move|p2a: Gholdengo|Nasty Plot|p2a: Gholdengo
|-boost|p2a: Gholdengo|spa|2
|
|-weather|Sandstorm|[upkeep]
|-damage|p2b: Rillaboom|95/100|[from] Sandstorm
|-damage|p1b: Hydreigon|9/100|[from] Sandstorm
|-damage|p2a: Gholdengo|94/100|[from] Sandstorm
|-damage|p1a: Tyranitar|84/100|[from] Sandstorm
|-heal|p2b: Rillaboom|100/100|[from] Grassy Terrain
|-heal|p2a: Gholdengo|100/100|[from] Grassy Terrain
|-heal|p1a: Tyranitar|90/100|[from] Grassy Terrain
|upkeep
|turn|9
|inactive|eggtophat_real has 30 seconds left.
|
|t:|1757223612
|move|p2b: Rillaboom|Grassy Glide|p1b: Hydreigon
|-resisted|p1b: Hydreigon
|-damage|p1b: Hydreigon|0 fnt
|faint|p1b: Hydreigon
|move|p2a: Gholdengo|Nasty Plot|p2a: Gholdengo
|-boost|p2a: Gholdengo|spa|2
|move|p1a: Tyranitar|Tera Blast|p2a: Gholdengo|[anim] Tera Blast Grass
|-supereffective|p2a: Gholdengo
|-damage|p2a: Gholdengo|37/100
|
|-weather|Sandstorm|[upkeep]
|-damage|p2b: Rillaboom|95/100|[from] Sandstorm
|-damage|p2a: Gholdengo|31/100|[from] Sandstorm
|-damage|p1a: Tyranitar|84/100|[from] Sandstorm
|-heal|p2b: Rillaboom|100/100|[from] Grassy Terrain
|-heal|p2a: Gholdengo|37/100|[from] Grassy Terrain
|-heal|p1a: Tyranitar|90/100|[from] Grassy Terrain
|upkeep
|turn|10
|
|t:|1757223629
|move|p2b: Rillaboom|Drum Beating|p1a: Tyranitar
|-resisted|p1a: Tyranitar
|-damage|p1a: Tyranitar|72/100
|move|p2a: Gholdengo|Make It Rain|p1a: Tyranitar
|-damage|p1a: Tyranitar|0 fnt
|-unboost|p2a: Gholdengo|spa|1
|faint|p1a: Tyranitar
|
|win|eggtophat_real
||eggtophat_real is ready for game 3.
|inactive|Ryan Hawkins has 30 seconds to confirm battle start!
||Ryan Hawkins is ready for game 3.
|uhtml|next|Next: Game 3 of 3
|l|☆Ryan Hawkins
|player|p1|
