|j|☆Asladom
|j|☆Venatori
|html|AsladomVenatori    
|uhtml|bestof|Game 2 of a best-of-3
|t:|1782689832
|gametype|doubles
|player|p1|Asladom|pokekid|
|player|p2|Venatori|cynthia|
|gen|9
|tier|[Gen 9 Champions] VGC 2026 Reg M-B (Bo3)
|rule|Species Clause: Limit one of each Pokémon
|rule|Item Clause: Limit 1 of each item
|clearpoke
|poke|p1|Falinks, L50|
|poke|p1|Malamar, L50, F|
|poke|p1|Armarouge, L50, F|
|poke|p1|Ninetales-Alola, L50, F|
|poke|p1|Espathra, L50, F|
|poke|p1|Archaludon, L50, F|
|poke|p2|Mimikyu, L50, M|
|poke|p2|Kingambit, L50, M|
|poke|p2|Blastoise, L50, M|
|poke|p2|Heracross, L50, M|
|poke|p2|Arcanine-Hisui, L50, M|
|poke|p2|Rotom-Mow, L50|
|teampreview|4
|showteam|p1|Falinks||Falinksite|Defiant|Superpower,RockSlide,NoRetreat,Protect|Jolly|||||50|]Malamar||ChoiceScarf|Contrary|KnockOff,FoulPlay,SkillSwap,Superpower|Adamant||F|||50|]Armarouge||LifeOrb|WeakArmor|PsychUp,ArmorCannon,StoredPower,Protect|Timid||F|||50|]Ninetales-Alola||LightClay|SnowWarning|DazzlingGleam,Blizzard,AuroraVeil,Protect|Timid||F|||50|]Espathra||MentalHerb|SpeedBoost|CalmMind,BatonPass,LuminaCrash,Protect|Timid||F|||50|]Archaludon||WiseGlasses|Stalwart|DracoMeteor,FlashCannon,Snarl,Protect|Calm||F|||50|
|showteam|p2|Mimikyu||SpellTag|Disguise|ShadowSneak,WillOWisp,PlayRough,ShadowClaw|Adamant||M|||50|]Kingambit||LifeOrb|SupremeOverlord|SuckerPunch,SwordsDance,KowtowCleave,Protect|Adamant||M|||50|]Blastoise||Blastoisinite|Torrent|ShellSmash,WaterSpout,MuddyWater,IceBeam|Modest||M|||50|]Heracross||BlackBelt|Guts|CloseCombat,RockSlide,KnockOff,Lunge|Jolly||M|||50|]Arcanine-Hisui||FocusSash|Intimidate|FlareBlitz,ExtremeSpeed,RockSlide,Protect|Jolly||M|||50|]Rotom-Mow||ChoiceScarf|Levitate|Thunderbolt,LeafStorm,VoltSwitch,WillOWisp|Modest|||||50|
|
|t:|1782689909
|teamsize|p1|4
|teamsize|p2|4
|start
|switch|p1a: Falinks|Falinks, L50|100/100
|switch|p1b: Malamar|Malamar, L50, F|100/100
|switch|p2a: Heracross|Heracross, L50, M|100/100
|switch|p2b: Mimikyu|Mimikyu, L50, M|100/100
|turn|1
|
|t:|1782689945
|detailschange|p1a: Falinks|Falinks-Mega, L50
|-mega|p1a: Falinks|Falinks|Falinksite
|move|p1a: Falinks|No Retreat|p1a: Falinks
|-boost|p1a: Falinks|atk|1
|-boost|p1a: Falinks|def|1
|-boost|p1a: Falinks|spa|1
|-boost|p1a: Falinks|spd|1
|-boost|p1a: Falinks|spe|1
|-start|p1a: Falinks|move: No Retreat
|move|p2a: Heracross|Close Combat|p1a: Falinks
|-damage|p1a: Falinks|58/100
|-unboost|p2a: Heracross|def|1
|-unboost|p2a: Heracross|spd|1
|move|p1b: Malamar|Skill Swap|p1a: Falinks
|-activate|p1b: Malamar|Skill Swap|||[of] p1a: Falinks
|move|p2b: Mimikyu|Play Rough|p1a: Falinks
|-supereffective|p1a: Falinks|1
|-damage|p1a: Falinks|11/100
|
|upkeep
|turn|2
|
|t:|1782689976
|switch|p1b: Armarouge|Armarouge, L50, F|100/100
|move|p1a: Falinks|Protect|p1a: Falinks
|-singleturn|p1a: Falinks|Protect
|move|p2a: Heracross|Lunge|p1b: Armarouge
|-damage|p1b: Armarouge|56/100
|-unboost|p1b: Armarouge|atk|1
|-ability|p1b: Armarouge|Weak Armor|boost
|-unboost|p1b: Armarouge|def|1
|-boost|p1b: Armarouge|spe|2
|move|p2b: Mimikyu|Play Rough|p1a: Falinks
|-activate|p1a: Falinks|move: Protect
|
|upkeep
|turn|3
|
|t:|1782690005
|move|p1b: Armarouge|Psych Up|p1a: Falinks
|-copyboost|p1b: Armarouge|p1a: Falinks|[from] move: Psych Up
|move|p1a: Falinks|Superpower|p2a: Heracross
|-resisted|p2a: Heracross|1
|-damage|p2a: Heracross|8/100
|-boost|p1a: Falinks|atk|1
|-boost|p1a: Falinks|def|1
|move|p2a: Heracross|Knock Off|p1b: Armarouge
|-supereffective|p1b: Armarouge|1
|-damage|p1b: Armarouge|8/100
|-ability|p1b: Armarouge|Weak Armor|boost
|-unboost|p1b: Armarouge|def|1
|-boost|p1b: Armarouge|spe|2
|-enditem|p1b: Armarouge|Life Orb|[from] move: Knock Off|[of] p2a: Heracross
|move|p2b: Mimikyu|Play Rough|p1a: Falinks
|-supereffective|p1a: Falinks|1
|-damage|p1a: Falinks|0 fnt
|faint|p1a: Falinks
|
|upkeep
|
|t:|1782690026
|switch|p1a: Archaludon|Archaludon, L50, F|100/100
|turn|4
|
|t:|1782690105
|move|p1b: Armarouge|Protect|p1b: Armarouge
|-singleturn|p1b: Armarouge|Protect
|move|p2a: Heracross|Knock Off|p1b: Armarouge
|-activate|p1b: Armarouge|move: Protect
|move|p2b: Mimikyu|Will-O-Wisp|p1a: Archaludon
|-status|p1a: Archaludon|brn
|move|p1a: Archaludon|Snarl|p2a: Heracross|[spread] p2a,p2b
|-resisted|p2a: Heracross|1
|-damage|p2a: Heracross|0 fnt
|-activate|p2b: Mimikyu|ability: Disguise
|-damage|p2b: Mimikyu|100/100
|-unboost|p2b: Mimikyu|spa|1
|detailschange|p2b: Mimikyu|Mimikyu-Busted, L50, M
|-damage|p2b: Mimikyu|87/100|[from] pokemon: Mimikyu-Busted
|faint|p2a: Heracross
|
|-damage|p1a: Archaludon|93/100 brn|[from] brn
|upkeep
|
|t:|1782690123
|switch|p2a: Blastoise|Blastoise, L50, M|100/100
|turn|5
|
|t:|1782690142
|move|p1b: Armarouge|Stored Power|p2a: Blastoise
|-damage|p2a: Blastoise|0 fnt
|faint|p2a: Blastoise
|move|p2b: Mimikyu|Play Rough|p1a: Archaludon|[miss]
|-miss|p2b: Mimikyu|p1a: Archaludon
|move|p1a: Archaludon|Flash Cannon|p2b: Mimikyu
|-supereffective|p2b: Mimikyu|1
|-damage|p2b: Mimikyu|0 fnt
|faint|p2b: Mimikyu
|
|-damage|p1a: Archaludon|87/100 brn|[from] brn
|upkeep
|
|t:|1782690159
|switch|p2b: Kingambit|Kingambit, L50, M|100/100
|-activate|p2b: Kingambit|ability: Supreme Overlord
|-start|p2b: Kingambit|fallen3|[silent]
|turn|6
|
|t:|1782690212
|move|p2b: Kingambit|Sucker Punch|p1b: Armarouge
|-supereffective|p1b: Armarouge|1
|-damage|p1b: Armarouge|0 fnt
|faint|p1b: Armarouge
|-damage|p2b: Kingambit|90/100|[from] item: Life Orb
|move|p1a: Archaludon|Draco Meteor|p2b: Kingambit
|-resisted|p2b: Kingambit|1
|-damage|p2b: Kingambit|63/100
|-unboost|p1a: Archaludon|spa|2
|
|-damage|p1a: Archaludon|81/100 brn|[from] brn
|upkeep
|
|t:|1782690223
|switch|p1b: Malamar|Malamar, L50, F|100/100
|turn|7
|
|t:|1782690253
|move|p1b: Malamar|Skill Swap|p1a: Archaludon
|-activate|p1b: Malamar|Skill Swap|||[of] p1a: Archaludon
|move|p1a: Archaludon|Draco Meteor|p2b: Kingambit
|-resisted|p2b: Kingambit|1
|-damage|p2b: Kingambit|48/100
|-boost|p1a: Archaludon|spa|2
|move|p2b: Kingambit|Kowtow Cleave|p1a: Archaludon
|-damage|p1a: Archaludon|21/100 brn
|-damage|p2b: Kingambit|39/100|[from] item: Life Orb
|
|-damage|p1a: Archaludon|14/100 brn|[from] brn
|upkeep
|turn|8
|
|t:|1782690270
|move|p2b: Kingambit|Protect|p2b: Kingambit
|-singleturn|p2b: Kingambit|Protect
|move|p1b: Malamar|Skill Swap|p2b: Kingambit
|-activate|p2b: Kingambit|move: Protect
|move|p1a: Archaludon|Draco Meteor|p2b: Kingambit
|-activate|p2b: Kingambit|move: Protect
|
|-damage|p1a: Archaludon|8/100 brn|[from] brn
|upkeep
|turn|9
|
|t:|1782690308
|move|p2b: Kingambit|Sucker Punch||[still]
|-fail|p2b: Kingambit
|move|p1b: Malamar|Skill Swap|p2b: Kingambit
|-activate|p1b: Malamar|Skill Swap|Supreme Overlord|Stalwart|[of] p2b: Kingambit
|-end|p2b: Kingambit|fallen3|[silent]
|-activate|p1b: Malamar|ability: Supreme Overlord
|-start|p1b: Malamar|fallen2|[silent]
|move|p1a: Archaludon|Draco Meteor|p2b: Kingambit
|-resisted|p2b: Kingambit|1
|-damage|p2b: Kingambit|12/100
|-boost|p1a: Archaludon|spa|2
|
|-damage|p1a: Archaludon|2/100 brn|[from] brn
|upkeep
|turn|10
|
|t:|1782690330
|move|p1b: Malamar|Skill Swap|p1a: Archaludon
|-activate|p1b: Malamar|Skill Swap|||[of] p1a: Archaludon
|-end|p1b: Malamar|fallen2|[silent]
|-activate|p1a: Archaludon|ability: Supreme Overlord
|-start|p1a: Archaludon|fallen2|[silent]
|move|p1a: Archaludon|Draco Meteor|p2b: Kingambit|[miss]
|-miss|p1a: Archaludon|p2b: Kingambit
|move|p2b: Kingambit|Kowtow Cleave|p1b: Malamar
|-damage|p1b: Malamar|30/100
|-damage|p2b: Kingambit|2/100|[from] item: Life Orb
|
|-damage|p1a: Archaludon|0 fnt|[from] brn
|faint|p1a: Archaludon
|-end|p1a: Archaludon|fallen2|[silent]
|upkeep
|turn|11
|
|t:|1782690350
|move|p1b: Malamar|Skill Swap|p2b: Kingambit
|-activate|p1b: Malamar|Skill Swap|Stalwart|Contrary|[of] p2b: Kingambit
|move|p2b: Kingambit|Kowtow Cleave|p1b: Malamar
|-damage|p1b: Malamar|0 fnt
|faint|p1b: Malamar
|-damage|p2b: Kingambit|0 fnt|[from] item: Life Orb
|faint|p2b: Kingambit
|
|win|Venatori
