|j|☆VOVOMAXBEN10
|j|☆luscapvp
|html|VOVOMAXBEN10luscapvp    
|uhtml|bestof|Game 2 of a best-of-3
|t:|1785879562
|gametype|doubles
|player|p1|VOVOMAXBEN10|wattson|
|player|p2|luscapvp|1|
|gen|9
|tier|[Gen 9 Champions] VGC 2026 Reg M-B (Bo3)
|rule|Species Clause: Limit one of each Pokémon
|rule|Item Clause: Limit 1 of each item
|clearpoke
|poke|p1|Staraptor, L50, F|
|poke|p1|Raichu, L50, M|
|poke|p1|Sylveon, L50, F, shiny|
|poke|p1|Farigiraf, L50, M, shiny|
|poke|p1|Arcanine-Hisui, L50, F|
|poke|p1|Kingambit, L50, M|
|poke|p2|Froslass, L50, F|
|poke|p2|Sneasler, L50, M|
|poke|p2|Lycanroc-Dusk, L50, F|
|poke|p2|Kingambit, L50, M|
|poke|p2|Basculegion, L50, M|
|poke|p2|Scovillain, L50, M|
|teampreview|4
|showteam|p1|Staraptor||Staraptite|Intimidate|Tailwind,Protect,CloseCombat,DualWingbeat|Jolly||F|||50|]Raichu||RaichuniteY|LightningRod|FakeOut,ZapCannon,FocusBlast,Protect|Timid||M|||50|]Sylveon||FairyFeather|Pixilate|Detect,HyperVoice,QuickAttack,HyperBeam|Modest||F|||50|]Farigiraf||SitrusBerry|ArmorTail|Psychic,TrickRoom,HelpingHand,Protect|Calm||M|||50|]Arcanine-Hisui||FocusSash|RockHead|Protect,ExtremeSpeed,HeadSmash,FlareBlitz|Jolly||F|||50|]Kingambit||LifeOrb|Defiant|Protect,KowtowCleave,SwordsDance,SuckerPunch|Adamant||M|||50|
|showteam|p2|Froslass||Froslassite|SnowCloak|Blizzard,ShadowBall,AuroraVeil,Protect|Timid||F|||50|]Sneasler||WhiteHerb|Unburden|CloseCombat,GunkShot,FakeOut,Protect|Adamant||M|||50|]Lycanroc-Dusk||FocusSash|ToughClaws|RockSlide,CloseCombat,Accelerock,Protect|Adamant||F|||50|]Kingambit||BlackGlasses|Defiant|KowtowCleave,SuckerPunch,SwordsDance,Protect|Adamant||M|||50|]Basculegion||ChoiceScarf|Adaptability|WaveCrash,LastRespects,AquaJet,FlipTurn|Jolly||M|||50|]Scovillain||Scovillainite|Moody|Overheat,GigaDrain,RagePowder,Protect|Bold||M|||50|
|
|t:|1785879607
|teamsize|p1|4
|teamsize|p2|4
|start
|switch|p1a: Raichu|Raichu, L50, M|100/100
|switch|p1b: Arcanine|Arcanine-Hisui, L50, F|100/100
|switch|p2a: Basculegion|Basculegion, L50, M|100/100
|switch|p2b: Sneasler|Sneasler, L50, M|100/100
|turn|1
|
|t:|1785879666
|detailschange|p1a: Raichu|Raichu-Mega-Y, L50, M
|-mega|p1a: Raichu|Raichu|Raichunite Y
|move|p2b: Sneasler|Protect|p2b: Sneasler
|-singleturn|p2b: Sneasler|Protect
|move|p1a: Raichu|Fake Out|p2b: Sneasler
|-activate|p2b: Sneasler|move: Protect
|move|p2a: Basculegion|Flip Turn|p1b: Arcanine
|-supereffective|p1b: Arcanine|2
|-enditem|p1b: Arcanine|Focus Sash
|-damage|p1b: Arcanine|1/100
|
|t:|1785879686
|switch|p2a: Lycanroc|Lycanroc-Dusk, L50, F|100/100|[from] Flip Turn
|move|p1b: Arcanine|Flare Blitz|p2b: Sneasler
|-activate|p2b: Sneasler|move: Protect
|
|upkeep
|turn|2
|
|t:|1785879740
|switch|p1a: Farigiraf|Farigiraf, L50, M, shiny|100/100
|move|p2a: Lycanroc|Accelerock||[still]
|cant|p1a: Farigiraf|ability: Armor Tail|Accelerock|[of] p2a: Lycanroc
|move|p2b: Sneasler|Close Combat|p1a: Farigiraf
|-damage|p1a: Farigiraf|45/100
|-unboost|p2b: Sneasler|def|1
|-unboost|p2b: Sneasler|spd|1
|-enditem|p1a: Farigiraf|Sitrus Berry|[eat]
|-heal|p1a: Farigiraf|70/100|[from] item: Sitrus Berry
|-enditem|p2b: Sneasler|White Herb
|-clearnegativeboost|p2b: Sneasler|[silent]
|move|p1b: Arcanine|Flare Blitz|p2b: Sneasler
|-damage|p2b: Sneasler|24/100
|
|upkeep
|turn|3
|
|t:|1785879779
|move|p1b: Arcanine|Extreme Speed|p2b: Sneasler
|-damage|p2b: Sneasler|0 fnt
|faint|p2b: Sneasler
|move|p2a: Lycanroc|Rock Slide|p1b: Arcanine|[spread] p1a,p1b
|-supereffective|p1b: Arcanine|1
|-damage|p1a: Farigiraf|43/100
|-damage|p1b: Arcanine|0 fnt
|faint|p1b: Arcanine
|move|p1a: Farigiraf|Trick Room|p1a: Farigiraf
|-fieldstart|move: Trick Room|[of] p1a: Farigiraf
|
|upkeep
|
|t:|1785879790
|switch|p1b: Kingambit|Kingambit, L50, M|100/100
|switch|p2b: Scovillain|Scovillain, L50, M|100/100
|turn|4
|
|t:|1785879841
|detailschange|p2b: Scovillain|Scovillain-Mega, L50, M
|-mega|p2b: Scovillain|Scovillain|Scovillainite
|move|p2b: Scovillain|Rage Powder|p2b: Scovillain
|-singleturn|p2b: Scovillain|move: Rage Powder
|move|p1b: Kingambit|Kowtow Cleave|p2b: Scovillain
|-damage|p2b: Scovillain|41/100
|-status|p1b: Kingambit|brn|[from] ability: Spicy Spray|[of] p2b: Scovillain
|-damage|p1b: Kingambit|90/100 brn|[from] item: Life Orb
|move|p1a: Farigiraf|Psychic|p2b: Scovillain
|-damage|p2b: Scovillain|4/100
|-status|p1a: Farigiraf|brn|[from] ability: Spicy Spray|[of] p2b: Scovillain
|move|p2a: Lycanroc|Close Combat|p1a: Farigiraf
|-damage|p1a: Farigiraf|0 fnt
|-unboost|p2a: Lycanroc|def|1
|-unboost|p2a: Lycanroc|spd|1
|faint|p1a: Farigiraf
|
|-damage|p1b: Kingambit|84/100 brn|[from] brn
|upkeep
|
|t:|1785879861
|switch|p1a: Raichu|Raichu-Mega-Y, L50, M|100/100
|turn|5
|
|t:|1785879870
|move|p2b: Scovillain|Protect|p2b: Scovillain
|-singleturn|p2b: Scovillain|Protect
|move|p2a: Lycanroc|Protect|p2a: Lycanroc
|-singleturn|p2a: Lycanroc|Protect
|move|p1a: Raichu|Fake Out|p2a: Lycanroc
|-activate|p2a: Lycanroc|move: Protect
|move|p1b: Kingambit|Kowtow Cleave|p2b: Scovillain
|-activate|p2b: Scovillain|move: Protect
|
|-damage|p1b: Kingambit|78/100 brn|[from] brn
|upkeep
|turn|6
|
|t:|1785879910
|move|p2b: Scovillain|Rage Powder|p2b: Scovillain
|-singleturn|p2b: Scovillain|move: Rage Powder
|move|p1b: Kingambit|Kowtow Cleave|p2b: Scovillain
|-damage|p2b: Scovillain|0 fnt
|faint|p2b: Scovillain
|-damage|p1b: Kingambit|69/100 brn|[from] item: Life Orb
|move|p2a: Lycanroc|Close Combat|p1b: Kingambit
|-supereffective|p1b: Kingambit|2
|-damage|p1b: Kingambit|0 fnt
|-unboost|p2a: Lycanroc|def|1
|-unboost|p2a: Lycanroc|spd|1
|faint|p1b: Kingambit
|move|p1a: Raichu|Zap Cannon|p2a: Lycanroc
|-enditem|p2a: Lycanroc|Focus Sash
|-damage|p2a: Lycanroc|1/100
|-status|p2a: Lycanroc|par
|
|upkeep
|
|t:|1785879918
|switch|p2b: Basculegion|Basculegion, L50, M|100/100
|turn|7
|
|t:|1785879938
|move|p2b: Basculegion|Aqua Jet|p1a: Raichu
|-damage|p1a: Raichu|66/100
|move|p2a: Lycanroc|Close Combat|p1a: Raichu
|-damage|p1a: Raichu|0 fnt
|-unboost|p2a: Lycanroc|def|1
|-unboost|p2a: Lycanroc|spd|1
|faint|p1a: Raichu
|
|win|luscapvp
