|j|☆iannaVi
|j|☆Divine Monkey King
|html|iannaViDivine Monkey King    
|uhtml|bestof|Game 1 of a best-of-3
|t:|1784980024
|gametype|doubles
|player|p1|iannaVi|cheren-gen5bw2|1160
|player|p2|Divine Monkey King|170|1173
|gen|9
|tier|[Gen 9 Champions] VGC 2026 Reg M-B (Bo3)
|rated|
|rule|Species Clause: Limit one of each Pokémon
|rule|Item Clause: Limit 1 of each item
|clearpoke
|poke|p1|Tyranitar, L50, F|
|poke|p1|Excadrill, L50, M|
|poke|p1|Milotic, L50, M|
|poke|p1|Sinistcha, L50|
|poke|p1|Staraptor, L50, M|
|poke|p1|Gholdengo, L50|
|poke|p2|Tyranitar, L50, M, shiny|
|poke|p2|Aerodactyl, L50, M, shiny|
|poke|p2|Pelipper, L50, M, shiny|
|poke|p2|Basculegion, L50, M, shiny|
|poke|p2|Beedrill, L50, M, shiny|
|poke|p2|Annihilape, L50, M, shiny|
|teampreview|4
|showteam|p1|Tyranitar||Tyranitarite|SandStream|KnockOff,RockSlide,HighHorsepower,Protect|Jolly||F|||50|]Excadrill||FocusSash|SandRush|Earthquake,IronHead,RockSlide,Protect|Adamant||M|||50|]Milotic||SitrusBerry|Competitive|Scald,IcyWind,Haze,Protect|Calm||M|||50|]Sinistcha||ColburBerry|Hospitality|MatchaGotcha,LifeDew,RagePowder,Protect|Bold|||||50|]Staraptor||Staraptite|Intimidate|CloseCombat,BraveBird,Tailwind,Protect|Jolly||M|||50|]Gholdengo||LifeOrb|GoodasGold|MakeItRain,ShadowBall,NastyPlot,Protect|Modest|||||50|
|showteam|p2|Tyranitar||Tyranitarite|SandStream|BrickBreak,KnockOff,Protect,RockSlide|Adamant||M|||50|]Aerodactyl||FocusSash|Unnerve|DualWingbeat,IronHead,Protect,Tailwind|Jolly||M|||50|]Pelipper||WacanBerry|Drizzle|Hurricane,IceBeam,Protect,WeatherBall|Calm||M|||50|]Basculegion||MysticWater|SwiftSwim|AquaJet,FlipTurn,LastRespects,Protect|Adamant||M|||50|]Beedrill||Beedrillite|Sniper|PoisonJab,Protect,Uturn,FellStinger|Jolly||M|||50|]Annihilape||Leftovers|Defiant|BulkUp,DrainPunch,Protect,ThunderPunch|Adamant||M|||50|
|inactive|Battle timer is ON: inactive players will automatically lose when time's up. (requested by iannaVi)
|inactive|iannaVi has 60 seconds left.
|
|t:|1784980061
|teamsize|p1|4
|teamsize|p2|4
|start
|switch|p1a: Tyranitar|Tyranitar, L50, F|100/100
|switch|p1b: Excadrill|Excadrill, L50, M|100/100
|switch|p2a: Aerodactyl|Aerodactyl, L50, M, shiny|100/100
|switch|p2b: Basculegion|Basculegion, L50, M, shiny|100/100
|-ability|p2a: Aerodactyl|Unnerve
|-weather|Sandstorm|[from] ability: Sand Stream|[of] p1a: Tyranitar
|turn|1
|inactive|iannaVi has 30 seconds left.
|
|t:|1784980088
|move|p2a: Aerodactyl|Protect|p2a: Aerodactyl
|-singleturn|p2a: Aerodactyl|Protect
|move|p2b: Basculegion|Protect|p2b: Basculegion
|-singleturn|p2b: Basculegion|Protect
|move|p1b: Excadrill|Iron Head|p2a: Aerodactyl
|-activate|p2a: Aerodactyl|move: Protect
|move|p1a: Tyranitar|Rock Slide|p2b: Basculegion|[spread] 
|-activate|p2a: Aerodactyl|move: Protect
|-activate|p2b: Basculegion|move: Protect
|
|-weather|Sandstorm|[upkeep]
|-damage|p2b: Basculegion|93/100|[from] Sandstorm
|upkeep
|turn|2
|
|t:|1784980112
|switch|p2a: Pelipper|Pelipper, L50, M, shiny|100/100
|-weather|RainDance|[from] ability: Drizzle|[of] p2a: Pelipper
|move|p2b: Basculegion|Flip Turn|p1b: Excadrill
|-supereffective|p1b: Excadrill|1
|-enditem|p1b: Excadrill|Focus Sash
|-damage|p1b: Excadrill|1/100
|
|t:|1784980121
|switch|p2b: Aerodactyl|Aerodactyl, L50, M, shiny|100/100|[from] Flip Turn
|-ability|p2b: Aerodactyl|Unnerve
|move|p1b: Excadrill|Iron Head|p2a: Pelipper
|-resisted|p2a: Pelipper|1
|-damage|p2a: Pelipper|73/100
|move|p1a: Tyranitar|Knock Off|p2b: Aerodactyl
|-damage|p2b: Aerodactyl|19/100
|-enditem|p2b: Aerodactyl|Focus Sash|[from] move: Knock Off|[of] p1a: Tyranitar
|
|-weather|RainDance|[upkeep]
|upkeep
|turn|3
|
|t:|1784980140
|switch|p1a: Staraptor|Staraptor, L50, M|100/100
|-ability|p1a: Staraptor|Intimidate|boost
|-unboost|p2a: Pelipper|atk|1
|-unboost|p2b: Aerodactyl|atk|1
|move|p1b: Excadrill|Protect|p1b: Excadrill
|-singleturn|p1b: Excadrill|Protect
|move|p2b: Aerodactyl|Tailwind|p2b: Aerodactyl
|-sidestart|p2: Divine Monkey King|move: Tailwind
|move|p2a: Pelipper|Weather Ball|p1b: Excadrill
|-activate|p1b: Excadrill|move: Protect
|
|-weather|RainDance|[upkeep]
|upkeep
|turn|4
|
|t:|1784980156
|switch|p1b: Tyranitar|Tyranitar, L50, F|100/100
|-weather|Sandstorm|[from] ability: Sand Stream|[of] p1b: Tyranitar
|detailschange|p1a: Staraptor|Staraptor-Mega, L50, M
|-mega|p1a: Staraptor|Staraptor|Staraptite
|move|p2b: Aerodactyl|Iron Head|p1b: Tyranitar
|-supereffective|p1b: Tyranitar|1
|-damage|p1b: Tyranitar|70/100
|move|p2a: Pelipper|Hurricane|p1a: Staraptor
|-supereffective|p1a: Staraptor|1
|-damage|p1a: Staraptor|3/100
|-start|p1a: Staraptor|confusion
|-activate|p1a: Staraptor|confusion
|move|p1a: Staraptor|Close Combat|p2b: Aerodactyl
|-damage|p2b: Aerodactyl|0 fnt
|-boost|p1a: Staraptor|def|1
|-boost|p1a: Staraptor|spd|1
|faint|p2b: Aerodactyl
|
|-weather|Sandstorm|[upkeep]
|-damage|p2a: Pelipper|67/100|[from] Sandstorm
|-damage|p1a: Staraptor|0 fnt|[from] Sandstorm
|faint|p1a: Staraptor
|upkeep
|
|t:|1784980178
|switch|p2b: Basculegion|Basculegion, L50, M, shiny|93/100
|switch|p1a: Excadrill|Excadrill, L50, M|1/100
|turn|5
|
|t:|1784980189
|switch|p2a: Tyranitar|Tyranitar, L50, M, shiny|100/100
|move|p1a: Excadrill|Protect|p1a: Excadrill
|-singleturn|p1a: Excadrill|Protect
|move|p1b: Tyranitar|Protect|p1b: Tyranitar
|-singleturn|p1b: Tyranitar|Protect
|move|p2b: Basculegion|Aqua Jet|p1a: Excadrill
|-activate|p1a: Excadrill|move: Protect
|
|-weather|Sandstorm|[upkeep]
|-damage|p2b: Basculegion|87/100|[from] Sandstorm
|upkeep
|turn|6
|inactive|Divine Monkey King has 30 seconds left.
|
|t:|1784980219
|detailschange|p2a: Tyranitar|Tyranitar-Mega, L50, M, shiny
|-mega|p2a: Tyranitar|Tyranitar|Tyranitarite
|move|p2b: Basculegion|Aqua Jet|p1a: Excadrill
|-supereffective|p1a: Excadrill|1
|-damage|p1a: Excadrill|0 fnt
|faint|p1a: Excadrill
|move|p2a: Tyranitar|Brick Break|p1b: Tyranitar
|-supereffective|p1b: Tyranitar|2
|-damage|p1b: Tyranitar|0 fnt
|faint|p1b: Tyranitar
|
|-weather|Sandstorm|[upkeep]
|-damage|p2b: Basculegion|81/100|[from] Sandstorm
|-sideend|p2: Divine Monkey King|move: Tailwind
|upkeep
|-message|iannaVi forfeited.
|
|win|Divine Monkey King
|l|☆iannaVi
|player|p1|
||iannaVi is ready for game 2.
|j|☆iannaVi
|player|p1|iannaVi|cheren-gen5bw2|
|inactive|Divine Monkey King has 30 seconds to confirm battle start!
||Divine Monkey King is ready for game 2.
|uhtml|next|Next: Game 2 of 3
|l|☆iannaVi
|player|p1|
