|j|☆PsychedelicDawgII
|j|☆NewTrainaOnDaBlock
|html|PsychedelicDawgIINewTrainaOnDaBlock    
|uhtml|bestof|Game 1 of a best-of-3
|t:|1785806059
|gametype|doubles
|player|p1|PsychedelicDawgII|clerk|
|player|p2|NewTrainaOnDaBlock|265|
|gen|9
|tier|[Gen 9 Champions] VGC 2026 Reg M-B (Bo3)
|rule|Species Clause: Limit one of each Pokémon
|rule|Item Clause: Limit 1 of each item
|clearpoke
|poke|p1|Pinsir, L50, M|
|poke|p1|Volcarona, L50, M|
|poke|p1|Grimmsnarl, L50, M|
|poke|p1|Tyranitar, L50, F|
|poke|p1|Gengar, L50, F|
|poke|p1|Skarmory, L50, M|
|poke|p2|Drampa, L50, F|
|poke|p2|Meowstic, L50, M|
|poke|p2|Heracross, L50, M|
|poke|p2|Maushold-Four, L50|
|poke|p2|Florges, L50, F|
|poke|p2|Decidueye-Hisui, L50, M|
|teampreview|4
|showteam|p1|Pinsir||Pinsirite|HyperCutter|Protect,BodySlam,RockSlide,Feint|Jolly||M|||50|]Volcarona||PasshoBerry|FlameBody|Protect,QuiverDance,HeatWave,GigaDrain|Modest||M|||50|]Grimmsnarl||LightClay|Prankster|FakeOut,Reflect,Taunt,SuckerPunch|Adamant||M|||50|]Tyranitar||ChopleBerry|SandStream|RockSlide,KnockOff,HeavySlam,Protect|Brave||F|||50|]Gengar||Gengarite|CursedBody|Protect,SludgeBomb,ShadowBall,TrickRoom|Timid||F|||50|]Skarmory||Leftovers|Sturdy|IronDefense,Roost,BodyPress,Protect|Careful||M|||50|
|showteam|p2|Drampa||Drampanite|CloudNine|EarthPower,DragonPulse,Thunderbolt,Protect|Quiet||F|||50|]Meowstic||LightClay|Prankster|TrickRoom,Reflect,LightScreen,Thunderbolt|Calm||M|||50|]Heracross||Heracronite|Guts|RockBlast,Detect,PinMissile,BrickBreak|Naughty||M|||50|]Maushold-Four||BrightPowder|FriendGuard|Protect,FollowMe,SuperFang,HelpingHand|Bold|||||50|]Florges||Leftovers|FlowerVeil|PollenPuff,Moonblast,HelpingHand,Protect|Calm||F|||50|]Decidueye-Hisui||ScopeLens|Scrappy|Protect,LeafBlade,TripleArrows,SuckerPunch|Brave||M|||50|
|
|t:|1785806135
|teamsize|p1|4
|teamsize|p2|4
|start
|switch|p1a: Buns|Gengar, L50, F|100/100
|switch|p1b: Martin|Skarmory, L50, M|100/100
|switch|p2a: Meowstic|Meowstic, L50, M|100/100
|switch|p2b: Drampa|Drampa, L50, F|100/100
|-ability|p2b: Drampa|Cloud Nine
|turn|1
|
|t:|1785806184
|switch|p1b: Corona|Volcarona, L50, M|100/100
|detailschange|p1a: Buns|Gengar-Mega, L50, F
|-mega|p1a: Buns|Gengar|Gengarite
|move|p2b: Drampa|Protect|p2b: Drampa
|-singleturn|p2b: Drampa|Protect
|move|p1a: Buns|Sludge Bomb|p2b: Drampa
|-activate|p2b: Drampa|move: Protect
|move|p2a: Meowstic|Trick Room|p2a: Meowstic
|-fieldstart|move: Trick Room|[of] p2a: Meowstic
|
|upkeep
|turn|2
|
|t:|1785806204
|move|p2a: Meowstic|Light Screen|p2a: Meowstic
|-sidestart|p2: NewTrainaOnDaBlock|move: Light Screen
|move|p2b: Drampa|Earth Power|p1a: Buns
|-supereffective|p1a: Buns|1
|-damage|p1a: Buns|40/100
|-unboost|p1a: Buns|spd|1
|move|p1b: Corona|Quiver Dance|p1b: Corona
|-boost|p1b: Corona|spa|1
|-boost|p1b: Corona|spd|1
|-boost|p1b: Corona|spe|1
|move|p1a: Buns|Trick Room|p1a: Buns
|-fieldend|move: Trick Room
|
|upkeep
|turn|3
|
|t:|1785806244
|move|p1a: Buns|Protect|p1a: Buns
|-singleturn|p1a: Buns|Protect
|move|p2a: Meowstic|Reflect|p2a: Meowstic
|-sidestart|p2: NewTrainaOnDaBlock|Reflect
|move|p1b: Corona|Quiver Dance|p1b: Corona
|-boost|p1b: Corona|spa|1
|-boost|p1b: Corona|spd|1
|-boost|p1b: Corona|spe|1
|move|p2b: Drampa|Earth Power|p1a: Buns
|-activate|p1a: Buns|move: Protect
|
|upkeep
|turn|4
|
|t:|1785806287
|switch|p1a: Martin|Skarmory, L50, M|100/100
|move|p2b: Drampa|Protect|p2b: Drampa
|-singleturn|p2b: Drampa|Protect
|move|p1b: Corona|Quiver Dance|p1b: Corona
|-boost|p1b: Corona|spa|1
|-boost|p1b: Corona|spd|1
|-boost|p1b: Corona|spe|1
|move|p2a: Meowstic|Thunderbolt|p1b: Corona
|-damage|p1b: Corona|93/100
|-status|p1b: Corona|par
|
|upkeep
|turn|5
|
|t:|1785806315
|move|p1a: Martin|Protect|p1a: Martin
|-singleturn|p1a: Martin|Protect
|move|p1b: Corona|Heat Wave|p2b: Drampa|[spread] p2a,p2b
|-resisted|p2b: Drampa|1
|-damage|p2a: Meowstic|33/100
|-damage|p2b: Drampa|65/100
|move|p2b: Drampa|Thunderbolt|p1a: Martin
|-activate|p1a: Martin|move: Protect
|move|p2a: Meowstic|Trick Room|p2a: Meowstic
|-fieldstart|move: Trick Room|[of] p2a: Meowstic
|
|upkeep
|turn|6
|
|t:|1785806339
|switch|p1a: Claymore|Tyranitar, L50, F|100/100
|-weather|Sandstorm|[from] ability: Sand Stream|[of] p1a: Claymore
|switch|p2a: Maushold|Maushold-Four, L50|100/100
|move|p2b: Drampa|Protect|p2b: Drampa
|-singleturn|p2b: Drampa|Protect
|move|p1b: Corona|Heat Wave|p2b: Drampa|[spread] p2a
|-activate|p2b: Drampa|move: Protect
|-damage|p2a: Maushold|37/100
|
|-weather|Sandstorm|[upkeep]
|upkeep
|turn|7
|
|t:|1785806374
|move|p1b: Corona|Protect|p1b: Corona
|-singleturn|p1b: Corona|Protect
|move|p2a: Maushold|Follow Me|p2a: Maushold
|-singleturn|p2a: Maushold|move: Follow Me
|move|p2b: Drampa|Earth Power|p1a: Claymore
|-supereffective|p1a: Claymore|1
|-damage|p1a: Claymore|42/100
|move|p1a: Claymore|Rock Slide|p2b: Drampa|[spread] p2a,p2b
|-damage|p2a: Maushold|16/100
|-damage|p2b: Drampa|48/100
|
|-weather|Sandstorm|[upkeep]
|upkeep
|turn|8
|
|t:|1785806396
|move|p2b: Drampa|Protect|p2b: Drampa
|-singleturn|p2b: Drampa|Protect
|move|p1a: Claymore|Protect|p1a: Claymore
|-singleturn|p1a: Claymore|Protect
|move|p2a: Maushold|Super Fang|p1b: Corona
|-damage|p1b: Corona|46/100 par
|move|p1b: Corona|Heat Wave|p2b: Drampa|[spread] p2a
|-activate|p2b: Drampa|move: Protect
|-damage|p2a: Maushold|0 fnt
|faint|p2a: Maushold
|
|-weather|Sandstorm|[upkeep]
|upkeep
|
|t:|1785806411
|switch|p2a: Heracross|Heracross, L50, M|100/100
|turn|9
|
|t:|1785806427
|detailschange|p2a: Heracross|Heracross-Mega, L50, M
|-mega|p2a: Heracross|Heracross|Heracronite
|move|p1b: Corona|Protect|p1b: Corona
|-singleturn|p1b: Corona|Protect
|move|p2b: Drampa|Earth Power|p1a: Claymore
|-supereffective|p1a: Claymore|1
|-damage|p1a: Claymore|0 fnt
|faint|p1a: Claymore
|move|p2a: Heracross|Rock Blast|p1b: Corona
|-activate|p1b: Corona|move: Protect
|
|-weather|Sandstorm|[upkeep]
|-sideend|p2: NewTrainaOnDaBlock|move: Light Screen
|-fieldend|move: Trick Room
|upkeep
|
|t:|1785806448
|switch|p1a: Buns|Gengar-Mega, L50, F|40/100
|turn|10
|
|t:|1785806469
|move|p1a: Buns|Sludge Bomb|p2b: Drampa
|-crit|p2b: Drampa
|-damage|p2b: Drampa|0 fnt
|faint|p2b: Drampa
|move|p1b: Corona|Heat Wave|p2a: Heracross
|-supereffective|p2a: Heracross|1
|-damage|p2a: Heracross|0 fnt
|faint|p2a: Heracross
|
|-weather|none
|-sideend|p2: NewTrainaOnDaBlock|Reflect
|upkeep
|
|t:|1785806489
|switch|p2b: Meowstic|Meowstic, L50, M|33/100
|turn|11
|
|t:|1785806502
|move|p2b: Meowstic|Light Screen|p2b: Meowstic
|-sidestart|p2: NewTrainaOnDaBlock|move: Light Screen
|move|p1a: Buns|Shadow Ball|p2b: Meowstic
|-supereffective|p2b: Meowstic|1
|-crit|p2b: Meowstic
|-damage|p2b: Meowstic|0 fnt
|faint|p2b: Meowstic
|
|win|PsychedelicDawgII
|inactive|PsychedelicDawgII has 30 seconds to confirm battle start!
|inactive|NewTrainaOnDaBlock has 30 seconds to confirm battle start!
||PsychedelicDawgII is ready for game 2.
|inactive|NewTrainaOnDaBlock has 20 seconds to confirm battle start!
|inactive|NewTrainaOnDaBlock has 10 seconds to confirm battle start!
||NewTrainaOnDaBlock is ready for game 2.
|uhtml|next|Next: Game 2 of 3
|l|☆PsychedelicDawgII
|player|p1|
