|j|☆kamisnivy
|j|☆monsoonisbest
|html|kamisnivymonsoonisbest    
|uhtml|bestof|Game 1 of a best-of-3
|t:|1782549858
|gametype|doubles
|player|p1|kamisnivy|101|1107
|player|p2|monsoonisbest|1|1146
|gen|9
|tier|[Gen 9 Champions] VGC 2026 Reg M-B (Bo3)
|rated|
|rule|Species Clause: Limit one of each Pokémon
|rule|Item Clause: Limit 1 of each item
|clearpoke
|poke|p1|Charizard, L50, M|
|poke|p1|Basculegion, L50, M|
|poke|p1|Floette-Eternal, L50, F|
|poke|p1|Sableye, L50, F|
|poke|p1|Espathra, L50, F|
|poke|p1|Sinistcha, L50|
|poke|p2|Pyroar, L50, M|
|poke|p2|Basculegion, L50, M|
|poke|p2|Mawile, L50, M|
|poke|p2|Torkoal, L50, F|
|poke|p2|Oranguru, L50, F|
|poke|p2|Grimmsnarl, L50, M|
|teampreview|4
|showteam|p1|Charizard||CharizarditeY|Blaze|HeatWave,Protect,SolarBeam,WeatherBall|Timid||M|||50|]Basculegion||LifeOrb|Adaptability|AquaJet,LastRespects,WaveCrash,FlipTurn|Jolly||M|||50|]Floette-Eternal||Floettite|FlowerVeil|CalmMind,DrainingKiss,LightofRuin,DazzlingGleam|Timid||F|||50|]Sableye||RoseliBerry|Prankster|LightScreen,Reflect,FakeOut,Protect|Impish||F|||50|]Espathra||MentalHerb|SpeedBoost|BatonPass,CalmMind,LuminaCrash,Protect|Modest||F|||50|]Sinistcha||Leftovers|Hospitality|MatchaGotcha,ShadowBall,StrengthSap,RagePowder|Modest|||||50|
|showteam|p2|Pyroar||Pyroarite|Rivalry|HeatWave,SolarBeam,Overheat,Protect|Timid||M|||50|]Basculegion||ChoiceScarf|SwiftSwim|WaveCrash,LastRespects,FlipTurn,AquaJet|Jolly||M|||50|]Mawile||Mawilite|HyperCutter|IronHead,PlayRough,SuckerPunch,Protect|Adamant||M|||50|]Torkoal||Charcoal|Drought|Eruption,WeatherBall,HelpingHand,Protect|Quiet||F|||50|]Oranguru||MentalHerb|InnerFocus|Psychic,TrickRoom,Encore,Instruct|Relaxed||F|||50|]Grimmsnarl||SitrusBerry|Prankster|SpiritBreak,FakeOut,LightScreen,PartingShot|Careful||M|||50|
|inactive|Battle timer is ON: inactive players will automatically lose when time's up. (requested by kamisnivy)
|
|t:|1782549885
|teamsize|p1|4
|teamsize|p2|4
|start
|switch|p1a: Espathra|Espathra, L50, F|100/100
|switch|p1b: Sableye|Sableye, L50, F|100/100
|switch|p2a: Grimmsnarl|Grimmsnarl, L50, M|100/100
|switch|p2b: Oranguru|Oranguru, L50, F|100/100
|turn|1
|
|t:|1782549903
|move|p2a: Grimmsnarl|Fake Out|p1a: Espathra
|-damage|p1a: Espathra|83/100
|move|p1b: Sableye|Fake Out|p2b: Oranguru
|-damage|p2b: Oranguru|93/100
|cant|p1a: Espathra|flinch
|move|p2b: Oranguru|Trick Room|p2b: Oranguru
|-fieldstart|move: Trick Room|[of] p2b: Oranguru
|
|-ability|p1a: Espathra|Speed Boost|boost
|-boost|p1a: Espathra|spe|1
|upkeep
|turn|2
|
|t:|1782549924
|move|p1b: Sableye|Reflect|p1b: Sableye
|-sidestart|p1: kamisnivy|Reflect
|move|p2a: Grimmsnarl|Parting Shot|p1a: Espathra
|-unboost|p1a: Espathra|atk|1
|-unboost|p1a: Espathra|spa|1
|
|t:|1782549928
|switch|p2a: Torkoal|Torkoal, L50, F|100/100|[from] Parting Shot
|-weather|SunnyDay|[from] ability: Drought|[of] p2a: Torkoal
|move|p2b: Oranguru|Encore|p1b: Sableye
|-start|p1b: Sableye|Encore
|move|p1a: Espathra|Calm Mind|p1a: Espathra
|-boost|p1a: Espathra|spa|1
|-boost|p1a: Espathra|spd|1
|
|-weather|SunnyDay|[upkeep]
|-ability|p1a: Espathra|Speed Boost|boost
|-boost|p1a: Espathra|spe|1
|upkeep
|turn|3
|inactive|kamisnivy has 30 seconds left.
|inactive|kamisnivy has 20 seconds left.
|
|t:|1782549966
|switch|p1b: Sinistcha|Sinistcha, L50|100/100
|-heal|p1a: Espathra|100/100|[from] ability: Hospitality|[of] p1b: Sinistcha
|move|p1a: Espathra|Protect|p1a: Espathra
|-singleturn|p1a: Espathra|Protect
|move|p2a: Torkoal|Eruption|p1a: Espathra|[spread] p1b
|-activate|p1a: Espathra|move: Protect
|-supereffective|p1b: Sinistcha|1
|-damage|p1b: Sinistcha|0 fnt
|faint|p1b: Sinistcha
|move|p2b: Oranguru|Instruct|p2a: Torkoal
|-singleturn|p2a: Torkoal|move: Instruct|[of] p2b: Oranguru
|move|p2a: Torkoal|Eruption|p1a: Espathra
|-activate|p1a: Espathra|move: Protect
|
|-weather|SunnyDay|[upkeep]
|-ability|p1a: Espathra|Speed Boost|boost
|-boost|p1a: Espathra|spe|1
|upkeep
|
|t:|1782549970
|switch|p1b: Sableye|Sableye, L50, F|100/100
|turn|4
|
|t:|1782549981
|move|p1b: Sableye|Fake Out|p2a: Torkoal
|-damage|p2a: Torkoal|93/100
|cant|p2a: Torkoal|flinch
|move|p2b: Oranguru|Encore|p1a: Espathra
|-start|p1a: Espathra|Encore
|-enditem|p1a: Espathra|Mental Herb
|-end|p1a: Espathra|Encore
|move|p1a: Espathra|Calm Mind|p1a: Espathra
|-boost|p1a: Espathra|spa|1
|-boost|p1a: Espathra|spd|1
|
|-weather|SunnyDay|[upkeep]
|-ability|p1a: Espathra|Speed Boost|boost
|-boost|p1a: Espathra|spe|1
|upkeep
|turn|5
|
|t:|1782549999
|move|p1b: Sableye|Light Screen|p1b: Sableye
|-sidestart|p1: kamisnivy|move: Light Screen
|move|p2a: Torkoal|Eruption|p1a: Espathra|[spread] p1a,p1b
|-damage|p1a: Espathra|61/100
|-damage|p1b: Sableye|15/100
|move|p2b: Oranguru|Instruct|p2a: Torkoal
|-singleturn|p2a: Torkoal|move: Instruct|[of] p2b: Oranguru
|move|p2a: Torkoal|Eruption|p1b: Sableye|[spread] p1a,p1b
|-damage|p1a: Espathra|19/100
|-damage|p1b: Sableye|0 fnt
|faint|p1b: Sableye
|move|p1a: Espathra|Baton Pass|p1a: Espathra
|
|t:|1782550010
|switch|p1a: Floette|Floette-Eternal, L50, F|100/100|[from] Baton Pass
|
|-weather|SunnyDay|[upkeep]
|-fieldend|move: Trick Room
|upkeep
|
|t:|1782550012
|switch|p1b: Espathra|Espathra, L50, F|19/100
|turn|6
|
|t:|1782550026
|detailschange|p1a: Floette|Floette-Mega, L50, F
|-mega|p1a: Floette|Floette|Floettite
|-ability|p1a: Floette|Fairy Aura
|move|p1a: Floette|Light of Ruin|p2a: Torkoal
|-resisted|p2a: Torkoal|1
|-damage|p2a: Torkoal|1/100
|-damage|p1a: Floette|45/100|[from] Recoil
|move|p1b: Espathra|Lumina Crash|p2a: Torkoal
|-damage|p2a: Torkoal|0 fnt
|faint|p2a: Torkoal
|move|p2b: Oranguru|Trick Room|p2b: Oranguru
|-fieldstart|move: Trick Room|[of] p2b: Oranguru
|
|-weather|none
|-sideend|p1: kamisnivy|Reflect
|-ability|p1b: Espathra|Speed Boost|boost
|-boost|p1b: Espathra|spe|1
|upkeep
|
|t:|1782550029
|switch|p2a: Mawile|Mawile, L50, M|100/100
|turn|7
|
|t:|1782550045
|detailschange|p2a: Mawile|Mawile-Mega, L50, M
|-mega|p2a: Mawile|Mawile|Mawilite
|move|p2a: Mawile|Iron Head|p1a: Floette
|-supereffective|p1a: Floette|1
|-damage|p1a: Floette|0 fnt
|faint|p1a: Floette
|move|p2b: Oranguru|Psychic|p1b: Espathra
|-resisted|p1b: Espathra|1
|-damage|p1b: Espathra|4/100
|move|p1b: Espathra|Calm Mind|p1b: Espathra
|-boost|p1b: Espathra|spa|1
|-boost|p1b: Espathra|spd|1
|
|-ability|p1b: Espathra|Speed Boost|boost
|-boost|p1b: Espathra|spe|1
|upkeep
|turn|8
|
|t:|1782550055
|move|p2a: Mawile|Iron Head|p1b: Espathra
|-damage|p1b: Espathra|0 fnt
|faint|p1b: Espathra
|
|win|monsoonisbest
