|j|☆sbhaga34
|j|☆alexander1111
|html|sbhaga34alexander1111    
|uhtml|bestof|Game 1 of a best-of-3
|t:|1784671058
|gametype|doubles
|player|p1|sbhaga34|hugh|1361
|player|p2|alexander1111|preschooler|1383
|gen|9
|tier|[Gen 9 Champions] VGC 2026 Reg M-B (Bo3)
|rated|
|rule|Species Clause: Limit one of each Pokémon
|rule|Item Clause: Limit 1 of each item
|clearpoke
|poke|p1|Excadrill, L50, M|
|poke|p1|Tyranitar, L50, M|
|poke|p1|Corviknight, L50, F|
|poke|p1|Rotom-Wash, L50|
|poke|p1|Chandelure, L50, F|
|poke|p1|Scovillain, L50, F|
|poke|p2|Milotic, L50, M|
|poke|p2|Maushold-Four, L50|
|poke|p2|Charizard, L50, M, shiny|
|poke|p2|Whimsicott, L50, M, shiny|
|poke|p2|Kingambit, L50, F|
|poke|p2|Garchomp, L50, M|
|teampreview|4
|showteam|p1|Excadrill||FocusSash|SandRush|Earthquake,IronHead,SwordsDance,Protect|Adamant||M|||50|]Tyranitar||Tyranitarite|SandStream|RockSlide,KnockOff,LowKick,Protect|Adamant||M|||50|]Corviknight||SharpBeak|MirrorArmor|BraveBird,Tailwind,BulkUp,Roost|Careful||F|||50|]Rotom-Wash||ChoiceScarf|Levitate|VoltSwitch,Thunderbolt,Electroweb,HydroPump|Timid|||||50|]Chandelure||ShucaBerry|FlashFire|HeatWave,ShadowBall,TrickRoom,Protect|Modest||F|||50|]Scovillain||Scovillainite|Chlorophyll|RagePowder,Overheat,GigaDrain,Protect|Calm||F|||50|
|showteam|p2|Milotic||SitrusBerry|Competitive|Scald,IceBeam,HelpingHand,Protect|Modest||M|||50|]Maushold-Four||WideLens|Technician|PopulationBomb,FollowMe,Protect,SunnyDay|Jolly|||||50|]Charizard||CharizarditeY|Blaze|SolarBeam,HeatWave,WeatherBall,Protect|Timid||M|||50|]Whimsicott||FocusSash|Prankster|Tailwind,Moonblast,Protect,Encore|Timid||M|||50|]Kingambit||ChopleBerry|Defiant|KowtowCleave,SuckerPunch,IronHead,LowKick|Adamant||F|||50|]Garchomp||LifeOrb|RoughSkin|RockSlide,Earthquake,DragonClaw,Protect|Jolly||M|||50|
|inactive|Battle timer is ON: inactive players will automatically lose when time's up. (requested by sbhaga34)
|
|t:|1784671163
|teamsize|p1|4
|teamsize|p2|4
|start
|switch|p1a: Scovillain|Scovillain, L50, F|100/100
|switch|p1b: Chandelure|Chandelure, L50, F|100/100
|switch|p2a: Milotic|Milotic, L50, M|100/100
|switch|p2b: Garchomp|Garchomp, L50, M|100/100
|turn|1
|
|t:|1784671179
|detailschange|p1a: Scovillain|Scovillain-Mega, L50, F
|-mega|p1a: Scovillain|Scovillain|Scovillainite
|move|p2a: Milotic|Helping Hand|p2b: Garchomp
|-singleturn|p2b: Garchomp|Helping Hand|[of] p2a: Milotic
|move|p1b: Chandelure|Protect|p1b: Chandelure
|-singleturn|p1b: Chandelure|Protect
|move|p2b: Garchomp|Rock Slide|p1a: Scovillain|[spread] p1a
|-activate|p1b: Chandelure|move: Protect
|-supereffective|p1a: Scovillain|1
|-damage|p1a: Scovillain|31/100
|-status|p2b: Garchomp|brn|[from] ability: Spicy Spray|[of] p1a: Scovillain
|-damage|p2b: Garchomp|90/100 brn|[from] item: Life Orb
|move|p1a: Scovillain|Giga Drain|p2a: Milotic
|-supereffective|p2a: Milotic|1
|-damage|p2a: Milotic|49/100
|-heal|p1a: Scovillain|61/100|[from] drain|[of] p2a: Milotic
|-enditem|p2a: Milotic|Sitrus Berry|[eat]
|-heal|p2a: Milotic|74/100|[from] item: Sitrus Berry
|
|-damage|p2b: Garchomp|84/100 brn|[from] brn
|upkeep
|turn|2
|inactive|sbhaga34 has 30 seconds left.
|
|t:|1784671207
|move|p2a: Milotic|Protect|p2a: Milotic
|-singleturn|p2a: Milotic|Protect
|move|p1a: Scovillain|Rage Powder|p1a: Scovillain
|-singleturn|p1a: Scovillain|move: Rage Powder
|move|p2b: Garchomp|Rock Slide|p1a: Scovillain|[spread] p1a,p1b
|-supereffective|p1a: Scovillain|1
|-supereffective|p1b: Chandelure|1
|-damage|p1a: Scovillain|36/100
|-damage|p1b: Chandelure|71/100
|-damage|p2b: Garchomp|74/100 brn|[from] item: Life Orb
|move|p1b: Chandelure|Trick Room|p1b: Chandelure
|-fieldstart|move: Trick Room|[of] p1b: Chandelure
|
|-damage|p2b: Garchomp|68/100 brn|[from] brn
|upkeep
|turn|3
|
|t:|1784671224
|move|p1b: Chandelure|Protect|p1b: Chandelure
|-singleturn|p1b: Chandelure|Protect
|move|p1a: Scovillain|Giga Drain|p2a: Milotic
|-supereffective|p2a: Milotic|1
|-damage|p2a: Milotic|26/100
|-heal|p1a: Scovillain|64/100|[from] drain|[of] p2a: Milotic
|move|p2a: Milotic|Scald|p1a: Scovillain
|-damage|p1a: Scovillain|29/100
|-status|p2a: Milotic|brn|[from] ability: Spicy Spray|[of] p1a: Scovillain
|move|p2b: Garchomp|Rock Slide|p1a: Scovillain|[spread] p1a
|-activate|p1b: Chandelure|move: Protect
|-supereffective|p1a: Scovillain|1
|-crit|p1a: Scovillain
|-damage|p1a: Scovillain|0 fnt
|faint|p1a: Scovillain
|-damage|p2b: Garchomp|58/100 brn|[from] item: Life Orb
|
|-damage|p2a: Milotic|20/100y brn|[from] brn
|-damage|p2b: Garchomp|52/100 brn|[from] brn
|upkeep
|
|t:|1784671244
|switch|p1a: Corviknight|Corviknight, L50, F|100/100
|turn|4
|
|t:|1784671257
|move|p2a: Milotic|Scald|p1b: Chandelure
|-supereffective|p1b: Chandelure|1
|-damage|p1b: Chandelure|0 fnt
|faint|p1b: Chandelure
|move|p1a: Corviknight|Brave Bird|p2a: Milotic
|-damage|p2a: Milotic|0 fnt
|faint|p2a: Milotic
|-damage|p1a: Corviknight|93/100|[from] Recoil
|move|p2b: Garchomp|Rock Slide|p1a: Corviknight
|-damage|p1a: Corviknight|78/100
|-damage|p2b: Garchomp|42/100 brn|[from] item: Life Orb
|
|-damage|p2b: Garchomp|37/100 brn|[from] brn
|upkeep
|
|t:|1784671270
|switch|p2a: Kingambit|Kingambit, L50, F|100/100
|switch|p1b: Tyranitar|Tyranitar, L50, M|100/100
|-weather|Sandstorm|[from] ability: Sand Stream|[of] p1b: Tyranitar
|turn|5
|
|t:|1784671278
|move|p1b: Tyranitar|Protect|p1b: Tyranitar
|-singleturn|p1b: Tyranitar|Protect
|move|p2a: Kingambit|Low Kick|p1b: Tyranitar
|-activate|p1b: Tyranitar|move: Protect
|move|p1a: Corviknight|Brave Bird|p2b: Garchomp
|-damage|p2b: Garchomp|0 fnt
|-damage|p1a: Corviknight|65/100|[from] ability: Rough Skin|[of] p2b: Garchomp
|faint|p2b: Garchomp
|-damage|p1a: Corviknight|54/100|[from] Recoil
|
|-weather|Sandstorm|[upkeep]
|upkeep
|
|t:|1784671283
|switch|p2b: Whimsicott|Whimsicott, L50, M, shiny|100/100
|turn|6
|
|t:|1784671298
|move|p2b: Whimsicott|Protect|p2b: Whimsicott
|-singleturn|p2b: Whimsicott|Protect
|move|p2a: Kingambit|Low Kick|p1b: Tyranitar
|-supereffective|p1b: Tyranitar|2
|-damage|p1b: Tyranitar|0 fnt
|faint|p1b: Tyranitar
|move|p1a: Corviknight|Brave Bird|p2b: Whimsicott
|-activate|p2b: Whimsicott|move: Protect
|
|-weather|Sandstorm|[upkeep]
|-damage|p2b: Whimsicott|94/100|[from] Sandstorm
|-fieldend|move: Trick Room
|upkeep
|turn|7
|-message|sbhaga34 forfeited.
|
|win|alexander1111
