|j|☆ParroTiest
|j|☆Dysarster
|html|ParroTiestDysarster    
|uhtml|bestof|Game 1 of a best-of-3
|t:|1756321902
|gametype|doubles
|player|p1|ParroTiest|265|1143
|player|p2|Dysarster|swimmer-gen4dp|1085
|gen|9
|tier|[Gen 9] VGC 2025 Reg H (Bo3)
|rated|
|rule|Species Clause: Limit one of each Pokémon
|rule|Item Clause: Limit 1 of each item
|clearpoke
|poke|p1|Grimmsnarl, L50, M|
|poke|p1|Ursaluna-Bloodmoon, L50, M|
|poke|p1|Farigiraf, L50, F|
|poke|p1|Gholdengo, L50|
|poke|p1|Rillaboom, L50, M|
|poke|p1|Volcarona, L50, M|
|poke|p2|Glaceon, L50, F|
|poke|p2|Ninetales-Alola, L50, F|
|poke|p2|Arcanine-Hisui, L50, M|
|poke|p2|Hydreigon, L50, M|
|poke|p2|Palafin, L50, M|
|poke|p2|Mienshao, L50, F|
|teampreview|4
|showteam|p1|Grimmsnarl||LightClay|Prankster|Reflect,LightScreen,SpiritBreak,Taunt|||M|||50|,,,,,Ghost]Ursaluna-Bloodmoon||LifeOrb|MindsEye|BloodMoon,HyperVoice,EarthPower,Protect|||M|||50|,,,,,Normal]Farigiraf||ThroatSpray|ArmorTail|HyperVoice,Psychic,TrickRoom,Protect|||F|||50|,,,,,Fairy]Gholdengo||ChoiceSpecs|GoodasGold|MakeItRain,ShadowBall,PowerGem,Trick||||||50|,,,,,Water]Rillaboom||AssaultVest|GrassySurge|FakeOut,WoodHammer,GrassyGlide,Uturn|||M|||50|,,,,,Fire]Volcarona||Leftovers|FlameBody|QuiverDance,HeatWave,GigaDrain,Protect|||M|||50|,,,,,Grass
|showteam|p2|Glaceon||LifeOrb|SnowCloak|FreezeDry,Blizzard,WeatherBall,Protect|||F|||50|,,,,,Ice]Ninetales-Alola||LightClay|SnowWarning|AuroraVeil,IcyWind,Moonblast,HelpingHand|||F|||50|,,,,,Ghost]Arcanine-Hisui||SafetyGoggles|Intimidate|FlareBlitz,RockSlide,ExtremeSpeed,Protect|||M|||50|,,,,,Ghost]Hydreigon||CovertCloak|Levitate|DracoMeteor,Snarl,Tailwind,Protect|||M|||50|,,,,,Steel]Palafin||MysticWater|ZerotoHero|JetPunch,WaveCrash,CloseCombat,Haze|||M|||50|,,,,,Grass]Mienshao||FocusSash|InnerFocus|FakeOut,KnockOff,CloseCombat,WideGuard|||F|||50|,,,,,Fighting
|inactive|Battle timer is ON: inactive players will automatically lose when time's up. (requested by ParroTiest)
|inactive|Dysarster also wants the timer to be on.
|inactive|ParroTiest has 60 seconds left.
|
|t:|1756321960
|teamsize|p1|4
|teamsize|p2|4
|start
|switch|p1a: quarters|Gholdengo, L50|100/100
|switch|p1b: setup kill button|Volcarona, L50, M|100/100
|switch|p2a: Mienshao|Mienshao, L50, F|100/100
|switch|p2b: Arcanine|Arcanine-Hisui, L50, M|100/100
|-ability|p2b: Arcanine|Intimidate|boost
|-unboost|p1a: quarters|atk|1
|-unboost|p1b: setup kill button|atk|1
|turn|1
|inactive|ParroTiest has 30 seconds left.
|
|t:|1756321988
|switch|p1b: no fake out|Farigiraf, L50, F|100/100
|move|p2a: Mienshao|Wide Guard|p2a: Mienshao
|-singleturn|p2a: Mienshao|Wide Guard
|move|p2b: Arcanine|Flare Blitz|p1a: quarters
|-supereffective|p1a: quarters
|-damage|p1a: quarters|0 fnt
|faint|p1a: quarters
|-damage|p2b: Arcanine|70/100|[from] Recoil
|
|upkeep
|
|t:|1756321994
|switch|p1a: instakill button|Ursaluna-Bloodmoon, L50, M|100/100
|turn|2
|
|t:|1756322014
|switch|p2b: Ninetales|Ninetales-Alola, L50, F|100/100
|-weather|Snowscape|[from] ability: Snow Warning|[of] p2b: Ninetales
|-terastallize|p1b: no fake out|Fairy
|move|p1a: instakill button|Protect|p1a: instakill button
|-singleturn|p1a: instakill button|Protect
|move|p2a: Mienshao|Knock Off|p1a: instakill button
|-activate|p1a: instakill button|move: Protect
|move|p1b: no fake out|Trick Room|p1b: no fake out
|-fieldstart|move: Trick Room|[of] p1b: no fake out
|
|-weather|Snowscape|[upkeep]
|upkeep
|turn|3
|
|t:|1756322032
|move|p2a: Mienshao|Wide Guard|p2a: Mienshao
|-singleturn|p2a: Mienshao|Wide Guard
|move|p1b: no fake out|Hyper Voice|p2b: Ninetales|[spread] 
|-activate|p2a: Mienshao|move: Wide Guard
|-activate|p2b: Ninetales|move: Wide Guard
|move|p1a: instakill button|Blood Moon|p2b: Ninetales
|-damage|p2b: Ninetales|0 fnt
|faint|p2b: Ninetales
|-damage|p1a: instakill button|90/100|[from] item: Life Orb
|
|-weather|Snowscape|[upkeep]
|upkeep
|
|t:|1756322050
|switch|p2b: Glaceon|Glaceon, L50, F|100/100
|turn|4
|
|t:|1756322059
|-terastallize|p2b: Glaceon|Ice
|move|p1a: instakill button|Protect|p1a: instakill button
|-singleturn|p1a: instakill button|Protect
|move|p1b: no fake out|Psychic|p2b: Glaceon|[miss]
|-miss|p1b: no fake out|p2b: Glaceon
|move|p2b: Glaceon|Blizzard|p1a: instakill button|[spread] p1b
|-activate|p1a: instakill button|move: Protect
|-damage|p1b: no fake out|26/100
|-damage|p2b: Glaceon|91/100|[from] item: Life Orb
|move|p2a: Mienshao|Knock Off|p1a: instakill button
|-activate|p1a: instakill button|move: Protect
|
|-weather|Snowscape|[upkeep]
|upkeep
|turn|5
|inactive|ParroTiest has 30 seconds left.
|
|t:|1756322092
|move|p2b: Glaceon|Protect|p2b: Glaceon
|-singleturn|p2b: Glaceon|Protect
|move|p1b: no fake out|Psychic|p2a: Mienshao
|-supereffective|p2a: Mienshao
|-enditem|p2a: Mienshao|Focus Sash
|-damage|p2a: Mienshao|1/100
|move|p1a: instakill button|Earth Power|p2a: Mienshao
|-damage|p2a: Mienshao|0 fnt
|faint|p2a: Mienshao
|-damage|p1a: instakill button|80/100|[from] item: Life Orb
|
|-weather|Snowscape|[upkeep]
|upkeep
|
|t:|1756322103
|switch|p2a: Arcanine|Arcanine-Hisui, L50, M|70/100
|-ability|p2a: Arcanine|Intimidate|boost
|-unboost|p1a: instakill button|atk|1
|-unboost|p1b: no fake out|atk|1
|turn|6
|
|t:|1756322114
|move|p2a: Arcanine|Extreme Speed||[still]
|cant|p1b: no fake out|ability: Armor Tail|Extreme Speed|[of] p2a: Arcanine
|move|p1b: no fake out|Hyper Voice|p2a: Arcanine|[spread] p2a,p2b
|-resisted|p2a: Arcanine
|-damage|p2a: Arcanine|50/100
|-damage|p2b: Glaceon|57/100
|-enditem|p1b: no fake out|Throat Spray
|-boost|p1b: no fake out|spa|1|[from] item: Throat Spray
|move|p1a: instakill button|Blood Moon|p2b: Glaceon
|-damage|p2b: Glaceon|0 fnt
|faint|p2b: Glaceon
|-damage|p1a: instakill button|70/100|[from] item: Life Orb
|
|-weather|none
|-fieldend|move: Trick Room
|upkeep
|turn|7
|
|t:|1756322129
|move|p2a: Arcanine|Rock Slide|p1a: instakill button|[spread] p1a,p1b
|-resisted|p1a: instakill button
|-damage|p1a: instakill button|61/100
|-damage|p1b: no fake out|0 fnt
|faint|p1b: no fake out
|move|p1a: instakill button|Earth Power|p2a: Arcanine
|-supereffective|p2a: Arcanine
|-damage|p2a: Arcanine|0 fnt
|faint|p2a: Arcanine
|-damage|p1a: instakill button|51/100|[from] item: Life Orb
|
|win|ParroTiest
||Dysarster is ready for game 2.
||ParroTiest is ready for game 2.
|uhtml|next|Next: Game 2 of 3
|l|☆Dysarster
|player|p2|
