|j|☆pokefaqk
|j|☆Beeetch
|html|pokefaqkBeeetch    
|uhtml|bestof|Game 1 of a best-of-3
|t:|1756928511
|gametype|doubles
|player|p1|pokefaqk|1|1340
|player|p2|Beeetch|beauty-gen4dp|1331
|gen|9
|tier|[Gen 9] VGC 2025 Reg H (Bo3)
|rated|
|rule|Species Clause: Limit one of each Pokémon
|rule|Item Clause: Limit 1 of each item
|clearpoke
|poke|p1|Ursaluna, L50, F|
|poke|p1|Incineroar, L50, F|
|poke|p1|Archaludon, L50, F|
|poke|p1|Yanmega, L50, F|
|poke|p1|Farigiraf, L50, F|
|poke|p1|Sneasler, L50, F|
|poke|p2|Excadrill, L50, M|
|poke|p2|Tyranitar, L50, F|
|poke|p2|Sneasler, L50, F|
|poke|p2|Indeedee, L50, M|
|poke|p2|Corviknight, L50, M|
|poke|p2|Annihilape, L50, F|
|teampreview|4
|showteam|p1|Ursaluna||FlameOrb|Guts|Protect,Facade,HeadlongRush,Earthquake|||F|||50|,,,,,Ghost]Incineroar||AssaultVest|Intimidate|FakeOut,Uturn,KnockOff,FlareBlitz|||F|||50|,,,,,Grass]Archaludon||PowerHerb|Stalwart|DragonPulse,ElectroShot,Protect,Thunderbolt|||F|||50|,,,,,Electric]Yanmega||FocusSash|SpeedBoost|AirSlash,BugBuzz,Tailwind,Detect|||F|||50|,,,,,Ghost]Farigiraf||SafetyGoggles|ArmorTail|TrickRoom,Protect,HelpingHand,Psychic|||F|||50|,,,,,Fire]Sneasler||LifeOrb|PoisonTouch|CloseCombat,DireClaw,ThroatChop,Protect|||F|||50|,,,,,Stellar
|showteam|p2|Excadrill||FocusSash|SandRush|IronHead,HighHorsepower,Earthquake,Protect|||M|||50|,,,,,Stellar]Tyranitar||AssaultVest|SandStream|RockSlide,KnockOff,TeraBlast,LowKick|||F|||50|,,,,,Flying]Sneasler||PsychicSeed|Unburden|DireClaw,CloseCombat,ThroatChop,Protect|||F|||50|,,,,,Dark]Indeedee||ChoiceScarf|PsychicSurge|ExpandingForce,TeraBlast,Protect,Trick|||M|||50|,,,,,Psychic]Corviknight||Leftovers|MirrorArmor|BraveBird,BulkUp,Roost,Tailwind|||M|||50|,,,,,Dragon]Annihilape||SafetyGoggles|Defiant|CloseCombat,FinalGambit,RageFist,Taunt|||F|||50|,,,,,Water
|inactive|Battle timer is ON: inactive players will automatically lose when time's up. (requested by pokefaqk)
|inactive|pokefaqk has 60 seconds left.
|inactive|Beeetch has 60 seconds left.
|
|t:|1756928564
|teamsize|p1|4
|teamsize|p2|4
|start
|switch|p1a: Incineroar|Incineroar, L50, F|100/100
|switch|p1b: Yanmega|Yanmega, L50, F|100/100
|switch|p2a: Sneasler|Sneasler, L50, F, shiny|100/100
|switch|p2b: Annihilape|Annihilape, L50, F|100/100
|-ability|p1a: Incineroar|Intimidate|boost
|-unboost|p2a: Sneasler|atk|1
|-unboost|p2b: Annihilape|atk|1
|-ability|p2b: Annihilape|Defiant|boost
|-boost|p2b: Annihilape|atk|2
|turn|1
|inactive|pokefaqk has 30 seconds left.
|
|t:|1756928593
|switch|p2a: Indeedee|Indeedee, L50, M, shiny|100/100
|-fieldstart|move: Psychic Terrain|[from] ability: Psychic Surge|[of] p2a: Indeedee
|move|p1a: Incineroar|Fake Out|p2a: Indeedee
|-activate|p2a: Indeedee|move: Psychic Terrain
|move|p1b: Yanmega|Air Slash|p2b: Annihilape
|-supereffective|p2b: Annihilape
|-damage|p2b: Annihilape|34/100
|cant|p2b: Annihilape|flinch
|
|-ability|p1b: Yanmega|Speed Boost|boost
|-boost|p1b: Yanmega|spe|1
|upkeep
|turn|2
|inactive|pokefaqk has 30 seconds left.
|
|t:|1756928625
|move|p1b: Yanmega|Air Slash|p2b: Annihilape
|-supereffective|p2b: Annihilape
|-damage|p2b: Annihilape|0 fnt
|faint|p2b: Annihilape
|move|p2a: Indeedee|Trick|p1b: Yanmega
|-activate|p2a: Indeedee|move: Trick|[of] p1b: Yanmega
|-item|p1b: Yanmega|Choice Scarf|[from] move: Trick
|-item|p2a: Indeedee|Focus Sash|[from] move: Trick
|move|p1a: Incineroar|U-turn|p2a: Indeedee
|-supereffective|p2a: Indeedee
|-damage|p2a: Indeedee|18/100
|
|t:|1756928641
|switch|p1a: Ursaluna|Ursaluna, L50, F|100/100|[from] U-turn
|
|-ability|p1b: Yanmega|Speed Boost|boost
|-boost|p1b: Yanmega|spe|1
|-status|p1a: Ursaluna|brn|[from] item: Flame Orb
|upkeep
|
|t:|1756928647
|switch|p2b: Corviknight|Corviknight, L50, M|100/100
|turn|3
|
|t:|1756928672
|move|p2a: Indeedee|Protect|p2a: Indeedee
|-singleturn|p2a: Indeedee|Protect
|move|p1b: Yanmega|Bug Buzz|p2a: Indeedee
|-activate|p2a: Indeedee|move: Protect
|move|p1a: Ursaluna|Facade|p2b: Corviknight
|-resisted|p2b: Corviknight
|-damage|p2b: Corviknight|47/100
|move|p2b: Corviknight|Bulk Up|p2b: Corviknight
|-boost|p2b: Corviknight|atk|1
|-boost|p2b: Corviknight|def|1
|
|-heal|p2b: Corviknight|53/100|[from] item: Leftovers
|-damage|p1a: Ursaluna|94/100 brn|[from] brn
|-ability|p1b: Yanmega|Speed Boost|boost
|-boost|p1b: Yanmega|spe|1
|upkeep
|turn|4
|inactive|pokefaqk has 30 seconds left.
|
|t:|1756928699
|move|p1b: Yanmega|Bug Buzz|p2a: Indeedee
|-supereffective|p2a: Indeedee
|-damage|p2a: Indeedee|0 fnt
|faint|p2a: Indeedee
|move|p1a: Ursaluna|Facade|p2b: Corviknight
|-resisted|p2b: Corviknight
|-damage|p2b: Corviknight|22/100
|move|p2b: Corviknight|Roost|p2b: Corviknight
|-heal|p2b: Corviknight|72/100
|-singleturn|p2b: Corviknight|move: Roost
|
|-heal|p2b: Corviknight|78/100|[from] item: Leftovers
|-damage|p1a: Ursaluna|88/100 brn|[from] brn
|-ability|p1b: Yanmega|Speed Boost|boost
|-boost|p1b: Yanmega|spe|1
|upkeep
|
|t:|1756928713
|switch|p2a: Sneasler|Sneasler, L50, F, shiny|100/100
|-enditem|p2a: Sneasler|Psychic Seed
|-boost|p2a: Sneasler|spd|1|[from] item: Psychic Seed
|turn|5
|
|t:|1756928731
|switch|p1b: Incineroar|Incineroar, L50, F|100/100
|-ability|p1b: Incineroar|Intimidate|boost
|-unboost|p2a: Sneasler|atk|1
|-ability|p2b: Corviknight|Mirror Armor
|-unboost|p1b: Incineroar|atk|1
|-terastallize|p1a: Ursaluna|Ghost
|move|p2a: Sneasler|Protect|p2a: Sneasler
|-singleturn|p2a: Sneasler|Protect
|move|p1a: Ursaluna|Facade|p2a: Sneasler
|-activate|p2a: Sneasler|move: Protect
|move|p2b: Corviknight|Roost|p2b: Corviknight
|-heal|p2b: Corviknight|100/100
|-singleturn|p2b: Corviknight|move: Roost
|
|-damage|p1a: Ursaluna|82/100 brn|[from] brn
|-fieldend|move: Psychic Terrain
|upkeep
|turn|6
|inactive|Beeetch has 30 seconds left.
|
|t:|1756928757
|switch|p1b: Yanmega|Yanmega, L50, F|100/100
|move|p2a: Sneasler|Close Combat|p1b: Yanmega
|-resisted|p1b: Yanmega
|-damage|p1b: Yanmega|88/100
|-unboost|p2a: Sneasler|def|1
|-unboost|p2a: Sneasler|spd|1
|move|p1a: Ursaluna|Facade|p2a: Sneasler
|-damage|p2a: Sneasler|0 fnt
|faint|p2a: Sneasler
|move|p2b: Corviknight|Bulk Up|p2b: Corviknight
|-boost|p2b: Corviknight|atk|1
|-boost|p2b: Corviknight|def|1
|
|-damage|p1a: Ursaluna|76/100 brn|[from] brn
|upkeep
|turn|7
|
|t:|1756928770
|move|p1b: Yanmega|Air Slash|p2b: Corviknight
|-resisted|p2b: Corviknight
|-damage|p2b: Corviknight|85/100
|move|p1a: Ursaluna|Facade|p2b: Corviknight
|-resisted|p2b: Corviknight
|-damage|p2b: Corviknight|59/100
|move|p2b: Corviknight|Tailwind|p2b: Corviknight
|-sidestart|p2: Beeetch|move: Tailwind
|
|-heal|p2b: Corviknight|65/100|[from] item: Leftovers
|-damage|p1a: Ursaluna|70/100 brn|[from] brn
|-ability|p1b: Yanmega|Speed Boost|boost
|-boost|p1b: Yanmega|spe|1
|upkeep
|turn|8
|
|t:|1756928781
|move|p1b: Yanmega|Air Slash|p2b: Corviknight
|-resisted|p2b: Corviknight
|-damage|p2b: Corviknight|51/100
|move|p2b: Corviknight|Brave Bird|p1a: Ursaluna
|-damage|p1a: Ursaluna|0 fnt
|faint|p1a: Ursaluna
|-damage|p2b: Corviknight|25/100|[from] Recoil
|
|-heal|p2b: Corviknight|32/100|[from] item: Leftovers
|-ability|p1b: Yanmega|Speed Boost|boost
|-boost|p1b: Yanmega|spe|1
|upkeep
|
|t:|1756928788
|switch|p1a: Incineroar|Incineroar, L50, F|100/100
|-ability|p1a: Incineroar|Intimidate|boost
|-ability|p2b: Corviknight|Mirror Armor
|-unboost|p1a: Incineroar|atk|1
|turn|9
|
|t:|1756928801
|-terastallize|p2b: Corviknight|Dragon
|move|p1a: Incineroar|Fake Out|p2b: Corviknight
|-damage|p2b: Corviknight|28/100
|move|p1b: Yanmega|Air Slash|p2b: Corviknight
|-damage|p2b: Corviknight|1/100
|cant|p2b: Corviknight|flinch
|
|-heal|p2b: Corviknight|7/100|[from] item: Leftovers
|-ability|p1b: Yanmega|Speed Boost|boost
|-boost|p1b: Yanmega|spe|1
|upkeep
|turn|10
|
|t:|1756928814
|move|p1b: Yanmega|Air Slash|p2b: Corviknight
|-damage|p2b: Corviknight|0 fnt
|faint|p2b: Corviknight
|
|win|pokefaqk
