|j|☆KisuV
|j|☆urstepslowbro
|html|KisuVurstepslowbro    
|uhtml|bestof|Game 1 of a best-of-3
|t:|1756762854
|gametype|doubles
|player|p1|KisuV|cynthia-anime|1015
|player|p2|urstepslowbro|cynthia-masters3|1107
|gen|9
|tier|[Gen 9] VGC 2025 Reg H (Bo3)
|rated|
|rule|Species Clause: Limit one of each Pokémon
|rule|Item Clause: Limit 1 of each item
|clearpoke
|poke|p1|Garchomp, L50, F|
|poke|p1|Tyranitar, L50, M|
|poke|p1|Gholdengo, L50|
|poke|p1|Incineroar, L50, M|
|poke|p1|Amoonguss, L50, F|
|poke|p1|Talonflame, L50, F|
|poke|p2|Electabuzz, L50, M|
|poke|p2|Kommo-o, L50, M|
|poke|p2|Sneasler, L50, F|
|poke|p2|Dondozo, L50, F|
|poke|p2|Rillaboom, L50, F|
|poke|p2|Gholdengo, L50|
|teampreview|4
|showteam|p1|Garchomp||ClearAmulet|SandVeil|DragonClaw,StompingTantrum,SwordsDance,Protect|||F|||50|,,,,,Fairy]Tyranitar||SitrusBerry|SandStream|RockSlide,KnockOff,HelpingHand,Protect|||M|||50|,,,,,Flying]Gholdengo||ChoiceScarf|GoodasGold|MakeItRain,ShadowBall,DazzlingGleam,Thunderbolt||||||50|,,,,,Steel]Incineroar||SafetyGoggles|Intimidate|FakeOut,FlareBlitz,KnockOff,PartingShot|||M|||50|,,,,,Water]Amoonguss||CovertCloak|Regenerator|PollenPuff,Spore,RagePowder,Protect|||F|||50|,,,,,Water]Talonflame||SharpBeak|GaleWings|BraveBird,Taunt,Tailwind,Protect|||F|||50|,,,,,Grass
|showteam|p2|Electabuzz||Eviolite|VitalSpirit|Protect,Taunt,FollowMe,Electroweb|||M|||50|,,,,,Grass]Kommo-o||ThroatSpray|Soundproof|ClangingScales,ClangorousSoul,Flamethrower,Protect|||M|||50|,,,,,Fire]Sneasler||FocusSash|Unburden|FakeOut,Protect,DireClaw,CloseCombat|||F|||50|,,,,,Stellar]Dondozo||Leftovers|Unaware|Protect,Yawn,WaveCrash,Fissure|||F|||50|,,,,,Flying]Rillaboom||AssaultVest|GrassySurge|FakeOut,GrassyGlide,WoodHammer,HighHorsepower|||F|||50|,,,,,Fire]Gholdengo||ChoiceSpecs|GoodasGold|DazzlingGleam,MakeItRain,ShadowBall,PowerGem||||||50|,,,,,Fairy
|
|t:|1756762910
|teamsize|p1|4
|teamsize|p2|4
|start
|switch|p1a: Garchomp|Garchomp, L50, F|100/100
|switch|p1b: Incineroar|Incineroar, L50, M|100/100
|switch|p2a: Rillaboom|Rillaboom, L50, F|100/100
|switch|p2b: Kommo-o|Kommo-o, L50, M, shiny|100/100
|-fieldstart|move: Grassy Terrain|[from] ability: Grassy Surge|[of] p2a: Rillaboom
|-ability|p1b: Incineroar|Intimidate|boost
|-unboost|p2a: Rillaboom|atk|1
|-unboost|p2b: Kommo-o|atk|1
|turn|1
|
|t:|1756762950
|-terastallize|p2b: Kommo-o|Fire
|move|p2a: Rillaboom|Fake Out|p1b: Incineroar
|-damage|p1b: Incineroar|92/100
|cant|p1b: Incineroar|flinch
|move|p1a: Garchomp|Swords Dance|p1a: Garchomp
|-boost|p1a: Garchomp|atk|2
|move|p2b: Kommo-o|Clangorous Soul|p2b: Kommo-o
|-boost|p2b: Kommo-o|atk|1
|-boost|p2b: Kommo-o|def|1
|-boost|p2b: Kommo-o|spa|1
|-boost|p2b: Kommo-o|spd|1
|-boost|p2b: Kommo-o|spe|1
|-damage|p2b: Kommo-o|68/100
|-enditem|p2b: Kommo-o|Throat Spray
|-boost|p2b: Kommo-o|spa|1|[from] item: Throat Spray
|
|-heal|p2b: Kommo-o|74/100|[from] Grassy Terrain
|-heal|p1b: Incineroar|98/100|[from] Grassy Terrain
|upkeep
|turn|2
|
|t:|1756762975
|-terastallize|p1a: Garchomp|Fairy
|move|p2b: Kommo-o|Protect|p2b: Kommo-o
|-singleturn|p2b: Kommo-o|Protect
|move|p1a: Garchomp|Stomping Tantrum|p2b: Kommo-o
|-activate|p2b: Kommo-o|move: Protect
|move|p2a: Rillaboom|Wood Hammer|p1a: Garchomp
|-damage|p1a: Garchomp|43/100
|-damage|p2a: Rillaboom|84/100|[from] Recoil
|move|p1b: Incineroar|Parting Shot|p2a: Rillaboom
|-unboost|p2a: Rillaboom|atk|1
|-unboost|p2a: Rillaboom|spa|1
|
|t:|1756762989
|switch|p1b: Talonflame|Talonflame, L50, F|100/100|[from] Parting Shot
|
|-heal|p2b: Kommo-o|79/100|[from] Grassy Terrain
|-heal|p1a: Garchomp|49/100|[from] Grassy Terrain
|-heal|p2a: Rillaboom|89/100|[from] Grassy Terrain
|upkeep
|turn|3
|
|t:|1756763015
|switch|p2a: Electabuzz|Electabuzz, L50, M|100/100
|move|p1b: Talonflame|Tailwind|p1b: Talonflame
|-sidestart|p1: KisuV|move: Tailwind
|move|p1a: Garchomp|Stomping Tantrum|p2b: Kommo-o
|-supereffective|p2b: Kommo-o
|-damage|p2b: Kommo-o|0 fnt
|faint|p2b: Kommo-o
|
|-heal|p1a: Garchomp|55/100|[from] Grassy Terrain
|upkeep
|
|t:|1756763023
|switch|p2b: Gholdengo|Gholdengo, L50|100/100
|turn|4
|
|t:|1756763039
|move|p1a: Garchomp|Protect|p1a: Garchomp
|-singleturn|p1a: Garchomp|Protect
|move|p2a: Electabuzz|Follow Me|p2a: Electabuzz
|-singleturn|p2a: Electabuzz|move: Follow Me
|move|p1b: Talonflame|Taunt|p2a: Electabuzz
|-start|p2a: Electabuzz|move: Taunt
|move|p2b: Gholdengo|Power Gem|p1b: Talonflame
|-supereffective|p1b: Talonflame
|-damage|p1b: Talonflame|0 fnt
|faint|p1b: Talonflame
|
|-heal|p1a: Garchomp|61/100|[from] Grassy Terrain
|upkeep
|
|t:|1756763051
|switch|p1b: Tyranitar|Tyranitar, L50, M, shiny|100/100
|-weather|Sandstorm|[from] ability: Sand Stream|[of] p1b: Tyranitar
|turn|5
|
|t:|1756763057
|switch|p2b: Rillaboom|Rillaboom, L50, F|89/100
|move|p1a: Garchomp|Stomping Tantrum|p2b: Rillaboom
|-resisted|p2b: Rillaboom
|-damage|p2b: Rillaboom|52/100
|move|p1b: Tyranitar|Knock Off|p2a: Electabuzz
|-damage|p2a: Electabuzz|58/100
|-enditem|p2a: Electabuzz|Eviolite|[from] move: Knock Off|[of] p1b: Tyranitar
|move|p2a: Electabuzz|Electroweb|p1a: Garchomp|[spread] p1a,p1b
|-damage|p1a: Garchomp|46/100
|-damage|p1b: Tyranitar|94/100
|-unboost|p1b: Tyranitar|spe|1
|
|-weather|Sandstorm|[upkeep]
|-damage|p2a: Electabuzz|52/100|[from] Sandstorm
|-damage|p2b: Rillaboom|46/100|[from] Sandstorm
|-heal|p1a: Garchomp|52/100|[from] Grassy Terrain
|-heal|p2a: Electabuzz|58/100|[from] Grassy Terrain
|-heal|p1b: Tyranitar|100/100|[from] Grassy Terrain
|-heal|p2b: Rillaboom|52/100|[from] Grassy Terrain
|-fieldend|move: Grassy Terrain
|upkeep
|turn|6
|
|t:|1756763084
|switch|p1b: Incineroar|Incineroar, L50, M|98/100
|-ability|p1b: Incineroar|Intimidate|boost
|-unboost|p2a: Electabuzz|atk|1
|-unboost|p2b: Rillaboom|atk|1
|move|p1a: Garchomp|Protect|p1a: Garchomp
|-singleturn|p1a: Garchomp|Protect
|move|p2a: Electabuzz|Electroweb|p1a: Garchomp|[spread] p1b
|-activate|p1a: Garchomp|move: Protect
|-damage|p1b: Incineroar|87/100
|-unboost|p1b: Incineroar|spe|1
|move|p2b: Rillaboom|Wood Hammer|p1b: Incineroar
|-resisted|p1b: Incineroar
|-damage|p1b: Incineroar|68/100
|-damage|p2b: Rillaboom|46/100|[from] Recoil
|
|-weather|Sandstorm|[upkeep]
|-damage|p2a: Electabuzz|52/100|[from] Sandstorm
|-damage|p2b: Rillaboom|40/100|[from] Sandstorm
|-sideend|p1: KisuV|move: Tailwind
|upkeep
|turn|7
|
|t:|1756763110
|switch|p2b: Gholdengo|Gholdengo, L50|100/100
|move|p1b: Incineroar|Fake Out|p2b: Gholdengo
|-immune|p2b: Gholdengo
|move|p1a: Garchomp|Stomping Tantrum|p2a: Electabuzz
|-supereffective|p2a: Electabuzz
|-damage|p2a: Electabuzz|0 fnt
|faint|p2a: Electabuzz
|
|-weather|Sandstorm|[upkeep]
|upkeep
|
|t:|1756763112
|switch|p2a: Rillaboom|Rillaboom, L50, F|40/100
|-fieldstart|move: Grassy Terrain|[from] ability: Grassy Surge|[of] p2a: Rillaboom
|turn|8
|
|t:|1756763127
|switch|p1b: Tyranitar|Tyranitar, L50, M, shiny|100/100
|move|p1a: Garchomp|Protect|p1a: Garchomp
|-singleturn|p1a: Garchomp|Protect
|move|p2a: Rillaboom|Fake Out|p1b: Tyranitar
|-resisted|p1b: Tyranitar
|-damage|p1b: Tyranitar|95/100
|move|p2b: Gholdengo|Make It Rain|p1b: Tyranitar|[spread] p1b
|-activate|p1a: Garchomp|move: Protect
|-supereffective|p1b: Tyranitar
|-damage|p1b: Tyranitar|12/100
|-unboost|p2b: Gholdengo|spa|1
|-enditem|p1b: Tyranitar|Sitrus Berry|[eat]
|-heal|p1b: Tyranitar|37/100|[from] item: Sitrus Berry
|
|-weather|Sandstorm|[upkeep]
|-damage|p2a: Rillaboom|34/100|[from] Sandstorm
|-heal|p1a: Garchomp|58/100|[from] Grassy Terrain
|-heal|p2a: Rillaboom|40/100|[from] Grassy Terrain
|-heal|p1b: Tyranitar|44/100|[from] Grassy Terrain
|upkeep
|turn|9
|
|t:|1756763156
|switch|p1a: Incineroar|Incineroar, L50, M|68/100
|-ability|p1a: Incineroar|Intimidate|boost
|-unboost|p2a: Rillaboom|atk|1
|-unboost|p2b: Gholdengo|atk|1
|move|p2b: Gholdengo|Make It Rain|p1a: Incineroar|[spread] p1a,p1b
|-resisted|p1a: Incineroar
|-supereffective|p1b: Tyranitar
|-damage|p1a: Incineroar|49/100
|-damage|p1b: Tyranitar|0 fnt
|-unboost|p2b: Gholdengo|spa|1
|faint|p1b: Tyranitar
|move|p2a: Rillaboom|Wood Hammer|p1a: Incineroar
|-resisted|p1a: Incineroar
|-damage|p1a: Incineroar|25/100
|-damage|p2a: Rillaboom|33/100|[from] Recoil
|
|-weather|none
|-heal|p2a: Rillaboom|39/100|[from] Grassy Terrain
|-heal|p1a: Incineroar|31/100|[from] Grassy Terrain
|upkeep
|
|t:|1756763169
|switch|p1b: Garchomp|Garchomp, L50, F, tera:Fairy|58/100
|turn|10
|
|t:|1756763177
|move|p1a: Incineroar|Fake Out|p2a: Rillaboom
|-damage|p2a: Rillaboom|29/100
|move|p1b: Garchomp|Stomping Tantrum|p2b: Gholdengo
|-supereffective|p2b: Gholdengo
|-damage|p2b: Gholdengo|11/100
|move|p2b: Gholdengo|Make It Rain|p1b: Garchomp|[spread] p1a,p1b
|-resisted|p1a: Incineroar
|-supereffective|p1b: Garchomp
|-damage|p1a: Incineroar|15/100
|-damage|p1b: Garchomp|0 fnt
|-unboost|p2b: Gholdengo|spa|1
|faint|p1b: Garchomp
|cant|p2a: Rillaboom|flinch
|
|-heal|p2b: Gholdengo|17/100|[from] Grassy Terrain
|-heal|p2a: Rillaboom|34/100|[from] Grassy Terrain
|-heal|p1a: Incineroar|21/100|[from] Grassy Terrain
|upkeep
|turn|11
|
|t:|1756763199
|move|p2b: Gholdengo|Make It Rain|p1a: Incineroar
|-resisted|p1a: Incineroar
|-damage|p1a: Incineroar|3/100
|-unboost|p2b: Gholdengo|spa|1
|move|p2a: Rillaboom|High Horsepower|p1a: Incineroar
|-supereffective|p1a: Incineroar
|-damage|p1a: Incineroar|0 fnt
|faint|p1a: Incineroar
|
|win|urstepslowbro
