|j|☆teyvgc
|j|☆iota_002
|html|teyvgciota_002    
|uhtml|bestof|Game 2 of a best-of-3
|t:|1782617636
|gametype|doubles
|player|p1|teyvgc|rood|1215
|player|p2|iota_002|ethan|1113
|gen|9
|tier|[Gen 9 Champions] VGC 2026 Reg M-B (Bo3)
|rated|
|rule|Species Clause: Limit one of each Pokémon
|rule|Item Clause: Limit 1 of each item
|clearpoke
|poke|p1|Houndstone, L50, F|
|poke|p1|Tyranitar, L50, M|
|poke|p1|Incineroar, L50, F|
|poke|p1|Farigiraf, L50, F, shiny|
|poke|p1|Garchomp, L50, F, shiny|
|poke|p1|Gholdengo, L50|
|poke|p2|Beedrill, L50, F|
|poke|p2|Slowking-Galar, L50, F|
|poke|p2|Primarina, L50, F|
|poke|p2|Tyranitar, L50, F|
|poke|p2|Milotic, L50, F|
|poke|p2|Incineroar, L50, F|
|teampreview|4
|showteam|p1|Houndstone||LifeOrb|SandRush|PsychicFangs,Poltergeist,LastRespects,Protect|Adamant||F|||50|]Tyranitar||Tyranitarite|SandStream|RockSlide,KnockOff,LowKick,Protect|Adamant||M|||50|]Incineroar||PasshoBerry|Intimidate|FlareBlitz,DarkestLariat,FakeOut,PartingShot|Adamant||F|||50|]Farigiraf||TwistedSpoon|ArmorTail|HyperVoice,TwinBeam,TrickRoom,HelpingHand|Quiet||F|||50|]Garchomp||Garchompite|RoughSkin|StompingTantrum,DragonClaw,RockSlide,Protect|Brave||F|||50|]Gholdengo||ChoiceScarf|GoodasGold|MakeItRain,ShadowBall,Trick,PowerGem|Modest|||||50|
|showteam|p2|Beedrill||Beedrillite|Sniper|Uturn,PoisonJab,DrillRun,Protect|Jolly||F|||50|]Slowking-Galar||BrightPowder|Regenerator|ChillyReception,WonderRoom,Bulldoze,Protect|Careful||F|||50|]Primarina||ExpertBelt|LiquidVoice|IcyWind,Blizzard,HyperVoice,Protect|Modest||F|||50|]Tyranitar||BlackBelt|Unnerve|BodyPress,IronDefense,RockSlide,Protect|Impish||F|||50|]Milotic||MysticWater|Competitive|Coil,MuddyWater,FlipTurn,Protect|Sassy||F|||50|]Incineroar||Leftovers|Intimidate|PartingShot,FakeOut,FlareBlitz,BrickBreak|Sassy||F|||50|
|
|t:|1782617696
|teamsize|p1|4
|teamsize|p2|4
|start
|switch|p1a: Tyranitar|Tyranitar, L50, M|100/100
|switch|p1b: Garchomp|Garchomp, L50, F, shiny|100/100
|switch|p2a: Slowking|Slowking-Galar, L50, F|100/100
|switch|p2b: Incineroar|Incineroar, L50, F|100/100
|-weather|Sandstorm|[from] ability: Sand Stream|[of] p1a: Tyranitar
|-ability|p2b: Incineroar|Intimidate|boost
|-unboost|p1a: Tyranitar|atk|1
|-unboost|p1b: Garchomp|atk|1
|turn|1
|
|t:|1782617708
|detailschange|p1b: Garchomp|Garchomp-Mega, L50, F, shiny
|-mega|p1b: Garchomp|Garchomp|Garchompite
|move|p2b: Incineroar|Fake Out|p1b: Garchomp
|-damage|p1b: Garchomp|92/100
|cant|p1b: Garchomp|flinch
|move|p1a: Tyranitar|Knock Off|p2a: Slowking
|-supereffective|p2a: Slowking|1
|-damage|p2a: Slowking|19/100
|-enditem|p2a: Slowking|Bright Powder|[from] move: Knock Off|[of] p1a: Tyranitar
|-prepare|p2a: Slowking|Chilly Reception|[premajor]
|move|p2a: Slowking|Chilly Reception|p2a: Slowking
|-weather|Snowscape
|
|t:|1782617722
|-heal|p2a: Slowking|52/100|[from] ability: Regenerator|[silent]
|switch|p2a: Primarina|Primarina, L50, F|100/100|[from] Chilly Reception
|
|-weather|Snowscape|[upkeep]
|upkeep
|turn|2
|c|☆teyvgc|!dt wonder room
|c|☆teyvgc|/raw Wonder Room  Accuracy— PP12 For 5 turns, all Defense and Sp. Def stats switch. 
|c|☆teyvgc|/raw Priority: 0 |  Gen: 5 |  ✓ Bypasses Protect |  Z-Effect:  Sp. Def +1 |  Target: All Pokémon

|
|t:|1782617744
|switch|p1a: Gholdengo|Gholdengo, L50|100/100
|move|p1b: Garchomp|Protect|p1b: Garchomp
|-singleturn|p1b: Garchomp|Protect
|move|p2a: Primarina|Blizzard|p1b: Garchomp|[spread] p1a
|-activate|p1b: Garchomp|move: Protect
|-resisted|p1a: Gholdengo|1
|-damage|p1a: Gholdengo|81/100
|move|p2b: Incineroar|Brick Break|p1a: Gholdengo
|-immune|p1a: Gholdengo
|
|-weather|Snowscape|[upkeep]
|upkeep
|turn|3
|
|t:|1782617769
|move|p1a: Gholdengo|Power Gem|p2b: Incineroar
|-supereffective|p2b: Incineroar|1
|-damage|p2b: Incineroar|50/100g
|move|p1b: Garchomp|Stomping Tantrum|p2b: Incineroar
|-supereffective|p2b: Incineroar|1
|-damage|p2b: Incineroar|0 fnt
|faint|p2b: Incineroar
|move|p2a: Primarina|Blizzard|p1b: Garchomp|[spread] p1a,p1b
|-resisted|p1a: Gholdengo|1
|-supereffective|p1b: Garchomp|2
|-damage|p1a: Gholdengo|64/100
|-damage|p1b: Garchomp|0 fnt
|faint|p1b: Garchomp
|
|-weather|Snowscape|[upkeep]
|upkeep
|
|t:|1782617804
|switch|p1b: Tyranitar|Tyranitar, L50, M|100/100
|switch|p2b: Beedrill|Beedrill, L50, F|100/100
|-weather|Sandstorm|[from] ability: Sand Stream|[of] p1b: Tyranitar
|turn|4
|
|t:|1782617814
|detailschange|p2b: Beedrill|Beedrill-Mega, L50, F
|-mega|p2b: Beedrill|Beedrill|Beedrillite
|move|p2b: Beedrill|Protect|p2b: Beedrill
|-singleturn|p2b: Beedrill|Protect
|move|p1a: Gholdengo|Power Gem|p2b: Beedrill
|-activate|p2b: Beedrill|move: Protect
|move|p1b: Tyranitar|Rock Slide|p2b: Beedrill|[spread] p2a
|-activate|p2b: Beedrill|move: Protect
|-damage|p2a: Primarina|58/100
|cant|p2a: Primarina|flinch
|
|-weather|Sandstorm|[upkeep]
|-damage|p2b: Beedrill|94/100|[from] Sandstorm
|-damage|p2a: Primarina|52/100|[from] Sandstorm
|upkeep
|turn|5
|
|t:|1782617839
|move|p2b: Beedrill|U-turn|p1b: Tyranitar
|-supereffective|p1b: Tyranitar|1
|-damage|p1b: Tyranitar|16/100
|
|t:|1782617842
|switch|p2b: Slowking|Slowking-Galar, L50, F|52/100|[from] U-turn
|move|p1a: Gholdengo|Power Gem|p2b: Slowking
|-damage|p2b: Slowking|35/100
|move|p1b: Tyranitar|Rock Slide|p2a: Primarina|[spread] p2a,p2b
|-damage|p2a: Primarina|10/100
|-damage|p2b: Slowking|0 fnt
|faint|p2b: Slowking
|move|p2a: Primarina|Hyper Voice|p1a: Gholdengo|[spread] p1a,p1b
|-supereffective|p1b: Tyranitar|1
|-damage|p1a: Gholdengo|18/100
|-damage|p1b: Tyranitar|0 fnt
|faint|p1b: Tyranitar
|
|-weather|Sandstorm|[upkeep]
|-damage|p2a: Primarina|4/100|[from] Sandstorm
|upkeep
|
|t:|1782617856
|switch|p1b: Houndstone|Houndstone, L50, F|100/100
|switch|p2b: Beedrill|Beedrill-Mega, L50, F|94/100
|turn|6
|
|t:|1782617871
|move|p2b: Beedrill|Protect|p2b: Beedrill
|-singleturn|p2b: Beedrill|Protect
|move|p1b: Houndstone|Last Respects|p2a: Primarina
|-damage|p2a: Primarina|0 fnt
|faint|p2a: Primarina
|-damage|p1b: Houndstone|90/100|[from] item: Life Orb
|move|p1a: Gholdengo|Power Gem|p2b: Beedrill
|-activate|p2b: Beedrill|move: Protect
|
|-weather|Sandstorm|[upkeep]
|-damage|p2b: Beedrill|88/100|[from] Sandstorm
|upkeep
|turn|7
|
|t:|1782617893
|move|p1b: Houndstone|Last Respects|p2b: Beedrill
|-damage|p2b: Beedrill|0 fnt
|faint|p2b: Beedrill
|-damage|p1b: Houndstone|81/100|[from] item: Life Orb
|
|win|teyvgc
|raw|teyvgc's rating: 1215 → 1233(+18 for winning)
|raw|iota_002's rating: 1113 → 1095(-18 for losing)
