|j|☆TheBallistic1
|j|☆Jdjsksiq
|html|TheBallistic1Jdjsksiq    
|uhtml|bestof|Game 1 of a best-of-3
|t:|1782534611
|gametype|doubles
|player|p1|TheBallistic1|colress|1024
|player|p2|Jdjsksiq|265|1043
|gen|9
|tier|[Gen 9 Champions] VGC 2026 Reg M-B (Bo3)
|rated|
|rule|Species Clause: Limit one of each Pokémon
|rule|Item Clause: Limit 1 of each item
|clearpoke
|poke|p1|Floette-Eternal, L50, F|
|poke|p1|Charizard, L50, M|
|poke|p1|Kingambit, L50, F|
|poke|p1|Whimsicott, L50, F|
|poke|p1|Basculegion, L50, M|
|poke|p1|Garchomp, L50, F|
|poke|p2|Tyranitar, L50, M|
|poke|p2|Sneasler, L50, M|
|poke|p2|Sinistcha, L50|
|poke|p2|Talonflame, L50, F|
|poke|p2|Rotom-Wash, L50|
|poke|p2|Excadrill, L50, F|
|teampreview|4
|showteam|p1|Floette-Eternal||Floettite|FlowerVeil|Moonblast,DazzlingGleam,CalmMind,Protect|Timid||F|||50|]Charizard||CharizarditeY|Blaze|SolarBeam,HeatWave,WeatherBall,Protect|Modest||M|||50|]Kingambit||BlackGlasses|Defiant|IronHead,KowtowCleave,SuckerPunch,Protect|Adamant||F|||50|]Whimsicott||FocusSash|Prankster|Moonblast,Encore,Tailwind,Protect|Timid||F|||50|]Basculegion||MysticWater|Adaptability|WaveCrash,LastRespects,AquaJet,Protect|Adamant||M|||50|]Garchomp||LifeOrb|RoughSkin|Earthquake,DragonClaw,RockSlide,Protect|Jolly||F|||50|
|showteam|p2|Tyranitar||Tyranitarite|SandStream|Protect,RockSlide,KnockOff,DragonDance|Jolly||M|||50|]Sneasler||WhiteHerb|Unburden|Protect,CloseCombat,DireClaw,FakeOut|Jolly||M|||50|]Sinistcha||SitrusBerry|Hospitality|RagePowder,TrickRoom,MatchaGotcha,Protect|Relaxed|||||50|]Talonflame||SharpBeak|GaleWings|BraveBird,FlareBlitz,Protect,Tailwind|Jolly||F|||50|]Rotom-Wash||Leftovers|Levitate|WillOWisp,Thunderbolt,HydroPump,LightScreen|Bold|||||50|]Excadrill||Excadrite|SandRush|HighHorsepower,Protect,IronHead,SwordsDance|Adamant||F|||50|
|inactive|Battle timer is ON: inactive players will automatically lose when time's up. (requested by TheBallistic1)
|
|t:|1782534657
|teamsize|p1|4
|teamsize|p2|4
|start
|switch|p1a: Basculegion|Basculegion, L50, M|100/100
|switch|p1b: Whimsicott|Whimsicott, L50, F|100/100
|switch|p2a: Tyranitar|Tyranitar, L50, M|100/100
|switch|p2b: Rotom|Rotom-Wash, L50|100/100
|-weather|Sandstorm|[from] ability: Sand Stream|[of] p2a: Tyranitar
|turn|1
|
|t:|1782534675
|move|p2a: Tyranitar|Protect|p2a: Tyranitar
|-singleturn|p2a: Tyranitar|Protect
|move|p1b: Whimsicott|Tailwind|p1b: Whimsicott
|-sidestart|p1: TheBallistic1|move: Tailwind
|move|p1a: Basculegion|Wave Crash|p2a: Tyranitar
|-activate|p2a: Tyranitar|move: Protect
|move|p2b: Rotom|Thunderbolt|p1a: Basculegion
|-supereffective|p1a: Basculegion|1
|-damage|p1a: Basculegion|20/100y
|
|-weather|Sandstorm|[upkeep]
|-damage|p1b: Whimsicott|94/100|[from] Sandstorm
|-damage|p1a: Basculegion|14/100|[from] Sandstorm
|-damage|p2b: Rotom|94/100|[from] Sandstorm
|-heal|p2b: Rotom|100/100|[from] item: Leftovers
|upkeep
|turn|2
|inactive|Jdjsksiq has 30 seconds left.
|
|t:|1782534704
|move|p2a: Tyranitar|Protect||[still]
|-fail|p2a: Tyranitar
|move|p1b: Whimsicott|Moonblast|p2a: Tyranitar
|-supereffective|p2a: Tyranitar|1
|-damage|p2a: Tyranitar|57/100
|move|p1a: Basculegion|Wave Crash|p2a: Tyranitar
|-supereffective|p2a: Tyranitar|1
|-damage|p2a: Tyranitar|0 fnt
|faint|p2a: Tyranitar
|-damage|p1a: Basculegion|0 fnt|[from] Recoil
|faint|p1a: Basculegion
|move|p2b: Rotom|Thunderbolt|p1b: Whimsicott
|-resisted|p1b: Whimsicott|1
|-damage|p1b: Whimsicott|61/100
|
|-weather|Sandstorm|[upkeep]
|-damage|p1b: Whimsicott|56/100|[from] Sandstorm
|-damage|p2b: Rotom|94/100|[from] Sandstorm
|-heal|p2b: Rotom|100/100|[from] item: Leftovers
|upkeep
|
|t:|1782534724
|switch|p2a: Excadrill|Excadrill, L50, F|100/100
|switch|p1a: Charizard|Charizard, L50, M|100/100
|turn|3
|inactive|TheBallistic1 has 30 seconds left.
|inactive|Jdjsksiq has 30 seconds left.
|inactive|Jdjsksiq has 20 seconds left.
|
|t:|1782534761
|detailschange|p1a: Charizard|Charizard-Mega-Y, L50, M
|-mega|p1a: Charizard|Charizard|Charizardite Y
|-weather|SunnyDay|[from] ability: Drought|[of] p1a: Charizard
|move|p2a: Excadrill|Protect|p2a: Excadrill
|-singleturn|p2a: Excadrill|Protect
|move|p1b: Whimsicott|Moonblast|p2a: Excadrill
|-activate|p2a: Excadrill|move: Protect
|move|p1a: Charizard|Solar Beam||[still]
|-prepare|p1a: Charizard|Solar Beam
|-anim|p1a: Charizard|Solar Beam|p2b: Rotom
|-supereffective|p2b: Rotom|1
|-damage|p2b: Rotom|0 fnt
|faint|p2b: Rotom
|
|-weather|SunnyDay|[upkeep]
|upkeep
|
|t:|1782534777
|switch|p2b: Sneasler|Sneasler, L50, M|100/100
|turn|4
|
|t:|1782534798
|detailschange|p2a: Excadrill|Excadrill-Mega, L50, F
|-mega|p2a: Excadrill|Excadrill|Excadrite
|move|p1a: Charizard|Protect|p1a: Charizard
|-singleturn|p1a: Charizard|Protect
|move|p2b: Sneasler|Fake Out|p1a: Charizard
|-activate|p1a: Charizard|move: Protect
|move|p1b: Whimsicott|Encore|p2a: Excadrill
|-start|p2a: Excadrill|Encore
|move|p2a: Excadrill|Protect||[still]
|-fail|p2a: Excadrill
|
|-weather|SunnyDay|[upkeep]
|-sideend|p1: TheBallistic1|move: Tailwind
|upkeep
|turn|5
|-message|Jdjsksiq forfeited.
|raw|TheBallistic1's rating: 1024 → 1062(+38 for winning)
|raw|Jdjsksiq's rating: 1043 → 1026(-17 for losing)
|
|win|TheBallistic1
|l|☆Jdjsksiq
|player|p2|
