|j|☆EmanuelaOrlandiVGC
|j|☆naibot2814
|html|EmanuelaOrlandiVGCnaibot2814    
|uhtml|bestof|Game 2 of a best-of-3
|t:|1784585239
|gametype|doubles
|player|p1|EmanuelaOrlandiVGC|kieran-champion|1373
|player|p2|naibot2814|colress|1462
|gen|9
|tier|[Gen 9 Champions] VGC 2026 Reg M-B (Bo3)
|rated|
|rule|Species Clause: Limit one of each Pokémon
|rule|Item Clause: Limit 1 of each item
|clearpoke
|poke|p1|Whimsicott, L50, M|
|poke|p1|Ceruledge, L50, F|
|poke|p1|Garchomp, L50, F|
|poke|p1|Gholdengo, L50|
|poke|p1|Kingambit, L50, F|
|poke|p1|Staraptor, L50, M|
|poke|p2|Blastoise, L50, M|
|poke|p2|Incineroar, L50, M|
|poke|p2|Sneasler, L50, M|
|poke|p2|Sinistcha, L50|
|poke|p2|Kingambit, L50, M, shiny|
|poke|p2|Delphox, L50, F|
|teampreview|4
|showteam|p1|Whimsicott||FocusSash|Prankster|Moonblast,Tailwind,Charm,Protect|Timid||M|||50|]Ceruledge||ColburBerry|FlashFire|BitterBlade,ShadowSneak,BulkUp,Protect|Adamant||F|||50|]Garchomp||LifeOrb|RoughSkin|Earthquake,RockSlide,DragonClaw,Protect|Jolly||F|||50|]Gholdengo||SpellTag|GoodasGold|MakeItRain,ShadowBall,Protect,NastyPlot|Modest|||||50|]Kingambit||OccaBerry|Defiant|KowtowCleave,SuckerPunch,LowKick,IronHead|Adamant||F|||50|]Staraptor||Staraptite|Intimidate|CloseCombat,Roost,BraveBird,Protect|Jolly||M|||50|
|showteam|p2|Blastoise||Blastoisinite|Torrent|WaterSpout,DarkPulse,ShellSmash,Protect|Modest||M|||50|]Incineroar||SitrusBerry|Intimidate|FakeOut,FlareBlitz,DarkestLariat,PartingShot|Careful||M|||50|]Sneasler||FocusSash|PoisonTouch|FakeOut,CloseCombat,PoisonJab,RockTomb|Jolly||M|||50|]Sinistcha||KasibBerry|Hospitality|MatchaGotcha,TrickRoom,RagePowder,Protect|Bold|||||50|]Kingambit||BlackGlasses|Defiant|KowtowCleave,SuckerPunch,SwordsDance,Protect|Adamant||M|||50|]Delphox||Delphoxite|Blaze|HeatWave,Psyshock,NastyPlot,Protect|Timid||F|||50|
|
|t:|1784585295
|teamsize|p1|4
|teamsize|p2|4
|start
|switch|p1a: Whimsicott|Whimsicott, L50, M|100/100
|switch|p1b: Garchomp|Garchomp, L50, F|100/100
|switch|p2a: Sneasler|Sneasler, L50, M|100/100
|switch|p2b: Blastoise|Blastoise, L50, M|100/100
|turn|1
|
|t:|1784585322
|detailschange|p2b: Blastoise|Blastoise-Mega, L50, M
|-mega|p2b: Blastoise|Blastoise|Blastoisinite
|move|p2a: Sneasler|Poison Jab|p1a: Whimsicott
|-supereffective|p1a: Whimsicott|2
|-enditem|p1a: Whimsicott|Focus Sash
|-damage|p1a: Whimsicott|1/100
|move|p1a: Whimsicott|Moonblast|p2a: Sneasler
|-crit|p2a: Sneasler
|-damage|p2a: Sneasler|26/100
|move|p1b: Garchomp|Earthquake|p2a: Sneasler|[spread] p1a,p2a,p2b
|-resisted|p1a: Whimsicott|1
|-supereffective|p2a: Sneasler|1
|-damage|p1a: Whimsicott|0 fnt
|-damage|p2a: Sneasler|0 fnt
|-damage|p2b: Blastoise|47/100
|faint|p1a: Whimsicott
|faint|p2a: Sneasler
|-damage|p1b: Garchomp|90/100|[from] item: Life Orb
|move|p2b: Blastoise|Dark Pulse|p1b: Garchomp
|-damage|p1b: Garchomp|35/100
|
|upkeep
|
|t:|1784585345
|switch|p2a: Sinistcha|Sinistcha, L50|100/100
|switch|p1a: Staraptor|Staraptor, L50, M|100/100
|-ability|p1a: Staraptor|Intimidate|boost
|-unboost|p2a: Sinistcha|atk|1
|-unboost|p2b: Blastoise|atk|1
|-heal|p2b: Blastoise|72/100|[from] ability: Hospitality|[of] p2a: Sinistcha
|turn|2
|
|t:|1784585356
|switch|p2b: Incineroar|Incineroar, L50, M|100/100
|-ability|p2b: Incineroar|Intimidate|boost
|-unboost|p1a: Staraptor|atk|1
|-unboost|p1b: Garchomp|atk|1
|detailschange|p1a: Staraptor|Staraptor-Mega, L50, M
|-mega|p1a: Staraptor|Staraptor|Staraptite
|move|p1a: Staraptor|Brave Bird|p2a: Sinistcha
|-supereffective|p2a: Sinistcha|1
|-damage|p2a: Sinistcha|32/100
|-damage|p1a: Staraptor|79/100|[from] Recoil
|move|p1b: Garchomp|Earthquake|p2b: Incineroar|[spread] p2a,p2b
|-immune|p1a: Staraptor
|-resisted|p2a: Sinistcha|1
|-supereffective|p2b: Incineroar|1
|-damage|p2a: Sinistcha|18/100
|-damage|p2b: Incineroar|48/100
|-enditem|p2b: Incineroar|Sitrus Berry|[eat]
|-heal|p2b: Incineroar|73/100|[from] item: Sitrus Berry
|-damage|p1b: Garchomp|25/100|[from] item: Life Orb
|move|p2a: Sinistcha|Trick Room|p2a: Sinistcha
|-fieldstart|move: Trick Room|[of] p2a: Sinistcha
|
|upkeep
|turn|3
|
|t:|1784585380
|move|p2a: Sinistcha|Protect|p2a: Sinistcha
|-singleturn|p2a: Sinistcha|Protect
|move|p2b: Incineroar|Flare Blitz|p1a: Staraptor
|-damage|p1a: Staraptor|35/100
|-damage|p2b: Incineroar|59/100|[from] Recoil
|move|p1b: Garchomp|Earthquake|p2a: Sinistcha|[spread] p2b
|-activate|p2a: Sinistcha|move: Protect
|-immune|p1a: Staraptor
|-supereffective|p2b: Incineroar|1
|-damage|p2b: Incineroar|4/100
|-damage|p1b: Garchomp|16/100|[from] item: Life Orb
|move|p1a: Staraptor|Roost|p1a: Staraptor
|-heal|p1a: Staraptor|85/100
|-singleturn|p1a: Staraptor|move: Roost
|
|upkeep
|turn|4
|
|t:|1784585404
|switch|p2b: Blastoise|Blastoise-Mega, L50, M|72/100
|move|p1a: Staraptor|Protect|p1a: Staraptor
|-singleturn|p1a: Staraptor|Protect
|move|p2a: Sinistcha|Matcha Gotcha|p1a: Staraptor|[spread] p1b
|-activate|p1a: Staraptor|move: Protect
|-damage|p1b: Garchomp|0 fnt
|-heal|p2a: Sinistcha|26/100|[from] drain|[of] p1b: Garchomp
|faint|p1b: Garchomp
|
|upkeep
|
|t:|1784585412
|switch|p1b: Gholdengo|Gholdengo, L50|100/100
|turn|5
|
|t:|1784585423
|move|p2a: Sinistcha|Matcha Gotcha|p1b: Gholdengo|[spread] p1a
|-miss|p2a: Sinistcha|p1b: Gholdengo
|-resisted|p1a: Staraptor|1
|-damage|p1a: Staraptor|72/100
|-heal|p2a: Sinistcha|33/100|[from] drain|[of] p1a: Staraptor
|move|p1b: Gholdengo|Shadow Ball|p2b: Blastoise
|-damage|p2b: Blastoise|16/100
|-unboost|p2b: Blastoise|spd|1
|move|p2b: Blastoise|Water Spout|p1a: Staraptor|[spread] p1a,p1b
|-damage|p1a: Staraptor|63/100
|-damage|p1b: Gholdengo|88/100
|move|p1a: Staraptor|Brave Bird|p2b: Blastoise
|-damage|p2b: Blastoise|0 fnt
|faint|p2b: Blastoise
|-damage|p1a: Staraptor|58/100|[from] Recoil
|
|upkeep
|-message|naibot2814 forfeited.
|
|win|EmanuelaOrlandiVGC
|l|☆naibot2814
|player|p2|
||naibot2814 is ready for game 3.
||EmanuelaOrlandiVGC is ready for game 3.
|uhtml|next|Next: Game 3 of 3
|j|☆naibot2814
|player|p2|naibot2814|colress|
