|j|☆Sculked
|j|☆kanonkugle
|html|Sculkedkanonkugle    
|uhtml|bestof|Game 2 of a best-of-3
|t:|1783326822
|gametype|doubles
|player|p1|Sculked|will|
|player|p2|kanonkugle|unknown|
|gen|9
|tier|[Gen 9 Champions] VGC 2026 Reg M-B (Bo3)
|rule|Species Clause: Limit one of each Pokémon
|rule|Item Clause: Limit 1 of each item
|clearpoke
|poke|p1|Blastoise, L50, M|
|poke|p1|Meowstic, L50, M|
|poke|p1|Raichu, L50, M|
|poke|p1|Dragonite, L50, F|
|poke|p1|Farigiraf, L50, M, shiny|
|poke|p1|Staraptor, L50, M, shiny|
|poke|p2|Pelipper, L50, F|
|poke|p2|Eelektross, L50, F|
|poke|p2|Basculegion-F, L50, F|
|poke|p2|Politoed, L50, F|
|poke|p2|Roserade, L50, M|
|poke|p2|Archaludon, L50, F|
|teampreview|4
|showteam|p1|Blastoise||WhiteHerb|RainDish|ShellSmash,TerrainPulse,AuraSphere,Protect|Modest||M|||50|]Meowstic||BrightPowder|Prankster|PsychicTerrain,ExpandingForce,BatonPass,CalmMind|Modest||M|||50|]Raichu||RaichuniteY|LightningRod|ZapCannon,Discharge,Protect,FocusBlast|Bold||M|||50|]Dragonite||LifeOrb|Multiscale|IceSpinner,DragonDance,ExtremeSpeed,Earthquake|Jolly||F|||50|]Farigiraf||SitrusBerry|CudChew|PsychicTerrain,EnergyBall,ExpandingForce,Wish|Bold||M|||50|]Staraptor||BlackBelt|Intimidate|CloseCombat,Roost,SteelWing,BlazeKick|Jolly||M|||50|
|showteam|p2|Pelipper||DampRock|Drizzle|Hurricane,HydroPump,Tailwind,Uturn|Modest||F|||50|]Eelektross||Eelektrossite|Levitate|Thunder,Liquidation,ThunderWave,Coil|Hasty||F|||50|]Basculegion-F||LifeOrb|SwiftSwim|LastRespects,Waterfall,AquaJet,IceFang|Adamant||F|||50|]Politoed||Leftovers|Drizzle|HelpingHand,IcyWind,HydroPump,Rest|Modest||F|||50|]Roserade||BigRoot|PoisonPoint|LeechSeed,Toxic,SludgeBomb,GigaDrain|Calm||M|||50|]Archaludon||SitrusBerry|Stamina|ElectroShot,FlashCannon,AuraSphere,Protect|Timid||F|||50|
|
|t:|1783326908
|teamsize|p1|4
|teamsize|p2|4
|start
|switch|p1a: Meowstic|Meowstic, L50, M|100/100
|switch|p1b: Rhubarb|Farigiraf, L50, M, shiny|100/100
|switch|p2a: Politoed|Politoed, L50, F|100/100
|switch|p2b: Eelektross|Eelektross, L50, F|100/100
|-weather|RainDance|[from] ability: Drizzle|[of] p2a: Politoed
|turn|1
|
|t:|1783326928
|detailschange|p2b: Eelektross|Eelektross-Mega, L50, F
|-mega|p2b: Eelektross|Eelektross|Eelektrossite
|move|p1a: Meowstic|Calm Mind|p1a: Meowstic
|-boost|p1a: Meowstic|spa|1
|-boost|p1a: Meowstic|spd|1
|move|p2b: Eelektross|Coil|p2b: Eelektross
|-boost|p2b: Eelektross|atk|1
|-boost|p2b: Eelektross|def|1
|-boost|p2b: Eelektross|accuracy|1
|move|p2a: Politoed|Icy Wind|p1b: Rhubarb|[spread] p1a,p1b
|-damage|p1a: Meowstic|89/100
|-damage|p1b: Rhubarb|90/100
|-unboost|p1a: Meowstic|spe|1
|-unboost|p1b: Rhubarb|spe|1
|move|p1b: Rhubarb|Psychic Terrain|p1b: Rhubarb
|-fieldstart|move: Psychic Terrain
|
|-weather|RainDance|[upkeep]
|upkeep
|turn|2
|
|t:|1783326958
|move|p2b: Eelektross|Coil|p2b: Eelektross
|-boost|p2b: Eelektross|atk|1
|-boost|p2b: Eelektross|def|1
|-boost|p2b: Eelektross|accuracy|1
|move|p2a: Politoed|Icy Wind|p1b: Rhubarb|[spread] p1b
|-miss|p2a: Politoed|p1a: Meowstic
|-damage|p1b: Rhubarb|80/100
|-unboost|p1b: Rhubarb|spe|1
|move|p1a: Meowstic|Expanding Force|p2b: Eelektross|[spread] p2a,p2b
|-crit|p2a: Politoed
|-damage|p2a: Politoed|2/100
|-damage|p2b: Eelektross|12/100
|move|p1b: Rhubarb|Energy Ball|p2a: Politoed
|-supereffective|p2a: Politoed|1
|-damage|p2a: Politoed|0 fnt
|faint|p2a: Politoed
|
|-weather|RainDance|[upkeep]
|upkeep
|
|t:|1783326972
|switch|p2a: Archaludon|Archaludon, L50, F|100/100
|turn|3
|
|t:|1783326983
|move|p1a: Meowstic|Baton Pass|p1a: Meowstic
|
|t:|1783326991
|switch|p1a: Maple|Raichu, L50, M|100/100|[from] Baton Pass
|move|p2a: Archaludon|Electro Shot||[still]
|-prepare|p2a: Archaludon|Electro Shot
|-boost|p2a: Archaludon|spa|1
|-anim|p2a: Archaludon|Electro Shot|p1a: Maple
|-ability|p1a: Maple|Lightning Rod|boost
|-boost|p1a: Maple|spa|1
|move|p2b: Eelektross|Liquidation|p1b: Rhubarb
|-damage|p1b: Rhubarb|0 fnt
|faint|p1b: Rhubarb
|-ability|p2b: Eelektross|Eelevate|boost
|-boost|p2b: Eelektross|atk|1
|
|-weather|RainDance|[upkeep]
|upkeep
|
|t:|1783327003
|switch|p1b: Meowstic|Meowstic, L50, M|89/100
|turn|4
|
|t:|1783327016
|detailschange|p1a: Maple|Raichu-Mega-Y, L50, M
|-mega|p1a: Maple|Raichu|Raichunite Y
|move|p2a: Archaludon|Aura Sphere|p1a: Maple
|-damage|p1a: Maple|64/100
|move|p2b: Eelektross|Liquidation|p1a: Maple
|-damage|p1a: Maple|0 fnt
|faint|p1a: Maple
|-ability|p2b: Eelektross|Eelevate|boost
|-boost|p2b: Eelektross|atk|1
|move|p1b: Meowstic|Expanding Force|p2a: Archaludon|[spread] p2a,p2b
|-resisted|p2a: Archaludon|1
|-damage|p2a: Archaludon|64/100
|-damage|p2b: Eelektross|0 fnt
|-ability|p2a: Archaludon|Stamina|boost
|-boost|p2a: Archaludon|def|1
|faint|p2b: Eelektross
|
|-weather|RainDance|[upkeep]
|upkeep
|
|t:|1783327032
|switch|p1a: Ryu|Blastoise, L50, M|100/100
|switch|p2b: Pelipper|Pelipper, L50, F|100/100
|turn|5
|
|t:|1783327050
|move|p1b: Meowstic|Calm Mind|p1b: Meowstic
|-boost|p1b: Meowstic|spa|1
|-boost|p1b: Meowstic|spd|1
|move|p2a: Archaludon|Electro Shot||[still]
|-prepare|p2a: Archaludon|Electro Shot
|-boost|p2a: Archaludon|spa|1
|-anim|p2a: Archaludon|Electro Shot|p1a: Ryu
|-supereffective|p1a: Ryu|1
|-damage|p1a: Ryu|0 fnt
|faint|p1a: Ryu
|move|p2b: Pelipper|Tailwind|p2b: Pelipper
|-sidestart|p2: kanonkugle|move: Tailwind
|
|-weather|none
|-fieldend|move: Psychic Terrain
|upkeep
|turn|6
|
|t:|1783327077
|move|p1b: Meowstic|Psychic Terrain|p1b: Meowstic
|-fieldstart|move: Psychic Terrain
|move|p2a: Archaludon|Flash Cannon|p1b: Meowstic
|-damage|p1b: Meowstic|26/100
|move|p2b: Pelipper|U-turn|p1b: Meowstic
|-supereffective|p1b: Meowstic|1
|-damage|p1b: Meowstic|6/100
|
|upkeep
|turn|7
|
|t:|1783327086
|move|p2a: Archaludon|Flash Cannon|p1b: Meowstic
|-crit|p1b: Meowstic
|-damage|p1b: Meowstic|0 fnt
|faint|p1b: Meowstic
|
|win|kanonkugle
|c|☆kanonkugle|gg
||kanonkugle is ready for game 3.
|c|☆Sculked|ggs
||Sculked is ready for game 3.
|uhtml|next|Next: Game 3 of 3
