|j|☆Museigentest
|j|☆ScrewSalesman
|html|MuseigentestScrewSalesman    
|uhtml|bestof|Game 2 of a best-of-3
|t:|1757218408
|gametype|doubles
|player|p1|Museigentest|101|1280
|player|p2|ScrewSalesman|cynthia-gen4|1358
|gen|9
|tier|[Gen 9] VGC 2025 Reg H (Bo3)
|rated|
|rule|Species Clause: Limit one of each Pokémon
|rule|Item Clause: Limit 1 of each item
|clearpoke
|poke|p1|Sneasler, L50, M|
|poke|p1|Indeedee, L50, M|
|poke|p1|Volcarona, L50, F|
|poke|p1|Ursaluna-Bloodmoon, L50, M|
|poke|p1|Annihilape, L50, F|
|poke|p1|Tyranitar, L50, M|
|poke|p2|Porygon2, L50|
|poke|p2|Incineroar, L50, F|
|poke|p2|Ursaluna, L50, F|
|poke|p2|Jumpluff, L50, F|
|poke|p2|Charizard, L50, M|
|poke|p2|Torkoal, L50, F|
|teampreview|4
|showteam|p1|Sneasler||PsychicSeed|Unburden|CloseCombat,DireClaw,ThroatChop,Protect|||M|||50|,,,,,Dark]Indeedee||ChoiceScarf|PsychicSurge|ExpandingForce,TeraBlast,Trick,Protect|||M|||50|,,,,,Psychic]Volcarona||SitrusBerry|FlameBody|Overheat,StruggleBug,RagePowder,Tailwind|||F|||50|,,,,,Dragon]Ursaluna-Bloodmoon||LifeOrb|MindsEye|BloodMoon,HyperVoice,EarthPower,Protect|||M|||50|,,,,,Normal]Annihilape||SafetyGoggles|Defiant|CloseCombat,RageFist,Taunt,FinalGambit|||F|||50|,,,,,Fairy]Tyranitar||AssaultVest|SandStream|RockSlide,KnockOff,TeraBlast,LowKick|||M|||50|,,,,,Flying
|showteam|p2|Porygon2||Eviolite|Download|TeraBlast,IceBeam,TrickRoom,Recover||||||50|,,,,,Fighting]Incineroar||SitrusBerry|Intimidate|FakeOut,KnockOff,FlareBlitz,PartingShot|||F|||50|,,,,,Ghost]Ursaluna||FlameOrb|Guts|HeadlongRush,Facade,Earthquake,Protect|||F|||50|,,,,,Ghost]Jumpluff||CovertCloak|Chlorophyll|RagePowder,SunnyDay,Tailwind,SleepPowder|||F|||50|,,,,,Water]Charizard||ChoiceSpecs|SolarPower|HeatWave,Overheat,WeatherBall,SolarBeam|||M|||50|,,,,,Ghost]Torkoal||EjectPack|Drought|Overheat,Eruption,HelpingHand,Protect|||F|||50|,,,,,Fire
|inactive|Battle timer is ON: inactive players will automatically lose when time's up. (requested by ScrewSalesman)
|inactive|Museigentest has 60 seconds left.
|
|t:|1757218455
|teamsize|p1|4
|teamsize|p2|4
|start
|switch|p1a: Annihilape|Annihilape, L50, F|100/100
|switch|p1b: Sneasler|Sneasler, L50, M|100/100
|switch|p2a: Jumpluff|Jumpluff, L50, F|100/100
|switch|p2b: Charizard|Charizard, L50, M, shiny|100/100
|turn|1
|inactive|Museigentest has 30 seconds left.
|inactive|ScrewSalesman has 30 seconds left.
|inactive|Museigentest has 20 seconds left.
|inactive|Museigentest has 15 seconds left.
|inactive|Museigentest has 10 seconds left.
|inactive|Museigentest has 5 seconds left.
|
|t:|1757218506
|switch|p1b: Tyranitar|Tyranitar, L50, M|100/100
|-weather|Sandstorm|[from] ability: Sand Stream|[of] p1b: Tyranitar
|-terastallize|p2a: Jumpluff|Water
|move|p2a: Jumpluff|Sunny Day|p2a: Jumpluff
|-weather|SunnyDay
|move|p2b: Charizard|Heat Wave|p1b: Tyranitar|[spread] p1a,p1b
|-crit|p1a: Annihilape
|-resisted|p1b: Tyranitar
|-damage|p1a: Annihilape|0 fnt
|-damage|p1b: Tyranitar|68/100
|faint|p1a: Annihilape
|
|-weather|SunnyDay|[upkeep]
|-damage|p2b: Charizard|88/100|[from] ability: Solar Power|[of] p2b: Charizard
|upkeep
|
|t:|1757218520
|switch|p1a: Indeedee|Indeedee, L50, M|100/100
|-fieldstart|move: Psychic Terrain|[from] ability: Psychic Surge|[of] p1a: Indeedee
|turn|2
|inactive|Museigentest has 30 seconds left.
|inactive|Museigentest has 20 seconds left.
|inactive|Museigentest has 15 seconds left.
|inactive|Museigentest has 10 seconds left.
|
|t:|1757218565
|-terastallize|p1a: Indeedee|Psychic
|move|p2a: Jumpluff|Tailwind|p2a: Jumpluff
|-sidestart|p2: ScrewSalesman|move: Tailwind
|move|p2b: Charizard|Heat Wave|p1a: Indeedee|[spread] p1b
|-miss|p2b: Charizard|p1a: Indeedee
|-resisted|p1b: Tyranitar
|-damage|p1b: Tyranitar|37/100
|move|p1a: Indeedee|Expanding Force|p2b: Charizard|[spread] p2a,p2b
|-damage|p2a: Jumpluff|27/100
|-damage|p2b: Charizard|0 fnt
|faint|p2b: Charizard
|move|p1b: Tyranitar|Knock Off|p2a: Jumpluff
|-damage|p2a: Jumpluff|0 fnt
|-enditem|p2a: Jumpluff|Covert Cloak|[from] move: Knock Off|[of] p1b: Tyranitar
|faint|p2a: Jumpluff
|
|-weather|SunnyDay|[upkeep]
|upkeep
|
|t:|1757218574
|switch|p2a: Porygon2|Porygon2, L50, shiny|100/100
|switch|p2b: Incineroar|Incineroar, L50, F|100/100
|-ability|p2b: Incineroar|Intimidate|boost
|-unboost|p1a: Indeedee|atk|1
|-unboost|p1b: Tyranitar|atk|1
|-ability|p2a: Porygon2|Download|boost
|-boost|p2a: Porygon2|atk|1
|turn|3
|inactive|Museigentest has 30 seconds left.
|inactive|ScrewSalesman has 30 seconds left.
|inactive|Museigentest has 20 seconds left.
|inactive|Museigentest has 15 seconds left.
|
|t:|1757218615
|switch|p1a: Sneasler|Sneasler, L50, M|100/100
|-enditem|p1a: Sneasler|Psychic Seed
|-boost|p1a: Sneasler|spd|1|[from] item: Psychic Seed
|move|p2b: Incineroar|Knock Off|p1a: Sneasler
|-resisted|p1a: Sneasler
|-damage|p1a: Sneasler|71/100
|move|p1b: Tyranitar|Rock Slide|p2a: Porygon2|[spread] p2a,p2b
|-supereffective|p2b: Incineroar
|-damage|p2a: Porygon2|87/100
|-damage|p2b: Incineroar|61/100
|cant|p2a: Porygon2|flinch
|
|-weather|SunnyDay|[upkeep]
|upkeep
|turn|4
|c|☆Museigentest|unlucky
|inactive|Museigentest has 30 seconds left.
|inactive|Museigentest has 20 seconds left.
|inactive|Museigentest has 15 seconds left.
|
|t:|1757218660
|move|p1a: Sneasler|Protect|p1a: Sneasler
|-singleturn|p1a: Sneasler|Protect
|move|p2b: Incineroar|Flare Blitz|p1a: Sneasler
|-activate|p1a: Sneasler|move: Protect
|move|p2a: Porygon2|Tera Blast|p1a: Sneasler
|-activate|p1a: Sneasler|move: Protect
|move|p1b: Tyranitar|Rock Slide|p2a: Porygon2|[spread] p2a,p2b
|-supereffective|p2b: Incineroar
|-damage|p2a: Porygon2|74/100
|-damage|p2b: Incineroar|22/100
|-enditem|p2b: Incineroar|Sitrus Berry|[eat]
|-heal|p2b: Incineroar|47/100|[from] item: Sitrus Berry
|
|-weather|SunnyDay|[upkeep]
|upkeep
|turn|5
|inactive|Museigentest has 30 seconds left.
|inactive|Museigentest has 20 seconds left.
|
|t:|1757218697
|move|p1a: Sneasler|Close Combat|p2b: Incineroar
|-supereffective|p2b: Incineroar
|-damage|p2b: Incineroar|0 fnt
|-unboost|p1a: Sneasler|def|1
|-unboost|p1a: Sneasler|spd|1
|faint|p2b: Incineroar
|move|p2a: Porygon2|Tera Blast|p1a: Sneasler
|-damage|p1a: Sneasler|17/100
|move|p1b: Tyranitar|Knock Off|p2a: Porygon2
|-damage|p2a: Porygon2|52/100
|-enditem|p2a: Porygon2|Eviolite|[from] move: Knock Off|[of] p1b: Tyranitar
|
|-weather|none
|-sideend|p2: ScrewSalesman|move: Tailwind
|upkeep
|turn|6
|-message|ScrewSalesman forfeited.
|
|win|Museigentest
|raw|Museigentest's rating: 1280 → 1311(+31 for winning)
|raw|ScrewSalesman's rating: 1358 → 1334(-24 for losing)
|c|☆ScrewSalesman|gg
|c|☆Museigentest|Gg
|l|☆ScrewSalesman
|player|p2|
