|j|☆Mumblin'Penguin
|j|☆breloomb01
|html|Mumblin'Penguinbreloomb01    
|uhtml|bestof|Game 1 of a best-of-3
|t:|1757783267
|gametype|doubles
|player|p1|Mumblin'Penguin|gambler|1281
|player|p2|breloomb01|170|1286
|gen|9
|tier|[Gen 9] VGC 2025 Reg H (Bo3)
|rated|
|rule|Species Clause: Limit one of each Pokémon
|rule|Item Clause: Limit 1 of each item
|clearpoke
|poke|p1|Ursaluna-Bloodmoon, L50, M|
|poke|p1|Gholdengo, L50|
|poke|p1|Dragonite, L50, M|
|poke|p1|Sneasler, L50, F|
|poke|p1|Incineroar, L50, F|
|poke|p1|Amoonguss, L50, M|
|poke|p2|Amoonguss, L50, M|
|poke|p2|Pelipper, L50, M|
|poke|p2|Archaludon, L50, M|
|poke|p2|Basculegion, L50, M|
|poke|p2|Gholdengo, L50|
|poke|p2|Weavile, L50, F|
|teampreview|4
|showteam|p1|Ursaluna-Bloodmoon||AssaultVest|MindsEye|BloodMoon,EarthPower,VacuumWave,HyperVoice|||M|||50|,,,,,Water]Gholdengo||LifeOrb|GoodasGold|Protect,MakeItRain,ShadowBall,NastyPlot||||||50|,,,,,Water]Dragonite||LoadedDice|Multiscale|ScaleShot,Tailwind,Haze,Protect|||M|||50|,,,,,Fairy]Sneasler||FocusSash|Unburden|Protect,DireClaw,CloseCombat,ThroatChop|||F|||50|,,,,,Stellar]Incineroar||SafetyGoggles|Intimidate|KnockOff,PartingShot,FlareBlitz,FakeOut|||F|||50|,,,,,Ghost]Amoonguss||SitrusBerry|Regenerator|RagePowder,Spore,PollenPuff,Protect|||M|||50|,,,,,Psychic
|showteam|p2|Amoonguss||CovertCloak|Regenerator|PollenPuff,RagePowder,Spore,ClearSmog|||M|||50|,,,,,Water]Pelipper||SafetyGoggles|Drizzle|WeatherBall,Hurricane,Tailwind,Protect|||M|||50|,,,,,Ghost]Archaludon||AssaultVest|Stamina|DragonPulse,ElectroShot,Snarl,BodyPress|||M|||50|,,,,,Bug]Basculegion||ChoiceBand|SwiftSwim|WaveCrash,AquaJet,LastRespects,FlipTurn|||M|||50|,,,,,Fairy]Gholdengo||MetalCoat|GoodasGold|MakeItRain,NastyPlot,ShadowBall,Protect||||||50|,,,,,Water]Weavile||FocusSash|Pickpocket|FakeOut,IceSpinner,KnockOff,BeatUp|||F|||50|,,,,,Ghost
|
|t:|1757783291
|teamsize|p1|4
|teamsize|p2|4
|start
|switch|p1a: Dragonite|Dragonite, L50, M|100/100
|switch|p1b: Gholdengo|Gholdengo, L50|100/100
|switch|p2a: Weavile|Weavile, L50, F|100/100
|switch|p2b: Basculegion|Basculegion, L50, M|100/100
|turn|1
|
|t:|1757783319
|switch|p2a: Archaludon|Archaludon, L50, M|100/100
|move|p1b: Gholdengo|Protect|p1b: Gholdengo
|-singleturn|p1b: Gholdengo|Protect
|move|p1a: Dragonite|Protect|p1a: Dragonite
|-singleturn|p1a: Dragonite|Protect
|move|p2b: Basculegion|Flip Turn|p2a: Archaludon
|-resisted|p2a: Archaludon
|-damage|p2a: Archaludon|84/100
|-ability|p2a: Archaludon|Stamina|boost
|-boost|p2a: Archaludon|def|1
|
|t:|1757783341
|switch|p2b: Pelipper|Pelipper, L50, M|100/100|[from] Flip Turn
|-weather|RainDance|[from] ability: Drizzle|[of] p2b: Pelipper
|
|-weather|RainDance|[upkeep]
|upkeep
|turn|2
|
|t:|1757783361
|move|p1b: Gholdengo|Nasty Plot|p1b: Gholdengo
|-boost|p1b: Gholdengo|spa|2
|move|p1a: Dragonite|Tailwind|p1a: Dragonite
|-sidestart|p1: Mumblin'Penguin|move: Tailwind
|move|p2b: Pelipper|Tailwind|p2b: Pelipper
|-sidestart|p2: breloomb01|move: Tailwind
|move|p2a: Archaludon|Electro Shot||[still]
|-prepare|p2a: Archaludon|Electro Shot
|-boost|p2a: Archaludon|spa|1
|-anim|p2a: Archaludon|Electro Shot|p1b: Gholdengo
|-damage|p1b: Gholdengo|30/100
|
|-weather|RainDance|[upkeep]
|upkeep
|turn|3
|
|t:|1757783392
|move|p1b: Gholdengo|Shadow Ball|p2a: Archaludon
|-damage|p2a: Archaludon|0 fnt
|faint|p2a: Archaludon
|-damage|p1b: Gholdengo|20/100|[from] item: Life Orb
|move|p1a: Dragonite|Scale Shot|p2b: Pelipper
|-damage|p2b: Pelipper|83/100
|-damage|p2b: Pelipper|68/100
|-damage|p2b: Pelipper|53/100
|-damage|p2b: Pelipper|37/100
|-hitcount|p2b: Pelipper|4
|-unboost|p1a: Dragonite|def|1
|-boost|p1a: Dragonite|spe|1
|move|p2b: Pelipper|Weather Ball|p1b: Gholdengo
|-damage|p1b: Gholdengo|0 fnt
|faint|p1b: Gholdengo
|
|-weather|RainDance|[upkeep]
|upkeep
|
|t:|1757783413
|switch|p1b: Incineroar|Incineroar, L50, F|100/100
|switch|p2a: Basculegion|Basculegion, L50, M|100/100
|-ability|p1b: Incineroar|Intimidate|boost
|-unboost|p2a: Basculegion|atk|1
|-unboost|p2b: Pelipper|atk|1
|turn|4
|
|t:|1757783432
|move|p2b: Pelipper|Protect|p2b: Pelipper
|-singleturn|p2b: Pelipper|Protect
|move|p1b: Incineroar|Fake Out|p2b: Pelipper
|-activate|p2b: Pelipper|move: Protect
|move|p2a: Basculegion|Flip Turn|p1b: Incineroar
|-supereffective|p1b: Incineroar
|-damage|p1b: Incineroar|7/100
|
|t:|1757783439
|switch|p2a: Weavile|Weavile, L50, F|100/100|[from] Flip Turn
|move|p1a: Dragonite|Scale Shot|p2a: Weavile
|-damage|p2a: Weavile|74/100
|-damage|p2a: Weavile|46/100
|-damage|p2a: Weavile|19/100
|-damage|p2a: Weavile|0 fnt
|faint|p2a: Weavile
|-hitcount|p2: Weavile|4
|-unboost|p1a: Dragonite|def|1
|-boost|p1a: Dragonite|spe|1
|
|-weather|RainDance|[upkeep]
|upkeep
|
|t:|1757783441
|switch|p2a: Basculegion|Basculegion, L50, M|100/100
|turn|5
|
|t:|1757783459
|move|p1a: Dragonite|Scale Shot|p2a: Basculegion
|-damage|p2a: Basculegion|82/100
|-damage|p2a: Basculegion|63/100
|-damage|p2a: Basculegion|46/100
|-damage|p2a: Basculegion|27/100
|-damage|p2a: Basculegion|10/100
|-hitcount|p2a: Basculegion|5
|-unboost|p1a: Dragonite|def|1
|-boost|p1a: Dragonite|spe|1
|move|p2a: Basculegion|Last Respects|p1a: Dragonite
|-damage|p1a: Dragonite|0 fnt
|faint|p1a: Dragonite
|move|p2b: Pelipper|Weather Ball|p1b: Incineroar
|-supereffective|p1b: Incineroar
|-damage|p1b: Incineroar|0 fnt
|faint|p1b: Incineroar
|
|-weather|none
|-sideend|p2: breloomb01|move: Tailwind
|-sideend|p1: Mumblin'Penguin|move: Tailwind
|upkeep
|
|t:|1757783478
|switch|p1b: Sneasler|Sneasler, L50, F|100/100
|turn|6
|
|t:|1757783492
|move|p1b: Sneasler|Throat Chop|p2a: Basculegion
|-supereffective|p2a: Basculegion
|-damage|p2a: Basculegion|0 fnt
|faint|p2a: Basculegion
|move|p2b: Pelipper|Weather Ball|p1b: Sneasler
|-damage|p1b: Sneasler|81/100
|
|upkeep
|turn|7
|
|t:|1757783503
|-terastallize|p1b: Sneasler|Stellar
|move|p1b: Sneasler|Throat Chop|p2b: Pelipper
|-damage|p2b: Pelipper|2/100
|-start|p2b: Pelipper|Throat Chop|[silent]
|move|p2b: Pelipper|Hurricane|p1b: Sneasler|[miss]
|-miss|p2b: Pelipper|p1b: Sneasler
|
|upkeep
|turn|8
|
|t:|1757783517
|move|p1b: Sneasler|Dire Claw|p2b: Pelipper
|-damage|p2b: Pelipper|0 fnt
|faint|p2b: Pelipper
|
|win|Mumblin'Penguin
||Mumblin'Penguin is ready for game 2.
|inactive|breloomb01 has 30 seconds to confirm battle start!
|l|☆breloomb01
|player|p2|
|inactive|breloomb01 has 20 seconds to confirm battle start!
|j|☆breloomb01
|player|p2|breloomb01|170|
||breloomb01 is ready for game 2.
|uhtml|next|Next: Game 2 of 3
|l|☆Mumblin'Penguin
|player|p1|
|l|☆breloomb01
|player|p2|
|j|☆breloomb01
|player|p2|breloomb01|170|
|l|☆breloomb01
|player|p2|
|j|☆breloomb01
|player|p2|breloomb01|170|
