|j|☆Atlanta Rat
|j|☆buggy es el rey
|html|Atlanta Ratbuggy es el rey    
|uhtml|bestof|Game 3 of a best-of-3
|t:|1784996795
|gametype|doubles
|player|p1|Atlanta Rat|rood|1195
|player|p2|buggy es el rey|gambler|1156
|gen|9
|tier|[Gen 9 Champions] VGC 2026 Reg M-B (Bo3)
|rated|
|rule|Species Clause: Limit one of each Pokémon
|rule|Item Clause: Limit 1 of each item
|clearpoke
|poke|p1|Raichu, L50, M|
|poke|p1|Sinistcha, L50|
|poke|p1|Incineroar, L50, F|
|poke|p1|Sylveon, L50, M|
|poke|p1|Metagross, L50|
|poke|p1|Hydreigon, L50, M|
|poke|p2|Froslass, L50, F|
|poke|p2|Delphox, L50, M|
|poke|p2|Incineroar, L50, M|
|poke|p2|Sneasler, L50, F|
|poke|p2|Basculegion, L50, M|
|poke|p2|Whimsicott, L50, F|
|teampreview|4
|showteam|p1|Raichu||RaichuniteY|LightningRod|ZapCannon,FocusBlast,FakeOut,Protect|Timid||M|||50|]Sinistcha||SitrusBerry|Hospitality|MatchaGotcha,RagePowder,LifeDew,Protect|Bold|||||50|]Incineroar||LumBerry|Intimidate|FlareBlitz,DarkestLariat,PartingShot,FakeOut|Impish||F|||50|]Sylveon||FairyFeather|Pixilate|HyperVoice,Moonblast,CalmMind,Protect|Modest||M|||50|]Metagross||Metagrossite|ClearBody|BulletPunch,PsychicFangs,BodyPress,Protect|Adamant|||||50|]Hydreigon||ChoiceScarf|Levitate|DracoMeteor,DarkPulse,EarthPower,Snarl|Modest||M|||50|
|showteam|p2|Froslass||Froslassite|CursedBody|Protect,AuroraVeil,Blizzard,ShadowBall|Timid||F|||50|]Delphox||Delphoxite|Blaze|Protect,NastyPlot,HeatWave,Psychic|Timid||M|||50|]Incineroar||SitrusBerry|Intimidate|FakeOut,FlareBlitz,PartingShot,DarkestLariat|Adamant||M|||50|]Sneasler||WhiteHerb|Unburden|FakeOut,CloseCombat,DireClaw,Protect|Jolly||F|||50|]Basculegion||LifeOrb|Adaptability|Protect,AquaJet,WaveCrash,LastRespects|Adamant||M|||50|]Whimsicott||FocusSash|Prankster|Tailwind,Encore,HelpingHand,Moonblast|Careful||F|||50|
|inactive|Battle timer is ON: inactive players will automatically lose when time's up. (requested by buggy es el rey)
|
|t:|1784996864
|teamsize|p1|4
|teamsize|p2|4
|start
|switch|p1a: Gen 1 Rat|Raichu, L50, M|100/100
|switch|p1b: Fairy Kitty Rat|Sylveon, L50, M|100/100
|switch|p2a: Froslass|Froslass, L50, F|100/100
|switch|p2b: Incineroar|Incineroar, L50, M|100/100
|-ability|p2b: Incineroar|Intimidate|boost
|-unboost|p1a: Gen 1 Rat|atk|1
|-unboost|p1b: Fairy Kitty Rat|atk|1
|turn|1
|
|t:|1784996885
|detailschange|p2a: Froslass|Froslass-Mega, L50, F
|-mega|p2a: Froslass|Froslass|Froslassite
|-weather|Snowscape|[from] ability: Snow Warning|[of] p2a: Froslass
|detailschange|p1a: Gen 1 Rat|Raichu-Mega-Y, L50, M
|-mega|p1a: Gen 1 Rat|Raichu|Raichunite Y
|move|p1a: Gen 1 Rat|Fake Out|p2b: Incineroar
|-damage|p2b: Incineroar|94/100
|cant|p2b: Incineroar|flinch
|move|p2a: Froslass|Blizzard|p1b: Fairy Kitty Rat|[spread] p1a,p1b
|-damage|p1a: Gen 1 Rat|46/100
|-damage|p1b: Fairy Kitty Rat|68/100
|move|p1b: Fairy Kitty Rat|Calm Mind|p1b: Fairy Kitty Rat
|-boost|p1b: Fairy Kitty Rat|spa|1
|-boost|p1b: Fairy Kitty Rat|spd|1
|
|-weather|Snowscape|[upkeep]
|upkeep
|turn|2
|inactive|buggy es el rey has 30 seconds left.
|inactive|buggy es el rey has 20 seconds left.
|inactive|buggy es el rey has 15 seconds left.
|
|t:|1784996928
|move|p2a: Froslass|Protect|p2a: Froslass
|-singleturn|p2a: Froslass|Protect
|move|p1a: Gen 1 Rat|Focus Blast|p2b: Incineroar
|-supereffective|p2b: Incineroar|1
|-damage|p2b: Incineroar|19/100
|-enditem|p2b: Incineroar|Sitrus Berry|[eat]
|-heal|p2b: Incineroar|44/100|[from] item: Sitrus Berry
|move|p1b: Fairy Kitty Rat|Hyper Voice|p2b: Incineroar|[spread] p2b
|-activate|p2a: Froslass|move: Protect
|-damage|p2b: Incineroar|0 fnt
|faint|p2b: Incineroar
|
|-weather|Snowscape|[upkeep]
|upkeep
|
|t:|1784996945
|switch|p2b: Sneasler|Sneasler, L50, F|100/100
|turn|3
|
|t:|1784996952
|switch|p2a: Basculegion|Basculegion, L50, M|100/100
|move|p1a: Gen 1 Rat|Protect|p1a: Gen 1 Rat
|-singleturn|p1a: Gen 1 Rat|Protect
|move|p1b: Fairy Kitty Rat|Protect|p1b: Fairy Kitty Rat
|-singleturn|p1b: Fairy Kitty Rat|Protect
|move|p2b: Sneasler|Fake Out|p1a: Gen 1 Rat
|-activate|p1a: Gen 1 Rat|move: Protect
|
|-weather|Snowscape|[upkeep]
|upkeep
|turn|4
|
|t:|1784996966
|switch|p1b: Smiley Rat|Sinistcha, L50|100/100
|-heal|p1a: Gen 1 Rat|70/100|[from] ability: Hospitality|[of] p1b: Smiley Rat
|move|p2a: Basculegion|Aqua Jet|p1a: Gen 1 Rat
|-damage|p1a: Gen 1 Rat|13/100
|-damage|p2a: Basculegion|90/100|[from] item: Life Orb
|move|p1a: Gen 1 Rat|Zap Cannon|p2a: Basculegion
|-supereffective|p2a: Basculegion|1
|-damage|p2a: Basculegion|0 fnt
|faint|p2a: Basculegion
|move|p2b: Sneasler|Dire Claw|p1b: Smiley Rat
|-damage|p1b: Smiley Rat|69/100
|
|-weather|Snowscape|[upkeep]
|upkeep
|
|t:|1784996980
|switch|p2a: Froslass|Froslass-Mega, L50, F|100/100
|turn|5
|
|t:|1784997003
|switch|p1b: Fairy Kitty Rat|Sylveon, L50, M|68/100
|move|p1a: Gen 1 Rat|Protect|p1a: Gen 1 Rat
|-singleturn|p1a: Gen 1 Rat|Protect
|move|p2a: Froslass|Blizzard|p1a: Gen 1 Rat|[spread] p1b
|-activate|p1a: Gen 1 Rat|move: Protect
|-damage|p1b: Fairy Kitty Rat|37/100
|move|p2b: Sneasler|Close Combat|p1a: Gen 1 Rat
|-activate|p1a: Gen 1 Rat|move: Protect
|
|-weather|none
|upkeep
|turn|6
|inactive|buggy es el rey has 30 seconds left.
|
|t:|1784997035
|switch|p1b: Smiley Rat|Sinistcha, L50|69/100
|-heal|p1a: Gen 1 Rat|37/100|[from] ability: Hospitality|[of] p1b: Smiley Rat
|move|p1a: Gen 1 Rat|Zap Cannon|p2b: Sneasler
|-damage|p2b: Sneasler|31/100
|-status|p2b: Sneasler|par
|move|p2a: Froslass|Blizzard|p1b: Smiley Rat|[spread] p1a,p1b
|-supereffective|p1b: Smiley Rat|1
|-damage|p1a: Gen 1 Rat|0 fnt
|-damage|p1b: Smiley Rat|0 fnt
|faint|p1a: Gen 1 Rat
|faint|p1b: Smiley Rat
|move|p2b: Sneasler|Dire Claw|p1: Gen 1 Rat|[notarget]
|-fail|p2b: Sneasler
|
|upkeep
|inactive|Atlanta Rat has 30 seconds left.
|
|t:|1784997066
|switch|p1a: 3 headed Rat|Hydreigon, L50, M|100/100
|switch|p1b: Fairy Kitty Rat|Sylveon, L50, M|37/100
|turn|7
|
|t:|1784997080
|move|p1a: 3 headed Rat|Dark Pulse|p2a: Froslass
|-supereffective|p2a: Froslass|1
|-damage|p2a: Froslass|7/100
|move|p2a: Froslass|Blizzard|p1b: Fairy Kitty Rat|[spread] p1b
|-miss|p2a: Froslass|p1a: 3 headed Rat
|-damage|p1b: Fairy Kitty Rat|7/100
|move|p1b: Fairy Kitty Rat|Moonblast|p2b: Sneasler
|-damage|p2b: Sneasler|0 fnt
|faint|p2b: Sneasler
|
|upkeep
|turn|8
|inactive|buggy es el rey has 30 seconds left.
|inactive|buggy es el rey has 20 seconds left.
|inactive|buggy es el rey has 15 seconds left.
|inactive|buggy es el rey has 10 seconds left.
|
|t:|1784997126
|move|p1a: 3 headed Rat|Dark Pulse|p2a: Froslass
|-supereffective|p2a: Froslass|1
|-damage|p2a: Froslass|0 fnt
|faint|p2a: Froslass
|
|win|Atlanta Rat
|raw|Atlanta Rat's rating: 1195 → 1215(+20 for winning)
|raw|buggy es el rey's rating: 1131 → 1111(-20 for losing)
