|j|☆Pardigrado
|j|☆Panexeri
|html|PardigradoPanexeri    
|uhtml|bestof|Game 3 of a best-of-3
|t:|1756931650
|gametype|doubles
|player|p1|Pardigrado|hala|1083
|player|p2|Panexeri|guitarist|1000
|gen|9
|tier|[Gen 9] VGC 2025 Reg H (Bo3)
|rated|
|rule|Species Clause: Limit one of each Pokémon
|rule|Item Clause: Limit 1 of each item
|clearpoke
|poke|p1|Excadrill, L50, M|
|poke|p1|Sneasler, L50, F|
|poke|p1|Indeedee, L50, M|
|poke|p1|Annihilape, L50, F|
|poke|p1|Tyranitar, L50, F|
|poke|p1|Corviknight, L50, M|
|poke|p2|Rillaboom, L50, M|
|poke|p2|Dragonite, L50, F|
|poke|p2|Sneasler, L50, M|
|poke|p2|Kingambit, L50, F|
|poke|p2|Electabuzz, L50, F|
|poke|p2|Volcarona, L50, M|
|teampreview|4
|showteam|p1|Excadrill||FocusSash|SandRush|IronHead,HighHorsepower,Earthquake,Protect|||M|||50|,,,,,Stellar]Sneasler||PsychicSeed|Unburden|DireClaw,CloseCombat,ThroatChop,Protect|||F|||50|,,,,,Dark]Indeedee||ChoiceScarf|PsychicSurge|ExpandingForce,TeraBlast,Protect,Trick|||M|||50|,,,,,Psychic]Annihilape||SafetyGoggles|Defiant|CloseCombat,FinalGambit,RageFist,Taunt|||F|||50|,,,,,Water]Tyranitar||AssaultVest|SandStream|RockSlide,KnockOff,LowKick,TeraBlast|||F|||50|,,,,,Flying]Corviknight||Leftovers|MirrorArmor|Tailwind,Roost,BulkUp,BraveBird|||M|||50|,,,,,Dragon
|showteam|p2|Rillaboom||AssaultVest|GrassySurge|FakeOut,HighHorsepower,WoodHammer,GrassyGlide|||M|||50|,,,,,Fire]Dragonite||LoadedDice|Multiscale|ExtremeSpeed,ScaleShot,Protect,Haze|||F|||50|,,,,,Steel]Sneasler||FocusSash|PoisonTouch|DireClaw,CloseCombat,FakeOut,Coaching|||M|||50|,,,,,Stellar]Kingambit||BlackGlasses|Defiant|KowtowCleave,SuckerPunch,SwordsDance,Protect|||F|||50|,,,,,Dark]Electabuzz||Eviolite|VitalSpirit|Thunderbolt,Taunt,FollowMe,Protect|||F|||50|,,,,,Ghost]Volcarona||Leftovers|FlameBody|HeatWave,TeraBlast,QuiverDance,Protect|||M|||50|,,,,,Fairy
|
|t:|1756931667
|teamsize|p1|4
|teamsize|p2|4
|start
|switch|p1a: Excadrill|Excadrill, L50, M|100/100
|switch|p1b: Tyranitar|Tyranitar, L50, F|100/100
|switch|p2a: Rillaboom|Rillaboom, L50, M|100/100
|switch|p2b: Volcarona|Volcarona, L50, M|100/100
|-fieldstart|move: Grassy Terrain|[from] ability: Grassy Surge|[of] p2a: Rillaboom
|-weather|Sandstorm|[from] ability: Sand Stream|[of] p1b: Tyranitar
|turn|1
|
|t:|1756931709
|switch|p1a: Indeedee|Indeedee, L50, M|100/100
|-fieldstart|move: Psychic Terrain|[from] ability: Psychic Surge|[of] p1a: Indeedee
|-terastallize|p1b: Tyranitar|Flying
|move|p2b: Volcarona|Heat Wave|p1b: Tyranitar|[spread] p1a,p1b
|-damage|p1a: Indeedee|52/100
|-damage|p1b: Tyranitar|81/100
|-status|p1a: Indeedee|brn
|move|p2a: Rillaboom|Wood Hammer|p1b: Tyranitar
|-resisted|p1b: Tyranitar
|-damage|p1b: Tyranitar|59/100
|-damage|p2a: Rillaboom|93/100|[from] Recoil
|move|p1b: Tyranitar|Tera Blast|p2a: Rillaboom|[anim] Tera Blast Flying
|-supereffective|p2a: Rillaboom
|-damage|p2a: Rillaboom|0 fnt
|faint|p2a: Rillaboom
|
|-weather|Sandstorm|[upkeep]
|-damage|p1a: Indeedee|46/100 brn|[from] Sandstorm
|-damage|p2b: Volcarona|94/100|[from] Sandstorm
|-damage|p1b: Tyranitar|54/100|[from] Sandstorm
|-heal|p2b: Volcarona|100/100|[from] item: Leftovers
|-damage|p1a: Indeedee|40/100 brn|[from] brn
|upkeep
|
|t:|1756931737
|switch|p2a: Sneasler|Sneasler, L50, M|100/100
|turn|2
|
|t:|1756931763
|move|p2a: Sneasler|Fake Out|p1b: Tyranitar
|-hint|Psychic Terrain doesn't affect Pokémon immune to Ground.
|-damage|p1b: Tyranitar|42/100
|move|p1a: Indeedee|Expanding Force|p2a: Sneasler|[spread] p2a,p2b
|-supereffective|p2a: Sneasler
|-enditem|p2a: Sneasler|Focus Sash
|-damage|p2a: Sneasler|1/100
|-damage|p2b: Volcarona|50/100
|move|p2b: Volcarona|Quiver Dance|p2b: Volcarona
|-boost|p2b: Volcarona|spa|1
|-boost|p2b: Volcarona|spd|1
|-boost|p2b: Volcarona|spe|1
|cant|p1b: Tyranitar|flinch
|
|-weather|Sandstorm|[upkeep]
|-damage|p1a: Indeedee|34/100 brn|[from] Sandstorm
|-damage|p2b: Volcarona|44/100|[from] Sandstorm
|-damage|p2a: Sneasler|0 fnt|[from] Sandstorm
|-damage|p1b: Tyranitar|36/100|[from] Sandstorm
|faint|p2a: Sneasler
|-heal|p2b: Volcarona|50/100|[from] item: Leftovers
|-damage|p1a: Indeedee|28/100 brn|[from] brn
|upkeep
|j| Arkhept
|l| Arkhept
|
|t:|1756931776
|switch|p2a: Electabuzz|Electabuzz, L50, F|100/100
|turn|3
|
|t:|1756931791
|switch|p1b: Sneasler|Sneasler, L50, F|100/100
|-enditem|p1b: Sneasler|Psychic Seed
|-boost|p1b: Sneasler|spd|1|[from] item: Psychic Seed
|move|p1a: Indeedee|Expanding Force|p2a: Electabuzz|[spread] p2a,p2b
|-damage|p2a: Electabuzz|61/100
|-damage|p2b: Volcarona|16/100
|move|p2b: Volcarona|Heat Wave|p1a: Indeedee|[spread] p1a,p1b
|-damage|p1a: Indeedee|0 fnt
|-damage|p1b: Sneasler|48/100
|faint|p1a: Indeedee
|move|p2a: Electabuzz|Thunderbolt|p1b: Sneasler
|-damage|p1b: Sneasler|21/100
|
|-weather|Sandstorm|[upkeep]
|-damage|p1b: Sneasler|15/100|[from] Sandstorm
|-damage|p2b: Volcarona|10/100|[from] Sandstorm
|-damage|p2a: Electabuzz|55/100|[from] Sandstorm
|-heal|p2b: Volcarona|16/100|[from] item: Leftovers
|upkeep
|
|t:|1756931801
|switch|p1a: Excadrill|Excadrill, L50, M|100/100
|turn|4
|
|t:|1756931828
|-terastallize|p2a: Electabuzz|Ghost
|move|p1b: Sneasler|Protect|p1b: Sneasler
|-singleturn|p1b: Sneasler|Protect
|move|p2b: Volcarona|Protect|p2b: Volcarona
|-singleturn|p2b: Volcarona|Protect
|move|p1a: Excadrill|Earthquake|p2b: Volcarona|[spread] p2a
|-activate|p1b: Sneasler|move: Protect
|-activate|p2b: Volcarona|move: Protect
|-damage|p2a: Electabuzz|25/100
|move|p2a: Electabuzz|Thunderbolt|p1b: Sneasler
|-activate|p1b: Sneasler|move: Protect
|
|-weather|Sandstorm|[upkeep]
|-damage|p1b: Sneasler|9/100|[from] Sandstorm
|-damage|p2b: Volcarona|10/100|[from] Sandstorm
|-damage|p2a: Electabuzz|19/100|[from] Sandstorm
|-heal|p2b: Volcarona|16/100|[from] item: Leftovers
|upkeep
|turn|5
|
|t:|1756931840
|switch|p1b: Tyranitar|Tyranitar, L50, F, tera:Flying|36/100
|move|p2b: Volcarona|Protect|p2b: Volcarona
|-singleturn|p2b: Volcarona|Protect
|move|p2a: Electabuzz|Protect|p2a: Electabuzz
|-singleturn|p2a: Electabuzz|Protect
|move|p1a: Excadrill|Earthquake|p2a: Electabuzz|[spread] 
|-activate|p2a: Electabuzz|move: Protect
|-activate|p2b: Volcarona|move: Protect
|-immune|p1b: Tyranitar
|
|-weather|none
|-heal|p2b: Volcarona|22/100|[from] item: Leftovers
|-fieldend|move: Psychic Terrain
|upkeep
|turn|6
|
|t:|1756931863
|switch|p1b: Sneasler|Sneasler, L50, F|9/100
|move|p1a: Excadrill|Protect|p1a: Excadrill
|-singleturn|p1a: Excadrill|Protect
|move|p2b: Volcarona|Heat Wave|p1a: Excadrill|[spread] p1b
|-activate|p1a: Excadrill|move: Protect
|-damage|p1b: Sneasler|0 fnt
|faint|p1b: Sneasler
|move|p2a: Electabuzz|Thunderbolt|p1a: Excadrill
|-activate|p1a: Excadrill|move: Protect
|
|-heal|p2b: Volcarona|28/100|[from] item: Leftovers
|upkeep
|
|t:|1756931874
|switch|p1b: Tyranitar|Tyranitar, L50, F, tera:Flying|36/100
|-weather|Sandstorm|[from] ability: Sand Stream|[of] p1b: Tyranitar
|turn|7
|
|t:|1756931878
|move|p1a: Excadrill|Earthquake|p2b: Volcarona|[spread] p2a,p2b
|-immune|p1b: Tyranitar
|-damage|p2a: Electabuzz|0 fnt
|-damage|p2b: Volcarona|0 fnt
|faint|p2a: Electabuzz
|faint|p2b: Volcarona
|
|win|Pardigrado
|raw|Pardigrado's rating: 1083 → 1104(+21 for winning)
|raw|Panexeri's rating: 1000 → 1000(+0 for losing)
|l|☆Pardigrado
|player|p1|
