|j|☆klophaffed
|j|☆Pzdns99
|html|klophaffedPzdns99    
|uhtml|bestof|Game 1 of a best-of-3
|t:|1756868265
|gametype|doubles
|player|p1|klophaffed|169|1037
|player|p2|Pzdns99|grimsley|1144
|gen|9
|tier|[Gen 9] VGC 2025 Reg H (Bo3)
|rated|
|rule|Species Clause: Limit one of each Pokémon
|rule|Item Clause: Limit 1 of each item
|clearpoke
|poke|p1|Maushold-Four, L50|
|poke|p1|Annihilape, L50, F|
|poke|p1|Hydrapple, L50, F|
|poke|p1|Dragonite, L50, F|
|poke|p1|Ampharos, L50, F|
|poke|p1|Pelipper, L50, F|
|poke|p2|Lumineon, L50, M|
|poke|p2|Pelipper, L50, F|
|poke|p2|Archaludon, L50, F|
|poke|p2|Amoonguss, L50, M|
|poke|p2|Annihilape, L50, M|
|poke|p2|Weavile, L50, F|
|teampreview|4
|showteam|p1|Maushold-Four||SafetyGoggles|FriendGuard|BeatUp,FollowMe,SuperFang,Feint||||||50|,,,,,Ghost]Annihilape||PunchingGlove|Defiant|RageFist,DrainPunch,BulkUp,Protect|||F|||50|,,,,,Steel]Hydrapple||ScopeLens|SupersweetSyrup|LeafStorm,DracoMeteor,HydroPump,Protect|||F|||50|,,,,,Water]Dragonite||RazorClaw|InnerFocus|DragonClaw,ExtremeSpeed,IceSpinner,Protect|||F|||50|,,,,,Normal]Ampharos||LightClay|Static|Reflect,LightScreen,DragonCheer,Electroweb|||F|||50|,,,,,Flying]Pelipper||FocusSash|Drizzle|Tailwind,Hurricane,WeatherBall,Protect|||F|||50|,,,,,Stellar
|showteam|p2|Lumineon||CovertCloak|SwiftSwim|FlipTurn,Tailwind,Encore,RainDance|||M|||50|,,,,,Grass]Pelipper||ChoiceSpecs|Drizzle|Hurricane,MuddyWater,WeatherBall,Uturn|||F|||50|,,,,,Ghost]Archaludon||AssaultVest|Stamina|ElectroShot,BodyPress,Snarl,DracoMeteor|||F|||50|,,,,,Grass]Amoonguss||SitrusBerry|Regenerator|PollenPuff,Protect,RagePowder,Spore|||M|||50|,,,,,Psychic]Annihilape||SafetyGoggles|Defiant|DrainPunch,RageFist,BulkUp,Taunt|||M|||50|,,,,,Water]Weavile||FocusSash|Pickpocket|BeatUp,TripleAxel,KnockOff,Protect|||F|||50|,,,,,Ghost
|
|t:|1756868339
|teamsize|p1|4
|teamsize|p2|4
|start
|switch|p1a: Hydrapple|Hydrapple, L50, F|100/100
|switch|p1b: Ampharos|Ampharos, L50, F|100/100
|switch|p2a: Archaludon|Archaludon, L50, F|100/100
|switch|p2b: Weavile|Weavile, L50, F|100/100
|-ability|p1a: Hydrapple|Supersweet Syrup
|-unboost|p2a: Archaludon|evasion|1
|-unboost|p2b: Weavile|evasion|1
|turn|1
|inactive|Battle timer is ON: inactive players will automatically lose when time's up. (requested by Pzdns99)
|inactive|klophaffed has 60 seconds left.
|inactive|klophaffed has 30 seconds left.
|
|t:|1756868404
|-terastallize|p1a: Hydrapple|Water
|move|p2b: Weavile|Beat Up|p2a: Archaludon
|-damage|p2a: Archaludon|93/100
|-ability|p2a: Archaludon|Stamina|boost
|-boost|p2a: Archaludon|def|1
|-damage|p2a: Archaludon|88/100
|-ability|p2a: Archaludon|Stamina|boost
|-boost|p2a: Archaludon|def|1
|-damage|p2a: Archaludon|85/100
|-ability|p2a: Archaludon|Stamina|boost
|-boost|p2a: Archaludon|def|1
|-crit|p2a: Archaludon
|-damage|p2a: Archaludon|75/100
|-ability|p2a: Archaludon|Stamina|boost
|-boost|p2a: Archaludon|def|1
|-hitcount|p2a: Archaludon|4
|move|p2a: Archaludon|Body Press|p1b: Ampharos
|-damage|p1b: Ampharos|38/100
|-status|p2a: Archaludon|par|[from] ability: Static|[of] p1b: Ampharos
|move|p1b: Ampharos|Light Screen|p1b: Ampharos
|-sidestart|p1: klophaffed|move: Light Screen
|move|p1a: Hydrapple|Hydro Pump|p2b: Weavile
|-damage|p2b: Weavile|27/100
|
|upkeep
|turn|2
|inactive|klophaffed has 30 seconds left.
|inactive|Pzdns99 has 30 seconds left.
|inactive|klophaffed has 20 seconds left.
|inactive|klophaffed has 15 seconds left.
|
|t:|1756868448
|move|p2b: Weavile|Knock Off|p1b: Ampharos
|-damage|p1b: Ampharos|0 fnt
|-status|p2b: Weavile|par|[from] ability: Static|[of] p1b: Ampharos
|-enditem|p1b: Ampharos|Light Clay|[from] move: Knock Off|[of] p2b: Weavile
|faint|p1b: Ampharos
|cant|p2a: Archaludon|par
|move|p1a: Hydrapple|Draco Meteor|p2a: Archaludon
|-damage|p2a: Archaludon|29/100 par
|-unboost|p1a: Hydrapple|spa|2
|-ability|p2a: Archaludon|Stamina|boost
|-boost|p2a: Archaludon|def|1
|
|upkeep
|inactive|klophaffed has 30 seconds left.
|
|t:|1756868478
|switch|p1b: Maushold|Maushold-Four, L50|100/100
|turn|3
|inactive|klophaffed has 30 seconds left.
|inactive|klophaffed has 20 seconds left.
|inactive|klophaffed has 15 seconds left.
|inactive|klophaffed has 10 seconds left.
|inactive|klophaffed has 5 seconds left.
|
|t:|1756868533
|move|p1b: Maushold|Beat Up|p2b: Weavile
|-resisted|p2b: Weavile
|-damage|p2b: Weavile|25/100 par
|-resisted|p2b: Weavile
|-damage|p2b: Weavile|23/100 par
|-resisted|p2b: Weavile
|-damage|p2b: Weavile|22/100 par
|-hitcount|p2b: Weavile|3
|cant|p2b: Weavile|par
|move|p2a: Archaludon|Body Press|p1b: Maushold
|-supereffective|p1b: Maushold
|-damage|p1b: Maushold|0 fnt
|faint|p1b: Maushold
|move|p1a: Hydrapple|Leaf Storm|p2a: Archaludon
|-resisted|p2a: Archaludon
|-crit|p2a: Archaludon
|-damage|p2a: Archaludon|12/100 par
|-unboost|p1a: Hydrapple|spa|2
|-ability|p2a: Archaludon|Stamina|boost
|-boost|p2a: Archaludon|def|1
|
|upkeep
|
|t:|1756868556
|switch|p1b: Pelipper|Pelipper, L50, F|100/100
|-weather|RainDance|[from] ability: Drizzle|[of] p1b: Pelipper
|turn|4
|inactive|klophaffed has 30 seconds left.
|
|t:|1756868587
|move|p1b: Pelipper|Hurricane|p2a: Archaludon
|-resisted|p2a: Archaludon
|-damage|p2a: Archaludon|0 fnt
|faint|p2a: Archaludon
|move|p2b: Weavile|Knock Off|p1a: Hydrapple
|-damage|p1a: Hydrapple|56/100
|-enditem|p1a: Hydrapple|Scope Lens|[from] move: Knock Off|[of] p2b: Weavile
|move|p1a: Hydrapple|Hydro Pump|p2b: Weavile
|-damage|p2b: Weavile|0 fnt
|faint|p2b: Weavile
|
|-weather|RainDance|[upkeep]
|upkeep
|
|t:|1756868598
|switch|p2b: Annihilape|Annihilape, L50, M|100/100
|switch|p2a: Amoonguss|Amoonguss, L50, M|100/100
|turn|5
|inactive|klophaffed has 30 seconds left.
|inactive|Pzdns99 has 30 seconds left.
|inactive|Pzdns99 has 20 seconds left.
|inactive|Pzdns99 has 15 seconds left.
|
|t:|1756868640
|-terastallize|p2b: Annihilape|Water
|move|p2b: Annihilape|Bulk Up|p2b: Annihilape
|-boost|p2b: Annihilape|atk|1
|-boost|p2b: Annihilape|def|1
|move|p1b: Pelipper|Hurricane|p2a: Amoonguss
|-supereffective|p2a: Amoonguss
|-damage|p2a: Amoonguss|21/100
|-enditem|p2a: Amoonguss|Sitrus Berry|[eat]
|-heal|p2a: Amoonguss|45/100|[from] item: Sitrus Berry
|move|p2a: Amoonguss|Spore|p1b: Pelipper
|-status|p1b: Pelipper|slp|[from] move: Spore
|move|p1a: Hydrapple|Draco Meteor|p2a: Amoonguss
|-damage|p2a: Amoonguss|32/100
|-unboost|p1a: Hydrapple|spa|2
|
|-weather|RainDance|[upkeep]
|upkeep
|turn|6
|inactive|klophaffed has 30 seconds left.
|
|t:|1756868673
|move|p2b: Annihilape|Drain Punch|p1a: Hydrapple
|-damage|p1a: Hydrapple|18/100
|cant|p1b: Pelipper|slp
|move|p2a: Amoonguss|Pollen Puff|p1b: Pelipper
|-resisted|p1b: Pelipper
|-damage|p1b: Pelipper|89/100 slp
|move|p1a: Hydrapple|Draco Meteor|p2a: Amoonguss
|-damage|p2a: Amoonguss|21/100
|
|-weather|RainDance|[upkeep]
|upkeep
|turn|7
|inactive|klophaffed has 30 seconds left.
|inactive|klophaffed has 20 seconds left.
|inactive|klophaffed has 15 seconds left.
|
|t:|1756868714
|move|p2b: Annihilape|Rage Fist|p1b: Pelipper
|-damage|p1b: Pelipper|45/100 slp
|-curestatus|p1b: Pelipper|slp|[msg]
|move|p1b: Pelipper|Hurricane|p2a: Amoonguss
|-supereffective|p2a: Amoonguss
|-damage|p2a: Amoonguss|0 fnt
|faint|p2a: Amoonguss
|move|p1a: Hydrapple|Leaf Storm|p2b: Annihilape
|-supereffective|p2b: Annihilape
|-damage|p2b: Annihilape|72/100
|
|-weather|RainDance|[upkeep]
|upkeep
|turn|8
|
|t:|1756868731
|move|p2b: Annihilape|Rage Fist|p1b: Pelipper
|-damage|p1b: Pelipper|0 fnt
|faint|p1b: Pelipper
|move|p1a: Hydrapple|Leaf Storm|p2b: Annihilape
|-supereffective|p2b: Annihilape
|-damage|p2b: Annihilape|45/100
|
|-weather|none
|-sideend|p1: klophaffed|move: Light Screen
|upkeep
|turn|9
|
|t:|1756868742
|move|p2b: Annihilape|Rage Fist|p1a: Hydrapple
|-damage|p1a: Hydrapple|0 fnt
|faint|p1a: Hydrapple
|
|win|Pzdns99
||klophaffed is ready for game 2.
||Pzdns99 is ready for game 2.
|uhtml|next|Next: Game 2 of 3
|l|☆klophaffed
|player|p1|
