|j|☆leonsunp
|j|☆jokkebrok
|html|leonsunpjokkebrok    
|uhtml|bestof|Game 3 of a best-of-3
|t:|1756369110
|gametype|doubles
|player|p1|leonsunp|colress|1114
|player|p2|jokkebrok|larry|1056
|gen|9
|tier|[Gen 9] VGC 2025 Reg H (Bo3)
|rated|
|rule|Species Clause: Limit one of each Pokémon
|rule|Item Clause: Limit 1 of each item
|clearpoke
|poke|p1|Sneasler, L50, M|
|poke|p1|Rillaboom, L50, M|
|poke|p1|Kingambit, L50, M|
|poke|p1|Salamence, L50, M|
|poke|p1|Volcarona, L50, M|
|poke|p1|Ninetales-Alola, L50, M|
|poke|p2|Greninja-*, L50, M|
|poke|p2|Annihilape, L50, M|
|poke|p2|Pelipper, L50, M|
|poke|p2|Basculegion, L50, M|
|poke|p2|Archaludon, L50, M|
|poke|p2|Dragapult, L50, M|
|teampreview|4
|showteam|p1|Sneasler||WhiteHerb|Unburden|CloseCombat,DireClaw,Coaching,Protect|||M|||50|,,,,,Stellar]Rillaboom||AssaultVest|GrassySurge|WoodHammer,GrassyGlide,HighHorsepower,FakeOut|||M|||50|,,,,,Water]Kingambit||BlackGlasses|Defiant|KowtowCleave,SuckerPunch,SwordsDance,Protect|||M|||50|,,,,,Dark]Salamence||SafetyGoggles|Intimidate|DualWingbeat,DracoMeteor,Tailwind,Protect|||M|||50|,,,,,Fire]Volcarona||Leftovers|FlameBody|HeatWave,TeraBlast,QuiverDance,Protect|||M|||50|,,,,,Fairy]Ninetales-Alola||LightClay|SnowWarning|Encore,FreezeDry,AuroraVeil,Blizzard|||M|||50|,,,,,Ghost
|showteam|p2|Greninja||LoadedDice|Torrent|WaterShuriken,ShadowSneak,Haze,Protect|||M|||50|,,,,,Ghost]Annihilape||ChoiceScarf|Defiant|RageFist,CloseCombat,FinalGambit,Uturn|||M|||50|,,,,,Steel]Pelipper||FocusSash|Drizzle|Tailwind,Hurricane,WeatherBall,Protect|||M|||50|,,,,,Ground]Basculegion||LifeOrb|SwiftSwim|FlipTurn,WaveCrash,LastRespects,Protect|||M|||50|,,,,,Ghost]Archaludon||AssaultVest|Stamina|BodyPress,HeavySlam,ElectroShot,DragonPulse|||M|||50|,,,,,Grass]Dragapult||ChoiceBand|ClearBody|DragonDarts,PhantomForce,Outrage,Uturn|||M|||50|,,,,,Dragon
|inactive|Battle timer is ON: inactive players will automatically lose when time's up. (requested by leonsunp)
|inactive|leonsunp has 60 seconds left.
|
|t:|1756369162
|teamsize|p1|4
|teamsize|p2|4
|start
|switch|p1a: Rillaboom|Rillaboom, L50, M|100/100
|switch|p1b: Kingambit|Kingambit, L50, M|100/100
|switch|p2a: Pelipper|Pelipper, L50, M|100/100
|switch|p2b: Basculegion|Basculegion, L50, M|100/100
|-fieldstart|move: Grassy Terrain|[from] ability: Grassy Surge|[of] p1a: Rillaboom
|-weather|RainDance|[from] ability: Drizzle|[of] p2a: Pelipper
|turn|1
|inactive|jokkebrok has 30 seconds left.
|inactive|jokkebrok has 20 seconds left.
|
|t:|1756369202
|switch|p2b: Archaludon|Archaludon, L50, M|100/100
|move|p1a: Rillaboom|Fake Out|p2b: Archaludon
|-resisted|p2b: Archaludon
|-damage|p2b: Archaludon|95/100
|-ability|p2b: Archaludon|Stamina|boost
|-boost|p2b: Archaludon|def|1
|move|p1b: Kingambit|Sucker Punch||[still]
|-fail|p1b: Kingambit
|move|p2a: Pelipper|Hurricane|p1a: Rillaboom
|-supereffective|p1a: Rillaboom
|-damage|p1a: Rillaboom|40/100
|
|-weather|RainDance|[upkeep]
|-heal|p1a: Rillaboom|46/100|[from] Grassy Terrain
|-heal|p2b: Archaludon|100/100|[from] Grassy Terrain
|upkeep
|turn|2
|inactive|leonsunp has 30 seconds left.
|
|t:|1756369227
|switch|p1a: Ninetales|Ninetales-Alola, L50, M|100/100
|-weather|Snowscape|[from] ability: Snow Warning|[of] p1a: Ninetales
|switch|p1b: Volcarona|Volcarona, L50, M|100/100
|move|p2a: Pelipper|Hurricane|p1a: Ninetales|[miss]
|-miss|p2a: Pelipper|p1a: Ninetales
|move|p2b: Archaludon|Body Press|p1b: Volcarona
|-resisted|p1b: Volcarona
|-damage|p1b: Volcarona|84/100
|
|-weather|Snowscape|[upkeep]
|-heal|p1b: Volcarona|91/100|[from] Grassy Terrain
|-heal|p1b: Volcarona|97/100|[from] item: Leftovers
|upkeep
|turn|3
|
|t:|1756369250
|switch|p2a: Basculegion|Basculegion, L50, M|100/100
|move|p1a: Ninetales|Aurora Veil|p1a: Ninetales
|-sidestart|p1: leonsunp|move: Aurora Veil
|move|p1b: Volcarona|Quiver Dance|p1b: Volcarona
|-boost|p1b: Volcarona|spa|1
|-boost|p1b: Volcarona|spd|1
|-boost|p1b: Volcarona|spe|1
|move|p2b: Archaludon|Heavy Slam|p1a: Ninetales
|-supereffective|p1a: Ninetales
|-damage|p1a: Ninetales|41/100
|
|-weather|Snowscape|[upkeep]
|-heal|p1b: Volcarona|100/100|[from] Grassy Terrain
|-heal|p1a: Ninetales|47/100|[from] Grassy Terrain
|upkeep
|turn|4
|inactive|leonsunp has 30 seconds left.
|inactive|jokkebrok has 30 seconds left.
|
|t:|1756369277
|switch|p2a: Pelipper|Pelipper, L50, M|100/100
|-weather|RainDance|[from] ability: Drizzle|[of] p2a: Pelipper
|move|p1b: Volcarona|Protect|p1b: Volcarona
|-singleturn|p1b: Volcarona|Protect
|move|p1a: Ninetales|Freeze-Dry|p2a: Pelipper
|-supereffective|p2a: Pelipper
|-enditem|p2a: Pelipper|Focus Sash
|-damage|p2a: Pelipper|1/100
|-status|p2a: Pelipper|frz
|move|p2b: Archaludon|Electro Shot||[still]
|-prepare|p2b: Archaludon|Electro Shot
|-boost|p2b: Archaludon|spa|1
|-anim|p2b: Archaludon|Electro Shot|p1a: Ninetales
|-damage|p1a: Ninetales|2/100
|
|-weather|RainDance|[upkeep]
|-heal|p1a: Ninetales|8/100|[from] Grassy Terrain
|upkeep
|turn|5
|inactive|leonsunp has 30 seconds left.
|inactive|jokkebrok has 30 seconds left.
|inactive|leonsunp has 20 seconds left.
|inactive|jokkebrok has 20 seconds left.
|inactive|leonsunp has 15 seconds left.
|inactive|jokkebrok has 15 seconds left.
|
|t:|1756369320
|switch|p1a: Rillaboom|Rillaboom, L50, M|46/100
|switch|p2a: Annihilape|Annihilape, L50, M|100/100
|move|p1b: Volcarona|Heat Wave|p2b: Archaludon|[spread] p2a,p2b
|-damage|p2a: Annihilape|77/100
|-damage|p2b: Archaludon|85/100
|-ability|p2b: Archaludon|Stamina|boost
|-boost|p2b: Archaludon|def|1
|move|p2b: Archaludon|Electro Shot||[still]
|-prepare|p2b: Archaludon|Electro Shot
|-boost|p2b: Archaludon|spa|1
|-anim|p2b: Archaludon|Electro Shot|p1a: Rillaboom
|-resisted|p1a: Rillaboom
|-damage|p1a: Rillaboom|24/100
|
|-weather|RainDance|[upkeep]
|-heal|p2a: Annihilape|83/100|[from] Grassy Terrain
|-heal|p1a: Rillaboom|30/100|[from] Grassy Terrain
|-heal|p2b: Archaludon|91/100|[from] Grassy Terrain
|-fieldend|move: Grassy Terrain
|upkeep
|turn|6
|inactive|jokkebrok has 30 seconds left.
|
|t:|1756369353
|move|p1b: Volcarona|Protect|p1b: Volcarona
|-singleturn|p1b: Volcarona|Protect
|move|p2a: Annihilape|U-turn|p1a: Rillaboom
|-supereffective|p1a: Rillaboom
|-damage|p1a: Rillaboom|0 fnt
|faint|p1a: Rillaboom
|
|t:|1756369360
|switch|p2a: Basculegion|Basculegion, L50, M|100/100|[from] U-turn
|move|p2b: Archaludon|Electro Shot||[still]
|-prepare|p2b: Archaludon|Electro Shot
|-boost|p2b: Archaludon|spa|1
|-anim|p2b: Archaludon|Electro Shot|p1b: Volcarona
|-activate|p1b: Volcarona|move: Protect
|
|-weather|RainDance|[upkeep]
|upkeep
|
|t:|1756369376
|switch|p1a: Kingambit|Kingambit, L50, M|100/100
|turn|7
|inactive|leonsunp has 30 seconds left.
|
|t:|1756369406
|switch|p1a: Ninetales|Ninetales-Alola, L50, M|8/100
|-weather|Snowscape|[from] ability: Snow Warning|[of] p1a: Ninetales
|-terastallize|p1b: Volcarona|Fairy
|move|p2a: Basculegion|Protect|p2a: Basculegion
|-singleturn|p2a: Basculegion|Protect
|move|p1b: Volcarona|Heat Wave|p2a: Basculegion|[spread] p2b
|-activate|p2a: Basculegion|move: Protect
|-damage|p2b: Archaludon|59/100
|-ability|p2b: Archaludon|Stamina|boost
|-boost|p2b: Archaludon|def|1
|move|p2b: Archaludon|Body Press|p1a: Ninetales
|-damage|p1a: Ninetales|0 fnt
|faint|p1a: Ninetales
|
|-weather|Snowscape|[upkeep]
|upkeep
|
|t:|1756369421
|switch|p1a: Kingambit|Kingambit, L50, M|100/100
|turn|8
|
|t:|1756369432
|switch|p2a: Pelipper|Pelipper, L50, M|1/100 frz
|-weather|RainDance|[from] ability: Drizzle|[of] p2a: Pelipper
|move|p1a: Kingambit|Sucker Punch||[still]
|-fail|p1a: Kingambit
|move|p1b: Volcarona|Tera Blast|p2b: Archaludon|[anim] Tera Blast Fairy
|-damage|p2b: Archaludon|22/100
|-ability|p2b: Archaludon|Stamina|boost
|-boost|p2b: Archaludon|def|1
|move|p2b: Archaludon|Body Press|p1a: Kingambit
|-supereffective|p1a: Kingambit
|-damage|p1a: Kingambit|0 fnt
|faint|p1a: Kingambit
|
|-weather|RainDance|[upkeep]
|upkeep
|turn|9
|
|t:|1756369456
|move|p1b: Volcarona|Quiver Dance|p1b: Volcarona
|-boost|p1b: Volcarona|spa|1
|-boost|p1b: Volcarona|spd|1
|-boost|p1b: Volcarona|spe|1
|cant|p2a: Pelipper|frz
|move|p2b: Archaludon|Electro Shot||[still]
|-prepare|p2b: Archaludon|Electro Shot
|-boost|p2b: Archaludon|spa|1
|-anim|p2b: Archaludon|Electro Shot|p1b: Volcarona
|-damage|p1b: Volcarona|65/100
|
|-weather|RainDance|[upkeep]
|-heal|p1b: Volcarona|71/100|[from] item: Leftovers
|upkeep
|turn|10
|
|t:|1756369474
|move|p1b: Volcarona|Quiver Dance|p1b: Volcarona
|-boost|p1b: Volcarona|spa|1
|-boost|p1b: Volcarona|spd|1
|-boost|p1b: Volcarona|spe|1
|cant|p2a: Pelipper|frz
|move|p2b: Archaludon|Electro Shot||[still]
|-prepare|p2b: Archaludon|Electro Shot
|-boost|p2b: Archaludon|spa|1
|-anim|p2b: Archaludon|Electro Shot|p1b: Volcarona
|-damage|p1b: Volcarona|39/100
|
|-weather|RainDance|[upkeep]
|-heal|p1b: Volcarona|45/100|[from] item: Leftovers
|-sideend|p1: leonsunp|move: Aurora Veil
|upkeep
|turn|11
|
|t:|1756369489
|move|p1b: Volcarona|Protect|p1b: Volcarona
|-singleturn|p1b: Volcarona|Protect
|cant|p2a: Pelipper|frz
|move|p2b: Archaludon|Electro Shot||[still]
|-prepare|p2b: Archaludon|Electro Shot
|-boost|p2b: Archaludon|spa|1
|-anim|p2b: Archaludon|Electro Shot|p1b: Volcarona
|-activate|p1b: Volcarona|move: Protect
|
|-weather|RainDance|[upkeep]
|-heal|p1b: Volcarona|52/100|[from] item: Leftovers
|upkeep
|turn|12
|
|t:|1756369501
|move|p1b: Volcarona|Heat Wave|p2b: Archaludon|[spread] p2b
|-miss|p1b: Volcarona|p2a: Pelipper
|-damage|p2b: Archaludon|0 fnt
|faint|p2b: Archaludon
|cant|p2a: Pelipper|frz
|
|-weather|none
|-heal|p1b: Volcarona|58/100|[from] item: Leftovers
|upkeep
|
|t:|1756369514
|switch|p2b: Annihilape|Annihilape, L50, M|83/100
|turn|13
|
|t:|1756369532
|switch|p2a: Basculegion|Basculegion, L50, M|100/100
|move|p1b: Volcarona|Tera Blast|p2b: Annihilape|[anim] Tera Blast Fairy
|-supereffective|p2b: Annihilape
|-damage|p2b: Annihilape|0 fnt
|faint|p2b: Annihilape
|
|-heal|p1b: Volcarona|64/100|[from] item: Leftovers
|upkeep
|
|t:|1756369540
|switch|p2b: Pelipper|Pelipper, L50, M|1/100 frz
|-weather|RainDance|[from] ability: Drizzle|[of] p2b: Pelipper
|turn|14
|-message|leonsunp forfeited.
|
|win|jokkebrok
|raw|leonsunp's rating: 1114 → 1085(-29 for losing)
|raw|jokkebrok's rating: 1056 → 1093(+37 for winning)
|l|☆leonsunp
|player|p1|
|c|☆jokkebrok|gg
