|j|☆jiiito44
|j|☆hide on whimsicott
|html|jiiito44hide on whimsicott    
|uhtml|bestof|Game 2 of a best-of-3
|t:|1782668073
|gametype|doubles
|player|p1|jiiito44|2|1187
|player|p2|hide on whimsicott|artist-gen4|1200
|gen|9
|tier|[Gen 9 Champions] VGC 2026 Reg M-B (Bo3)
|rated|
|rule|Species Clause: Limit one of each Pokémon
|rule|Item Clause: Limit 1 of each item
|clearpoke
|poke|p1|Pyroar, L50, M|
|poke|p1|Torkoal, L50, F|
|poke|p1|Venusaur, L50, F|
|poke|p1|Scrafty, L50, F|
|poke|p1|Farigiraf, L50, F|
|poke|p1|Mamoswine, L50, M|
|poke|p2|Gardevoir, L50, F|
|poke|p2|Basculegion, L50, M|
|poke|p2|Pelipper, L50, F|
|poke|p2|Archaludon, L50, F|
|poke|p2|Maushold-Four, L50|
|poke|p2|Swampert, L50, M|
|teampreview|4
|showteam|p1|Pyroar||Pyroarite|Rivalry|HeatWave,SolarBeam,Overheat,Protect|Timid||M|||50|]Torkoal||HeatRock|Drought|Protect,HelpingHand,WeatherBall,Eruption|Quiet||F|||50|]Venusaur||LifeOrb|Chlorophyll|Protect,EarthPower,SludgeBomb,EnergyBall|Modest||F|||50|]Scrafty||Scraftinite|Intimidate|FakeOut,IcePunch,KnockOff,DrainPunch|Brave||F|||50|]Farigiraf||SitrusBerry|ArmorTail|Protect,TrickRoom,Thunderbolt,Psychic|Modest||F|||50|]Mamoswine||FocusSash|Oblivious|Protect,RockSlide,IceShard,HighHorsepower|Jolly||M|||50|
|showteam|p2|Gardevoir||Gardevoirite|Trace|Psyshock,HyperVoice,Protect,TrickRoom|Modest||F|||50|]Basculegion||ChoiceScarf|Adaptability|LastRespects,WaveCrash,PsychicFangs,FlipTurn|Adamant||M|||50|]Pelipper||SitrusBerry|Drizzle|Hurricane,Tailwind,WeatherBall,RainDance|Bold||F|||50|]Archaludon||Leftovers|Stamina|ElectroShot,DragonPulse,FlashCannon,Protect|Modest||F|||50|]Maushold-Four||FocusSash|FriendGuard|Feint,SuperFang,Protect,FollowMe|Jolly|||||50|]Swampert||Swampertite|Torrent|IcePunch,HighHorsepower,WaveCrash,Protect|Adamant||M|||50|
|inactive|Battle timer is ON: inactive players will automatically lose when time's up. (requested by hide on whimsicott)
|inactive|hide on whimsicott has 60 seconds left.
|
|t:|1782668121
|teamsize|p1|4
|teamsize|p2|4
|start
|switch|p1a: Venusaur|Venusaur, L50, F|100/100
|switch|p1b: Torkoal|Torkoal, L50, F|100/100
|switch|p2a: Gardevoir|Gardevoir, L50, F|100/100
|switch|p2b: Maushold|Maushold-Four, L50|100/100
|-ability|p2a: Gardevoir|Drought|Trace|[from] ability: Trace|[of] p1b: Torkoal
|-weather|SunnyDay|[from] ability: Drought|[of] p2a: Gardevoir
|turn|1
|inactive|jiiito44 has 30 seconds left.
|inactive|hide on whimsicott has 30 seconds left.
|inactive|hide on whimsicott has 20 seconds left.
|
|t:|1782668159
|switch|p2a: Pelipper|Pelipper, L50, F|100/100
|-weather|RainDance|[from] ability: Drizzle|[of] p2a: Pelipper
|move|p1a: Venusaur|Protect|p1a: Venusaur
|-singleturn|p1a: Venusaur|Protect
|move|p2b: Maushold|Super Fang|p1a: Venusaur
|-activate|p1a: Venusaur|move: Protect
|move|p1b: Torkoal|Eruption|p2a: Pelipper|[spread] p2a,p2b
|-resisted|p2a: Pelipper|1
|-damage|p2a: Pelipper|88/100
|-damage|p2b: Maushold|65/100
|
|-weather|RainDance|[upkeep]
|upkeep
|turn|2
|inactive|jiiito44 has 30 seconds left.
|
|t:|1782668187
|switch|p1b: Farigiraf|Farigiraf, L50, F|100/100
|move|p2b: Maushold|Super Fang|p1a: Venusaur
|-damage|p1a: Venusaur|50/100g
|move|p1a: Venusaur|Energy Ball|p2a: Pelipper
|-damage|p2a: Pelipper|35/100
|-enditem|p2a: Pelipper|Sitrus Berry|[eat]
|-heal|p2a: Pelipper|60/100|[from] item: Sitrus Berry
|-damage|p1a: Venusaur|40/100|[from] item: Life Orb
|move|p2a: Pelipper|Hurricane|p1a: Venusaur
|-supereffective|p1a: Venusaur|1
|-damage|p1a: Venusaur|0 fnt
|faint|p1a: Venusaur
|
|-weather|RainDance|[upkeep]
|upkeep
|
|t:|1782668206
|switch|p1a: Pyroar|Pyroar, L50, M|100/100
|turn|3
|
|t:|1782668228
|switch|p2a: Basculegion|Basculegion, L50, M|100/100
|switch|p1b: Torkoal|Torkoal, L50, F|100/100
|-weather|SunnyDay|[from] ability: Drought|[of] p1b: Torkoal
|detailschange|p1a: Pyroar|Pyroar-Mega, L50, M
|-mega|p1a: Pyroar|Pyroar|Pyroarite
|move|p2b: Maushold|Follow Me|p2b: Maushold
|-singleturn|p2b: Maushold|move: Follow Me
|move|p1a: Pyroar|Heat Wave|p2a: Basculegion|[spread] p2a,p2b
|-resisted|p2a: Basculegion|1
|-damage|p2a: Basculegion|65/100
|-damage|p2b: Maushold|0 fnt
|faint|p2b: Maushold
|
|-weather|SunnyDay|[upkeep]
|upkeep
|
|t:|1782668236
|switch|p2b: Pelipper|Pelipper, L50, F|60/100
|-weather|RainDance|[from] ability: Drizzle|[of] p2b: Pelipper
|turn|4
|inactive|hide on whimsicott has 30 seconds left.
|
|t:|1782668262
|switch|p1b: Farigiraf|Farigiraf, L50, F|100/100
|move|p1a: Pyroar|Protect|p1a: Pyroar
|-singleturn|p1a: Pyroar|Protect
|move|p2a: Basculegion|Flip Turn|p1b: Farigiraf
|-damage|p1b: Farigiraf|53/100
|
|t:|1782668269
|switch|p2a: Gardevoir|Gardevoir, L50, F|100/100|[from] Flip Turn
|-ability|p2a: Gardevoir|Armor Tail|Trace|[from] ability: Trace|[of] p1b: Farigiraf
|move|p2b: Pelipper|Weather Ball|p1b: Farigiraf
|-damage|p1b: Farigiraf|1/100
|-enditem|p1b: Farigiraf|Sitrus Berry|[eat]
|-heal|p1b: Farigiraf|25/100|[from] item: Sitrus Berry
|
|-weather|RainDance|[upkeep]
|upkeep
|turn|5
|inactive|jiiito44 has 30 seconds left.
|inactive|jiiito44 has 20 seconds left.
|inactive|jiiito44 has 15 seconds left.
|inactive|jiiito44 has 10 seconds left.
|
|t:|1782668315
|switch|p2b: Basculegion|Basculegion, L50, M|65/100
|switch|p1b: Torkoal|Torkoal, L50, F|100/100
|-weather|SunnyDay|[from] ability: Drought|[of] p1b: Torkoal
|detailschange|p2a: Gardevoir|Gardevoir-Mega, L50, F
|-mega|p2a: Gardevoir|Gardevoir|Gardevoirite
|move|p1a: Pyroar|Solar Beam||[still]
|-prepare|p1a: Pyroar|Solar Beam
|-anim|p1a: Pyroar|Solar Beam|p2b: Basculegion
|-supereffective|p2b: Basculegion|1
|-damage|p2b: Basculegion|0 fnt
|faint|p2b: Basculegion
|move|p2a: Gardevoir|Hyper Voice|p1b: Torkoal|[spread] p1a,p1b
|-resisted|p1a: Pyroar|1
|-resisted|p1b: Torkoal|1
|-damage|p1a: Pyroar|63/100
|-damage|p1b: Torkoal|66/100
|
|-weather|SunnyDay|[upkeep]
|upkeep
|
|t:|1782668330
|switch|p2b: Pelipper|Pelipper, L50, F|60/100
|-weather|RainDance|[from] ability: Drizzle|[of] p2b: Pelipper
|turn|6
|inactive|jiiito44 has 30 seconds left.
|inactive|jiiito44 has 20 seconds left.
|
|t:|1782668375
|switch|p1b: Farigiraf|Farigiraf, L50, F|25/100
|move|p1a: Pyroar|Protect|p1a: Pyroar
|-singleturn|p1a: Pyroar|Protect
|move|p2a: Gardevoir|Hyper Voice|p1a: Pyroar|[spread] p1b
|-activate|p1a: Pyroar|move: Protect
|-crit|p1b: Farigiraf
|-damage|p1b: Farigiraf|0 fnt
|faint|p1b: Farigiraf
|move|p2b: Pelipper|Tailwind|p2b: Pelipper
|-sidestart|p2: hide on whimsicott|move: Tailwind
|
|-weather|RainDance|[upkeep]
|upkeep
|
|t:|1782668386
|switch|p1b: Torkoal|Torkoal, L50, F|66/100
|-weather|SunnyDay|[from] ability: Drought|[of] p1b: Torkoal
|turn|7
|-message|jiiito44 forfeited.
|
|win|hide on whimsicott
|raw|jiiito44's rating: 1187 → 1163(-24 for losing)
|raw|hide on whimsicott's rating: 1200 → 1224(+24 for winning)
