|j|☆ParmesanLugubre206
|j|☆FALL3N_DWN
|html|ParmesanLugubre206FALL3N_DWN    
|uhtml|bestof|Game 2 of a best-of-3
|t:|1756942036
|gametype|doubles
|player|p1|ParmesanLugubre206|ethan|1128
|player|p2|FALL3N_DWN|carmine-festival|1146
|gen|9
|tier|[Gen 9] VGC 2025 Reg H (Bo3)
|rated|
|rule|Species Clause: Limit one of each Pokémon
|rule|Item Clause: Limit 1 of each item
|clearpoke
|poke|p1|Incineroar, L50, F|
|poke|p1|Rillaboom, L50, F|
|poke|p1|Gholdengo, L50|
|poke|p1|Sneasler, L50, F|
|poke|p1|Gastrodon-East, L50, M|
|poke|p1|Porygon2, L50|
|poke|p2|Electabuzz, L50, M|
|poke|p2|Kingambit, L50, M|
|poke|p2|Volcarona, L50, M|
|poke|p2|Dragonite, L50, M|
|poke|p2|Sneasler, L50, M|
|poke|p2|Rillaboom, L50, F|
|teampreview|4
|showteam|p1|Incineroar||SafetyGoggles|Intimidate|FlareBlitz,KnockOff,PartingShot,FakeOut|||F|||50|,,,,,Ghost]Rillaboom||AssaultVest|GrassySurge|DrumBeating,HighHorsepower,GrassyGlide,FakeOut|||F|||50|,,,,,Fire]Gholdengo||GrassySeed|GoodasGold|MakeItRain,ShadowBall,NastyPlot,Protect||||||50|,,,,,Water]Sneasler||FocusSash|Unburden|CloseCombat,DireClaw,ThroatChop,Protect|||F|||50|,,,,,Ghost]Gastrodon-East||Leftovers|StormDrain|EarthPower,SludgeBomb,Recover,Protect|||M|||50|,,,,,Poison]Porygon2||Eviolite|Download|TeraBlast,IceBeam,Recover,TrickRoom||||||50|,,,,,Fighting
|showteam|p2|Electabuzz||Eviolite|VitalSpirit|FollowMe,Thunderbolt,Taunt,Protect|||M|||50|,,,,,Ghost]Kingambit||BlackGlasses|Defiant|KowtowCleave,SuckerPunch,SwordsDance,Protect|||M|||50|,,,,,Dark]Volcarona||Leftovers|FlameBody|HeatWave,TeraBlast,QuiverDance,Protect|||M|||50|,,,,,Fairy]Dragonite||LoadedDice|Multiscale|ScaleShot,ExtremeSpeed,Haze,Protect|||M|||50|,,,,,Fairy]Sneasler||FocusSash|Unburden|DireClaw,CloseCombat,Coaching,FakeOut|||M|||50|,,,,,Stellar]Rillaboom||AssaultVest|GrassySurge|FakeOut,WoodHammer,GrassyGlide,HighHorsepower|||F|||50|,,,,,Fire
|inactive|Battle timer is ON: inactive players will automatically lose when time's up. (requested by ParmesanLugubre206)
|inactive|FALL3N_DWN has 60 seconds left.
|
|t:|1756942096
|teamsize|p1|4
|teamsize|p2|4
|start
|switch|p1a: Porygon2|Porygon2, L50|100/100
|switch|p1b: Incineroar|Incineroar, L50, F|100/100
|switch|p2a: Volcarona|Volcarona, L50, M|100/100
|switch|p2b: Electabuzz|Electabuzz, L50, M|100/100
|-ability|p1b: Incineroar|Intimidate|boost
|-unboost|p2a: Volcarona|atk|1
|-unboost|p2b: Electabuzz|atk|1
|-ability|p1a: Porygon2|Download|boost
|-boost|p1a: Porygon2|atk|1
|turn|1
|inactive|ParmesanLugubre206 has 30 seconds left.
|inactive|FALL3N_DWN has 30 seconds left.
|
|t:|1756942130
|move|p2a: Volcarona|Quiver Dance|p2a: Volcarona
|-boost|p2a: Volcarona|spa|1
|-boost|p2a: Volcarona|spd|1
|-boost|p2a: Volcarona|spe|1
|move|p2b: Electabuzz|Taunt|p1a: Porygon2
|-start|p1a: Porygon2|move: Taunt
|move|p1b: Incineroar|Flare Blitz|p2a: Volcarona
|-damage|p2a: Volcarona|38/100
|-damage|p1b: Incineroar|80/100|[from] Recoil
|move|p1a: Porygon2|Tera Blast|p2a: Volcarona
|-damage|p2a: Volcarona|16/100
|
|-heal|p2a: Volcarona|22/100|[from] item: Leftovers
|upkeep
|turn|2
|inactive|FALL3N_DWN has 30 seconds left.
|
|t:|1756942162
|move|p2b: Electabuzz|Follow Me|p2b: Electabuzz
|-singleturn|p2b: Electabuzz|move: Follow Me
|move|p2a: Volcarona|Quiver Dance|p2a: Volcarona
|-boost|p2a: Volcarona|spa|1
|-boost|p2a: Volcarona|spd|1
|-boost|p2a: Volcarona|spe|1
|move|p1b: Incineroar|Knock Off|p2b: Electabuzz
|-damage|p2b: Electabuzz|64/100
|-enditem|p2b: Electabuzz|Eviolite|[from] move: Knock Off|[of] p1b: Incineroar
|move|p1a: Porygon2|Ice Beam|p2b: Electabuzz
|-damage|p2b: Electabuzz|31/100
|
|-heal|p2a: Volcarona|29/100|[from] item: Leftovers
|upkeep
|turn|3
|inactive|ParmesanLugubre206 has 30 seconds left.
|inactive|FALL3N_DWN has 30 seconds left.
|
|t:|1756942191
|switch|p1a: Gastrodon|Gastrodon-East, L50, M|100/100
|move|p2b: Electabuzz|Follow Me|p2b: Electabuzz
|-singleturn|p2b: Electabuzz|move: Follow Me
|move|p2a: Volcarona|Heat Wave|p1b: Incineroar|[spread] p1b
|-miss|p2a: Volcarona|p1a: Gastrodon
|-resisted|p1b: Incineroar
|-damage|p1b: Incineroar|49/100
|move|p1b: Incineroar|Flare Blitz|p2b: Electabuzz
|-damage|p2b: Electabuzz|0 fnt
|faint|p2b: Electabuzz
|-damage|p1b: Incineroar|40/100|[from] Recoil
|
|-heal|p2a: Volcarona|35/100|[from] item: Leftovers
|upkeep
|
|t:|1756942205
|switch|p2b: Rillaboom|Rillaboom, L50, F|100/100
|-fieldstart|move: Grassy Terrain|[from] ability: Grassy Surge|[of] p2b: Rillaboom
|turn|4
|inactive|FALL3N_DWN has 30 seconds left.
|inactive|FALL3N_DWN has 20 seconds left.
|
|t:|1756942242
|move|p2a: Volcarona|Protect|p2a: Volcarona
|-singleturn|p2a: Volcarona|Protect
|move|p1a: Gastrodon|Protect|p1a: Gastrodon
|-singleturn|p1a: Gastrodon|Protect
|move|p2b: Rillaboom|Fake Out|p1a: Gastrodon
|-activate|p1a: Gastrodon|move: Protect
|move|p1b: Incineroar|Parting Shot|p2a: Volcarona
|-activate|p2a: Volcarona|move: Protect
|
|-heal|p2a: Volcarona|41/100|[from] Grassy Terrain
|-heal|p2a: Volcarona|47/100|[from] item: Leftovers
|-heal|p1b: Incineroar|47/100|[from] Grassy Terrain
|upkeep
|turn|5
|inactive|ParmesanLugubre206 has 30 seconds left.
|inactive|FALL3N_DWN has 30 seconds left.
|inactive|FALL3N_DWN has 20 seconds left.
|inactive|FALL3N_DWN has 15 seconds left.
|
|t:|1756942285
|switch|p1b: Porygon2|Porygon2, L50|100/100
|-ability|p1b: Porygon2|Download|boost
|-boost|p1b: Porygon2|atk|1
|-terastallize|p2a: Volcarona|Fairy
|move|p2a: Volcarona|Tera Blast|p1a: Gastrodon|[anim] Tera Blast Fairy
|-damage|p1a: Gastrodon|30/100
|move|p2b: Rillaboom|High Horsepower|p1a: Gastrodon
|-damage|p1a: Gastrodon|0 fnt
|faint|p1a: Gastrodon
|
|-heal|p2a: Volcarona|54/100|[from] Grassy Terrain
|-heal|p2a: Volcarona|60/100|[from] item: Leftovers
|upkeep
|
|t:|1756942302
|switch|p1a: Incineroar|Incineroar, L50, F|47/100
|-ability|p1a: Incineroar|Intimidate|boost
|-unboost|p2a: Volcarona|atk|1
|-unboost|p2b: Rillaboom|atk|1
|turn|6
|inactive|FALL3N_DWN has 30 seconds left.
|
|t:|1756942337
|move|p1a: Incineroar|Fake Out|p2a: Volcarona
|-damage|p2a: Volcarona|45/100
|cant|p2a: Volcarona|flinch
|move|p2b: Rillaboom|High Horsepower|p1a: Incineroar
|-supereffective|p1a: Incineroar
|-damage|p1a: Incineroar|4/100
|move|p1b: Porygon2|Trick Room|p1b: Porygon2
|-fieldstart|move: Trick Room|[of] p1b: Porygon2
|
|-heal|p1a: Incineroar|10/100|[from] Grassy Terrain
|-heal|p2a: Volcarona|52/100|[from] Grassy Terrain
|-heal|p2a: Volcarona|58/100|[from] item: Leftovers
|upkeep
|turn|7
|inactive|ParmesanLugubre206 has 30 seconds left.
|inactive|FALL3N_DWN has 30 seconds left.
|inactive|FALL3N_DWN has 20 seconds left.
|
|t:|1756942373
|move|p2b: Rillaboom|Grassy Glide|p1a: Incineroar
|-resisted|p1a: Incineroar
|-damage|p1a: Incineroar|0 fnt
|faint|p1a: Incineroar
|move|p1b: Porygon2|Ice Beam|p2b: Rillaboom
|-supereffective|p2b: Rillaboom
|-damage|p2b: Rillaboom|54/100
|move|p2a: Volcarona|Heat Wave|p1b: Porygon2
|-crit|p1b: Porygon2
|-damage|p1b: Porygon2|9/100
|
|-heal|p1b: Porygon2|15/100|[from] Grassy Terrain
|-heal|p2b: Rillaboom|60/100|[from] Grassy Terrain
|-heal|p2a: Volcarona|64/100|[from] Grassy Terrain
|-heal|p2a: Volcarona|70/100|[from] item: Leftovers
|upkeep
|
|t:|1756942388
|switch|p1a: Gholdengo|Gholdengo, L50|100/100
|-enditem|p1a: Gholdengo|Grassy Seed
|-boost|p1a: Gholdengo|def|1|[from] item: Grassy Seed
|turn|8
|inactive|FALL3N_DWN has 30 seconds left.
|
|t:|1756942422
|move|p1b: Porygon2|Recover|p1b: Porygon2
|-heal|p1b: Porygon2|65/100
|move|p1a: Gholdengo|Nasty Plot|p1a: Gholdengo
|-boost|p1a: Gholdengo|spa|2
|move|p2b: Rillaboom|Wood Hammer|p1a: Gholdengo
|-resisted|p1a: Gholdengo
|-damage|p1a: Gholdengo|80/100
|-damage|p2b: Rillaboom|54/100|[from] Recoil
|move|p2a: Volcarona|Heat Wave|p1a: Gholdengo|[spread] p1b
|-miss|p2a: Volcarona|p1a: Gholdengo
|-damage|p1b: Porygon2|20/100
|
|-heal|p1b: Porygon2|26/100|[from] Grassy Terrain
|-heal|p1a: Gholdengo|86/100|[from] Grassy Terrain
|-heal|p2b: Rillaboom|60/100|[from] Grassy Terrain
|-heal|p2a: Volcarona|77/100|[from] Grassy Terrain
|-heal|p2a: Volcarona|83/100|[from] item: Leftovers
|-fieldend|move: Grassy Terrain
|upkeep
|turn|9
|inactive|FALL3N_DWN has 30 seconds left.
|inactive|FALL3N_DWN has 20 seconds left.
|inactive|FALL3N_DWN has 15 seconds left.
|inactive|ParmesanLugubre206 has 30 seconds left.
|inactive|FALL3N_DWN has 10 seconds left.
|
|t:|1756942471
|move|p1b: Porygon2|Recover|p1b: Porygon2
|-heal|p1b: Porygon2|76/100
|move|p1a: Gholdengo|Make It Rain|p2b: Rillaboom|[spread] p2a,p2b
|-supereffective|p2a: Volcarona
|-damage|p2a: Volcarona|0 fnt
|-damage|p2b: Rillaboom|0 fnt
|-unboost|p1a: Gholdengo|spa|1
|faint|p2a: Volcarona
|faint|p2b: Rillaboom
|
|upkeep
|
|t:|1756942488
|switch|p2a: Sneasler|Sneasler, L50, M|100/100
|turn|10
|-message|FALL3N_DWN forfeited.
|
|win|ParmesanLugubre206
||ParmesanLugubre206 is ready for game 3.
|inactive|FALL3N_DWN has 30 seconds to confirm battle start!
|inactive|FALL3N_DWN has 20 seconds to confirm battle start!
||FALL3N_DWN is ready for game 3.
|uhtml|next|Next: Game 3 of 3
|l|☆ParmesanLugubre206
|player|p1|
