|j|☆Vgc4200
|j|☆DocAT8
|html|Vgc4200DocAT8    
|uhtml|bestof|Game 1 of a best-of-3
|t:|1757771711
|gametype|doubles
|player|p1|Vgc4200|silver|1106
|player|p2|DocAT8|gentleman-gen4dp|1194
|gen|9
|tier|[Gen 9] VGC 2025 Reg H (Bo3)
|rated|
|rule|Species Clause: Limit one of each Pokémon
|rule|Item Clause: Limit 1 of each item
|clearpoke
|poke|p1|Pelipper, L50, M|
|poke|p1|Comfey, L50, F|
|poke|p1|Annihilape, L50, M|
|poke|p1|Archaludon, L50, M|
|poke|p1|Electabuzz, L50, M|
|poke|p1|Ursaluna-Bloodmoon, L50, M|
|poke|p2|Sneasler, L50, M|
|poke|p2|Rillaboom, L50, F|
|poke|p2|Ursaluna-Bloodmoon, L50, M|
|poke|p2|Kingambit, L50, F|
|poke|p2|Magmar, L50, F|
|poke|p2|Farigiraf, L50, M|
|teampreview|4
|showteam|p1|Pelipper||FocusSash|Drizzle|Hurricane,Uturn,Tailwind,Protect|||M|||50|,,,,,Ghost]Comfey||MentalHerb|Triage|TrickRoom,FloralHealing,DrainingKiss,Protect|||F|||50|,,,,,Steel]Annihilape||WeaknessPolicy|Defiant|DrainPunch,RageFist,BulkUp,Protect|||M|||50|,,,,,Fire]Archaludon||AssaultVest|Stamina|DragonPulse,Snarl,BodyPress,ElectroShot|||M|||50|,,,,,Grass]Electabuzz||Eviolite|VitalSpirit|FollowMe,Electroweb,Taunt,Protect|||M|||50|,,,,,Ghost]Ursaluna-Bloodmoon||ThroatSpray|MindsEye|BloodMoon,HyperVoice,Protect,EarthPower|||M|||50|,,,,,Normal
|showteam|p2|Sneasler||FocusSash|PoisonTouch|Protect,DireClaw,CloseCombat,ThroatChop|||M|||50|,,,,,Stellar]Rillaboom||AssaultVest|GrassySurge|FakeOut,GrassyGlide,WoodHammer,KnockOff|||F|||50|,,,,,Fire]Ursaluna-Bloodmoon||ThroatSpray|MindsEye|Protect,HyperVoice,BloodMoon,EarthPower|||M|||50|,,,,,Ghost]Kingambit||WeaknessPolicy|Defiant|Protect,KowtowCleave,SuckerPunch,SwordsDance|||F|||50|,,,,,Ghost]Magmar||Eviolite|FlameBody|FollowMe,Taunt,WillOWisp,Overheat|||F|||50|,,,,,Dragon]Farigiraf||SafetyGoggles|ArmorTail|Protect,Psychic,FoulPlay,TrickRoom|||M|||50|,,,,,Fairy
|
|t:|1757771782
|teamsize|p1|4
|teamsize|p2|4
|start
|switch|p1a: Comfey|Comfey, L50, F|100/100
|switch|p1b: Annihilape|Annihilape, L50, M|100/100
|switch|p2a: Sneasler|Sneasler, L50, M|100/100
|switch|p2b: Magmar|Magmar, L50, F|100/100
|turn|1
|l|☆Vgc4200
|player|p1|
|inactive|Battle timer is ON: inactive players will automatically lose when time's up. (requested by DocAT8)
|j|☆Vgc4200
|inactive|Vgc4200 reconnected and has 70 seconds left.
|player|p1|Vgc4200|silver|
|inactive|Vgc4200 has 60 seconds left.
|
|t:|1757771869
|-terastallize|p1b: Annihilape|Fire
|move|p1a: Comfey|Protect|p1a: Comfey
|-singleturn|p1a: Comfey|Protect
|move|p2a: Sneasler|Dire Claw|p1a: Comfey
|-activate|p1a: Comfey|move: Protect
|move|p2b: Magmar|Will-O-Wisp|p1b: Annihilape
|-immune|p1b: Annihilape
|move|p1b: Annihilape|Bulk Up|p1b: Annihilape
|-boost|p1b: Annihilape|atk|1
|-boost|p1b: Annihilape|def|1
|
|upkeep
|turn|2
|inactive|Vgc4200 has 30 seconds left.
|
|t:|1757771900
|switch|p1a: Electabuzz|Electabuzz, L50, M, shiny|100/100
|move|p2b: Magmar|Follow Me|p2b: Magmar
|-singleturn|p2b: Magmar|move: Follow Me
|move|p2a: Sneasler|Close Combat|p1b: Annihilape
|-damage|p1b: Annihilape|53/100
|-unboost|p2a: Sneasler|def|1
|-unboost|p2a: Sneasler|spd|1
|move|p1b: Annihilape|Rage Fist|p2b: Magmar
|-damage|p2b: Magmar|52/100
|
|upkeep
|turn|3
|
|t:|1757771918
|move|p2a: Sneasler|Protect|p2a: Sneasler
|-singleturn|p2a: Sneasler|Protect
|move|p1b: Annihilape|Protect|p1b: Annihilape
|-singleturn|p1b: Annihilape|Protect
|move|p1a: Electabuzz|Electroweb|p2a: Sneasler|[spread] p2b
|-activate|p2a: Sneasler|move: Protect
|-damage|p2b: Magmar|41/100
|-unboost|p2b: Magmar|spe|1
|move|p2b: Magmar|Taunt|p1a: Electabuzz
|-start|p1a: Electabuzz|move: Taunt
|
|upkeep
|turn|4
|
|t:|1757771940
|-terastallize|p2a: Sneasler|Stellar
|move|p2b: Magmar|Follow Me|p2b: Magmar
|-singleturn|p2b: Magmar|move: Follow Me
|move|p2a: Sneasler|Close Combat|p1b: Annihilape
|-damage|p1b: Annihilape|0 fnt
|-unboost|p2a: Sneasler|def|1
|-unboost|p2a: Sneasler|spd|1
|faint|p1b: Annihilape
|move|p1a: Electabuzz|Electroweb|p2b: Magmar|[spread] p2a,p2b
|-damage|p2a: Sneasler|66/100
|-damage|p2b: Magmar|32/100
|-unboost|p2a: Sneasler|spe|1
|-unboost|p2b: Magmar|spe|1
|
|upkeep
|l|☆Vgc4200
|inactive|Vgc4200 disconnected and has a minute to reconnect!
|player|p1|
|inactive|Vgc4200 has 30 seconds left.
|j|☆Vgc4200
|inactive|Vgc4200 reconnected and has 30 seconds left.
|player|p1|Vgc4200|silver|
|
|t:|1757771973
|switch|p1b: Ursaluna|Ursaluna-Bloodmoon, L50, M|100/100
|turn|5
|inactive|DocAT8 has 30 seconds left.
|
|t:|1757772001
|switch|p2a: Kingambit|Kingambit, L50, F|100/100
|move|p1b: Ursaluna|Protect|p1b: Ursaluna
|-singleturn|p1b: Ursaluna|Protect
|move|p1a: Electabuzz|Electroweb|p2a: Kingambit|[spread] p2a,p2b
|-damage|p2a: Kingambit|88/100
|-damage|p2b: Magmar|24/100
|-unboost|p2a: Kingambit|spe|1
|-ability|p2a: Kingambit|Defiant|boost
|-boost|p2a: Kingambit|atk|2
|-unboost|p2b: Magmar|spe|1
|move|p2b: Magmar|Overheat|p1a: Electabuzz|[miss]
|-miss|p2b: Magmar|p1a: Electabuzz
|
|upkeep
|turn|6
|inactive|Vgc4200 has 30 seconds left.
|inactive|DocAT8 has 30 seconds left.
|
|t:|1757772034
|move|p2b: Magmar|Follow Me|p2b: Magmar
|-singleturn|p2b: Magmar|move: Follow Me
|move|p2a: Kingambit|Sucker Punch|p1b: Ursaluna
|-damage|p1b: Ursaluna|44/100
|move|p1a: Electabuzz|Electroweb|p2b: Magmar|[spread] p2b
|-miss|p1a: Electabuzz|p2a: Kingambit
|-damage|p2b: Magmar|14/100
|-unboost|p2b: Magmar|spe|1
|move|p1b: Ursaluna|Earth Power|p2b: Magmar
|-supereffective|p2b: Magmar
|-damage|p2b: Magmar|0 fnt
|faint|p2b: Magmar
|
|-end|p1a: Electabuzz|move: Taunt
|upkeep
|
|t:|1757772051
|switch|p2b: Ursaluna|Ursaluna-Bloodmoon, L50, M|100/100
|turn|7
|
|t:|1757772067
|move|p2a: Kingambit|Protect|p2a: Kingambit
|-singleturn|p2a: Kingambit|Protect
|move|p1a: Electabuzz|Follow Me|p1a: Electabuzz
|-singleturn|p1a: Electabuzz|move: Follow Me
|move|p1b: Ursaluna|Earth Power|p2a: Kingambit
|-activate|p2a: Kingambit|move: Protect
|move|p2b: Ursaluna|Hyper Voice|p1b: Ursaluna|[spread] p1a,p1b
|-damage|p1a: Electabuzz|71/100
|-damage|p1b: Ursaluna|0 fnt
|faint|p1b: Ursaluna
|-enditem|p2b: Ursaluna|Throat Spray
|-boost|p2b: Ursaluna|spa|1|[from] item: Throat Spray
|
|upkeep
|
|t:|1757772074
|switch|p1b: Comfey|Comfey, L50, F|100/100
|turn|8
|inactive|Vgc4200 has 30 seconds left.
|inactive|Vgc4200 has 20 seconds left.
|inactive|Vgc4200 has 15 seconds left.
|l|☆Vgc4200
|inactive|Vgc4200 disconnected and has a minute to reconnect!
|player|p1|
|inactive|Vgc4200 has 10 seconds left.
|inactive|Vgc4200 has 5 seconds left.
|-message|Vgc4200 lost due to inactivity.
|
|win|DocAT8
|inactive|Vgc4200 has 30 seconds to confirm battle start!
|inactive|DocAT8 has 30 seconds to confirm battle start!
||DocAT8 is ready for game 2.
|l|☆DocAT8
|player|p2|
|inactive|Vgc4200 has 20 seconds to confirm battle start!
|inactive|Vgc4200 has 10 seconds to confirm battle start!
|inactive|Vgc4200 has 0 seconds to confirm battle start!
|uhtml|next|Next: Game 2 of 3
|j|☆DocAT8
|player|p2|DocAT8|gentleman-gen4dp|
|l|☆DocAT8
|player|p2|
