|j|☆lettitripppp
|j|‽awammy
|html|lettitrippppawammy    
|uhtml|bestof|Game 1 of a best-of-3
|t:|1782765845
|gametype|doubles
|player|p1|lettitripppp|lucas|1166
|player|p2|awammy|colress|1250
|gen|9
|tier|[Gen 9 Champions] VGC 2026 Reg M-B (Bo3)
|rated|
|rule|Species Clause: Limit one of each Pokémon
|rule|Item Clause: Limit 1 of each item
|clearpoke
|poke|p1|Charizard, L50, F|
|poke|p1|Floette-Eternal, L50, F|
|poke|p1|Basculegion, L50, M, shiny|
|poke|p1|Garchomp, L50, M|
|poke|p1|Whimsicott, L50, M, shiny|
|poke|p1|Kingambit, L50, M|
|poke|p2|Kingambit, L50, M|
|poke|p2|Basculegion, L50, M|
|poke|p2|Floette-Eternal, L50, F|
|poke|p2|Whimsicott, L50, F|
|poke|p2|Charizard, L50, M|
|poke|p2|Garchomp, L50, F|
|teampreview|4
|showteam|p1|Charizard||CharizarditeY|Blaze|WeatherBall,SolarBeam,HeatWave,Protect|Modest||F|||50|]Floette-Eternal||Floettite|FlowerVeil|DazzlingGleam,LightofRuin,Moonblast,Protect|Timid||F|||50|]Basculegion||MysticWater|Adaptability|LastRespects,WaveCrash,AquaJet,Protect|Adamant||M|||50|]Garchomp||LifeOrb|RoughSkin|DragonClaw,Earthquake,RockSlide,Protect|Jolly||M|||50|]Whimsicott||FocusSash|Prankster|Moonblast,Tailwind,Encore,Protect|Timid||M|||50|]Kingambit||ChopleBerry|Defiant|KowtowCleave,SuckerPunch,IronHead,LowKick|Adamant||M|||50|
|showteam|p2|Kingambit||BlackGlasses|Defiant|SwordsDance,KowtowCleave,SuckerPunch,Protect|Adamant||M|||50|]Basculegion||MysticWater|Adaptability|WaveCrash,AquaJet,LastRespects,Protect|Adamant||M|||50|]Floette-Eternal||Floettite|FlowerVeil|LightofRuin,Moonblast,DazzlingGleam,Protect|Modest||F|||50|]Whimsicott||FocusSash|Prankster|Tailwind,Protect,Encore,Moonblast|Timid||F|||50|]Charizard||CharizarditeY|Blaze|HeatWave,WeatherBall,SolarBeam,Protect|Modest||M|||50|]Garchomp||LifeOrb|RoughSkin|DragonClaw,RockSlide,Earthquake,Protect|Adamant||F|||50|
|inactive|Battle timer is ON: inactive players will automatically lose when time's up. (requested by lettitripppp)
|inactive|lettitripppp has 60 seconds left.
|inactive|awammy has 60 seconds left.
|
|t:|1782765885
|teamsize|p1|4
|teamsize|p2|4
|start
|switch|p1a: LETS GO GO|Whimsicott, L50, M, shiny|100/100
|switch|p1b: GHOSTWAVE|Basculegion, L50, M, shiny|100/100
|switch|p2a: Basculegion|Basculegion, L50, M|100/100
|switch|p2b: Charizard|Charizard, L50, M|100/100
|turn|1
|inactive|lettitripppp has 30 seconds left.
|
|t:|1782765914
|switch|p2b: Whimsicott|Whimsicott, L50, F|100/100
|move|p1a: LETS GO GO|Tailwind|p1a: LETS GO GO
|-sidestart|p1: lettitripppp|move: Tailwind
|move|p1b: GHOSTWAVE|Wave Crash|p2b: Whimsicott
|-resisted|p2b: Whimsicott|1
|-damage|p2b: Whimsicott|48/100
|-damage|p1b: GHOSTWAVE|86/100|[from] Recoil
|move|p2a: Basculegion|Last Respects|p1b: GHOSTWAVE
|-supereffective|p1b: GHOSTWAVE|1
|-damage|p1b: GHOSTWAVE|18/100
|
|upkeep
|turn|2
|inactive|awammy has 30 seconds left.
|inactive|awammy has 20 seconds left.
|inactive|awammy has 15 seconds left.
|inactive|awammy has 10 seconds left.
|inactive|awammy has 5 seconds left.
|
|t:|1782765968
|switch|p1a: GENERAL BLADUS|Kingambit, L50, M|100/100
|move|p2b: Whimsicott|Protect|p2b: Whimsicott
|-singleturn|p2b: Whimsicott|Protect
|move|p1b: GHOSTWAVE|Last Respects|p2a: Basculegion
|-supereffective|p2a: Basculegion|1
|-damage|p2a: Basculegion|24/100
|move|p2a: Basculegion|Wave Crash|p1b: GHOSTWAVE
|-resisted|p1b: GHOSTWAVE|1
|-damage|p1b: GHOSTWAVE|0 fnt
|faint|p1b: GHOSTWAVE
|-damage|p2a: Basculegion|18/100|[from] Recoil
|
|upkeep
|
|t:|1782765980
|switch|p1b: RUINOUS LIGHT|Floette-Eternal, L50, F|100/100
|turn|3
|
|t:|1782765990
|switch|p2a: Charizard|Charizard, L50, M|100/100
|detailschange|p1b: RUINOUS LIGHT|Floette-Mega, L50, F
|-mega|p1b: RUINOUS LIGHT|Floette|Floettite
|-ability|p1b: RUINOUS LIGHT|Fairy Aura
|move|p2b: Whimsicott|Tailwind|p2b: Whimsicott
|-sidestart|p2: awammy|move: Tailwind
|move|p1b: RUINOUS LIGHT|Dazzling Gleam|p2b: Whimsicott|[spread] p2a,p2b
|-resisted|p2a: Charizard|1
|-damage|p2a: Charizard|70/100
|-damage|p2b: Whimsicott|0 fnt
|faint|p2b: Whimsicott
|move|p1a: GENERAL BLADUS|Kowtow Cleave|p2a: Charizard
|-damage|p2a: Charizard|11/100
|
|upkeep
|
|t:|1782766011
|switch|p2b: Garchomp|Garchomp, L50, F|100/100
|turn|4
|inactive|awammy has 30 seconds left.
|inactive|awammy has 20 seconds left.
|inactive|awammy has 15 seconds left.
|inactive|awammy has 10 seconds left.
|
|t:|1782766058
|switch|p1a: LETS GO GO|Whimsicott, L50, M, shiny|100/100
|move|p1b: RUINOUS LIGHT|Protect|p1b: RUINOUS LIGHT
|-singleturn|p1b: RUINOUS LIGHT|Protect
|move|p2a: Charizard|Protect|p2a: Charizard
|-singleturn|p2a: Charizard|Protect
|move|p2b: Garchomp|Earthquake|p1a: LETS GO GO|[spread] p1a
|-activate|p2a: Charizard|move: Protect
|-activate|p1b: RUINOUS LIGHT|move: Protect
|-resisted|p1a: LETS GO GO|1
|-damage|p1a: LETS GO GO|63/100
|-damage|p2b: Garchomp|90/100|[from] item: Life Orb
|
|-sideend|p1: lettitripppp|move: Tailwind
|upkeep
|turn|5
|inactive|awammy has 30 seconds left.
|
|t:|1782766087
|switch|p2a: Basculegion|Basculegion, L50, M|18/100
|move|p1a: LETS GO GO|Tailwind|p1a: LETS GO GO
|-sidestart|p1: lettitripppp|move: Tailwind
|move|p1b: RUINOUS LIGHT|Dazzling Gleam|p2a: Basculegion|[spread] p2a,p2b
|-supereffective|p2b: Garchomp|1
|-damage|p2a: Basculegion|0 fnt
|-damage|p2b: Garchomp|0 fnt
|faint|p2a: Basculegion
|faint|p2b: Garchomp
|
|upkeep
|
|t:|1782766093
|switch|p2b: Charizard|Charizard, L50, M|11/100
|turn|6
|-message|awammy forfeited.
|
|win|lettitripppp
