|j|☆ratman1324
|j|☆el_frolo
|html|ratman1324el_frolo    
|uhtml|bestof|Game 1 of a best-of-3
|t:|1757692507
|gametype|doubles
|player|p1|ratman1324|swimmer|1060
|player|p2|el_frolo|102|1122
|gen|9
|tier|[Gen 9] VGC 2025 Reg H (Bo3)
|rated|
|rule|Species Clause: Limit one of each Pokémon
|rule|Item Clause: Limit 1 of each item
|clearpoke
|poke|p1|Gholdengo, L50|
|poke|p1|Incineroar, L50, M|
|poke|p1|Ursaluna-Bloodmoon, L50, M|
|poke|p1|Dragonite, L50, M|
|poke|p1|Amoonguss, L50, M|
|poke|p1|Sneasler, L50, F|
|poke|p2|Gholdengo, L50|
|poke|p2|Incineroar, L50, F|
|poke|p2|Amoonguss, L50, M|
|poke|p2|Porygon2, L50|
|poke|p2|Ursaluna, L50, F|
|poke|p2|Dragonite, L50, F|
|teampreview|4
|showteam|p1|Gholdengo||LifeOrb|GoodasGold|MakeItRain,ShadowBall,Protect,NastyPlot||||||50|,,,,,Water]Incineroar||SafetyGoggles|Intimidate|FakeOut,KnockOff,FlareBlitz,PartingShot|||M|||50|,,,,,Ghost]Ursaluna-Bloodmoon||AssaultVest|MindsEye|EarthPower,BloodMoon,HyperVoice,VacuumWave|||M|||50|,,,,,Water]Dragonite||LoadedDice|Multiscale|ScaleShot,Protect,Haze,Tailwind|||M|||50|,,,,,Fairy]Amoonguss||SitrusBerry|Regenerator|Spore,RagePowder,PollenPuff,Protect|||M|||50|,,,,,Water]Sneasler||FocusSash|Unburden|CloseCombat,DireClaw,Protect,ThroatChop|||F|||50|,,,,,Stellar
|showteam|p2|Gholdengo||LifeOrb|GoodasGold|MakeItRain,ShadowBall,NastyPlot,Protect||||||50|,,,,,Water]Incineroar||SafetyGoggles|Intimidate|KnockOff,FlareBlitz,FakeOut,PartingShot|||F|||50|,,,,,Ghost]Amoonguss||CovertCloak|Regenerator|RagePowder,PollenPuff,Protect,Spore|||M|||50|,,,,,Dark]Porygon2||Eviolite|Download|TeraBlast,IceBeam,TrickRoom,Recover||||||50|,,,,,Fighting]Ursaluna||FlameOrb|Guts|Facade,Earthquake,HeadlongRush,Protect|||F|||50|,,,,,Ghost]Dragonite||LoadedDice|Multiscale|ScaleShot,Tailwind,Protect,Haze|||F|||50|,,,,,Fairy
|inactive|Battle timer is ON: inactive players will automatically lose when time's up. (requested by ratman1324)
|inactive|el_frolo has 60 seconds left.
|inactive|el_frolo has 30 seconds left.
|inactive|el_frolo has 20 seconds left.
|
|t:|1757692611
|teamsize|p1|4
|teamsize|p2|4
|start
|switch|p1a: Sneasler|Sneasler, L50, F, shiny|100/100
|switch|p1b: Dragonite|Dragonite, L50, M|100/100
|switch|p2a: Incineroar|Incineroar, L50, F|100/100
|switch|p2b: Amoonguss|Amoonguss, L50, M|100/100
|-ability|p2a: Incineroar|Intimidate|boost
|-unboost|p1a: Sneasler|atk|1
|-unboost|p1b: Dragonite|atk|1
|turn|1
|inactive|el_frolo has 30 seconds left.
|inactive|el_frolo has 20 seconds left.
|inactive|el_frolo has 15 seconds left.
|inactive|el_frolo has 10 seconds left.
|
|t:|1757692657
|switch|p2a: Gholdengo|Gholdengo, L50|100/100
|move|p1a: Sneasler|Protect|p1a: Sneasler
|-singleturn|p1a: Sneasler|Protect
|move|p1b: Dragonite|Protect|p1b: Dragonite
|-singleturn|p1b: Dragonite|Protect
|move|p2b: Amoonguss|Spore|p1a: Sneasler
|-activate|p1a: Sneasler|move: Protect
|
|upkeep
|turn|2
|inactive|ratman1324 has 30 seconds left.
|inactive|el_frolo has 30 seconds left.
|inactive|ratman1324 has 20 seconds left.
|inactive|ratman1324 has 15 seconds left.
|inactive|ratman1324 has 10 seconds left.
|
|t:|1757692704
|switch|p1a: Incineroar|Incineroar, L50, M, shiny|100/100
|-ability|p1a: Incineroar|Intimidate|boost
|-unboost|p2a: Gholdengo|atk|1
|-unboost|p2b: Amoonguss|atk|1
|switch|p2a: Incineroar|Incineroar, L50, F|100/100
|-ability|p2a: Incineroar|Intimidate|boost
|-unboost|p1a: Incineroar|atk|1
|-unboost|p1b: Dragonite|atk|1
|move|p1b: Dragonite|Tailwind|p1b: Dragonite
|-sidestart|p1: ratman1324|move: Tailwind
|move|p2b: Amoonguss|Spore|p1a: Incineroar
|-activate|p1a: Incineroar|item: Safety Goggles|Spore
|
|upkeep
|turn|3
|inactive|ratman1324 has 30 seconds left.
|inactive|el_frolo has 30 seconds left.
|inactive|ratman1324 has 20 seconds left.
|inactive|el_frolo has 20 seconds left.
|inactive|ratman1324 has 15 seconds left.
|inactive|ratman1324 has 10 seconds left.
|inactive|ratman1324 has 5 seconds left.
|
|t:|1757692759
|move|p1a: Incineroar|Fake Out|p2a: Incineroar
|-damage|p2a: Incineroar|93/100
|move|p1b: Dragonite|Scale Shot|p2a: Incineroar
|-damage|p2a: Incineroar|85/100
|-damage|p2a: Incineroar|77/100
|-damage|p2a: Incineroar|68/100
|-damage|p2a: Incineroar|59/100
|-damage|p2a: Incineroar|50/100
|-hitcount|p2a: Incineroar|5
|-unboost|p1b: Dragonite|def|1
|-boost|p1b: Dragonite|spe|1
|cant|p2a: Incineroar|flinch
|move|p2b: Amoonguss|Spore|p1b: Dragonite
|-status|p1b: Dragonite|slp|[from] move: Spore
|
|upkeep
|turn|4
|inactive|el_frolo has 30 seconds left.
|
|t:|1757692789
|switch|p1b: Sneasler|Sneasler, L50, F, shiny|100/100
|move|p1a: Incineroar|Flare Blitz|p2b: Amoonguss
|-supereffective|p2b: Amoonguss
|-damage|p2b: Amoonguss|48/100
|-damage|p1a: Incineroar|81/100|[from] Recoil
|move|p2a: Incineroar|Knock Off|p1a: Incineroar
|-resisted|p1a: Incineroar
|-damage|p1a: Incineroar|63/100
|-enditem|p1a: Incineroar|Safety Goggles|[from] move: Knock Off|[of] p2a: Incineroar
|move|p2b: Amoonguss|Spore|p1a: Incineroar
|-status|p1a: Incineroar|slp|[from] move: Spore
|
|upkeep
|turn|5
|inactive|ratman1324 has 30 seconds left.
|inactive|ratman1324 has 20 seconds left.
|
|t:|1757692825
|move|p1b: Sneasler|Dire Claw|p2b: Amoonguss
|-damage|p2b: Amoonguss|9/100
|cant|p1a: Incineroar|slp
|move|p2a: Incineroar|Parting Shot|p1b: Sneasler
|-unboost|p1b: Sneasler|atk|1
|-unboost|p1b: Sneasler|spa|1
|
|t:|1757692835
|switch|p2a: Gholdengo|Gholdengo, L50|100/100|[from] Parting Shot
|move|p2b: Amoonguss|Spore|p1b: Sneasler
|-status|p1b: Sneasler|slp|[from] move: Spore
|
|-sideend|p1: ratman1324|move: Tailwind
|upkeep
|turn|6
|
|t:|1757692849
|switch|p2b: Incineroar|Incineroar, L50, F|50/100
|-ability|p2b: Incineroar|Intimidate|boost
|-unboost|p1a: Incineroar|atk|1
|-unboost|p1b: Sneasler|atk|1
|cant|p1b: Sneasler|slp
|move|p2a: Gholdengo|Nasty Plot|p2a: Gholdengo
|-boost|p2a: Gholdengo|spa|2
|-curestatus|p1a: Incineroar|slp|[msg]
|move|p1a: Incineroar|Flare Blitz|p2a: Gholdengo
|-supereffective|p2a: Gholdengo
|-damage|p2a: Gholdengo|47/100
|-damage|p1a: Incineroar|46/100|[from] Recoil
|
|upkeep
|turn|7
|inactive|ratman1324 has 30 seconds left.
|inactive|el_frolo has 30 seconds left.
|
|t:|1757692876
|switch|p1b: Gholdengo|Gholdengo, L50|100/100
|switch|p1a: Dragonite|Dragonite, L50, M|100/100 slp
|move|p2b: Incineroar|Fake Out|p1b: Gholdengo
|-immune|p1b: Gholdengo
|move|p2a: Gholdengo|Make It Rain|p1a: Dragonite|[spread] p1a,p1b
|-resisted|p1b: Gholdengo
|-damage|p1a: Dragonite|36/100 slp
|-damage|p1b: Gholdengo|39/100
|-unboost|p2a: Gholdengo|spa|1
|-damage|p2a: Gholdengo|37/100|[from] item: Life Orb
|
|upkeep
|turn|8
|inactive|el_frolo has 30 seconds left.
|inactive|el_frolo has 20 seconds left.
|inactive|el_frolo has 15 seconds left.
|
|t:|1757692918
|move|p1b: Gholdengo|Shadow Ball|p2a: Gholdengo
|-supereffective|p2a: Gholdengo
|-damage|p2a: Gholdengo|0 fnt
|faint|p2a: Gholdengo
|-damage|p1b: Gholdengo|29/100|[from] item: Life Orb
|cant|p1a: Dragonite|slp
|move|p2b: Incineroar|Knock Off|p1b: Gholdengo
|-supereffective|p1b: Gholdengo
|-damage|p1b: Gholdengo|0 fnt
|-enditem|p1b: Gholdengo|Life Orb|[from] move: Knock Off|[of] p2b: Incineroar
|faint|p1b: Gholdengo
|
|upkeep
|
|t:|1757692941
|switch|p1b: Incineroar|Incineroar, L50, M, shiny|46/100
|switch|p2a: Porygon2|Porygon2, L50|100/100
|-ability|p1b: Incineroar|Intimidate|boost
|-unboost|p2a: Porygon2|atk|1
|-unboost|p2b: Incineroar|atk|1
|-ability|p2a: Porygon2|Download|boost
|-boost|p2a: Porygon2|atk|1
|turn|9
|
|t:|1757692965
|move|p1b: Incineroar|Fake Out|p2a: Porygon2
|-damage|p2a: Porygon2|93/100
|cant|p1a: Dragonite|slp
|move|p2b: Incineroar|Parting Shot|p1b: Incineroar
|-unboost|p1b: Incineroar|atk|1
|-unboost|p1b: Incineroar|spa|1
|
|t:|1757692972
|switch|p2b: Amoonguss|Amoonguss, L50, M|42/100|[from] Parting Shot
|cant|p2a: Porygon2|flinch
|
|upkeep
|turn|10
|inactive|ratman1324 has 30 seconds left.
|
|t:|1757693000
|switch|p2b: Incineroar|Incineroar, L50, F|50/100
|-ability|p2b: Incineroar|Intimidate|boost
|-unboost|p1a: Dragonite|atk|1
|-unboost|p1b: Incineroar|atk|1
|-terastallize|p1a: Dragonite|Fairy
|cant|p1a: Dragonite|slp
|move|p1b: Incineroar|Flare Blitz|p2b: Incineroar
|-resisted|p2b: Incineroar
|-damage|p2b: Incineroar|37/100
|-damage|p1b: Incineroar|42/100|[from] Recoil
|move|p2a: Porygon2|Trick Room|p2a: Porygon2
|-fieldstart|move: Trick Room|[of] p2a: Porygon2
|
|upkeep
|turn|11
|inactive|ratman1324 has 30 seconds left.
|
|t:|1757693029
|-terastallize|p2a: Porygon2|Fighting
|-curestatus|p1a: Dragonite|slp|[msg]
|move|p1a: Dragonite|Protect|p1a: Dragonite
|-singleturn|p1a: Dragonite|Protect
|move|p2a: Porygon2|Tera Blast|p1b: Incineroar|[anim] Tera Blast Fighting
|-supereffective|p1b: Incineroar
|-damage|p1b: Incineroar|0 fnt
|faint|p1b: Incineroar
|move|p2b: Incineroar|Flare Blitz|p1a: Dragonite
|-activate|p1a: Dragonite|move: Protect
|
|upkeep
|
|t:|1757693038
|switch|p1b: Sneasler|Sneasler, L50, F, shiny|100/100 slp
|turn|12
|
|t:|1757693053
|cant|p1b: Sneasler|slp
|move|p2a: Porygon2|Ice Beam|p1b: Sneasler
|-damage|p1b: Sneasler|63/100 slp
|move|p2b: Incineroar|Flare Blitz|p1a: Dragonite
|-damage|p1a: Dragonite|0 fnt
|faint|p1a: Dragonite
|-damage|p2b: Incineroar|27/100|[from] Recoil
|
|upkeep
|turn|13
|
|t:|1757693069
|move|p2a: Porygon2|Ice Beam|p1b: Sneasler
|-damage|p1b: Sneasler|26/100 slp
|move|p2b: Incineroar|Flare Blitz|p1b: Sneasler
|-damage|p1b: Sneasler|0 fnt
|faint|p1b: Sneasler
|-damage|p2b: Incineroar|20/100|[from] Recoil
|
|win|el_frolo
|l|☆ratman1324
|player|p1|
||ratman1324 is ready for game 2.
|inactive|el_frolo has 30 seconds to confirm battle start!
||el_frolo is ready for game 2.
|uhtml|next|Next: Game 2 of 3
