|j|☆Zzsachi
|j|☆palle synchro
|html|Zzsachipalle synchro    
|uhtml|bestof|Game 2 of a best-of-3
|t:|1784908413
|gametype|doubles
|player|p1|Zzsachi|265|1274
|player|p2|palle synchro|volkner|1392
|gen|9
|tier|[Gen 9 Champions] VGC 2026 Reg M-B (Bo3)
|rated|
|rule|Species Clause: Limit one of each Pokémon
|rule|Item Clause: Limit 1 of each item
|clearpoke
|poke|p1|Sneasler, L50, M|
|poke|p1|Kingambit, L50, M|
|poke|p1|Incineroar, L50, F|
|poke|p1|Blastoise, L50, F|
|poke|p1|Sinistcha, L50|
|poke|p1|Delphox, L50, M, shiny|
|poke|p2|Pelipper, L50, F|
|poke|p2|Archaludon, L50, F|
|poke|p2|Venusaur, L50, F|
|poke|p2|Maushold, L50|
|poke|p2|Gholdengo, L50|
|poke|p2|Basculegion, L50, M|
|teampreview|4
|showteam|p1|Sneasler||FocusSash|PoisonTouch|QuickGuard,FakeOut,CloseCombat,PoisonJab|Jolly||M|||50|]Kingambit||BlackGlasses|Defiant|Protect,SwordsDance,SuckerPunch,KowtowCleave|Adamant||M|||50|]Incineroar||SitrusBerry|Intimidate|FakeOut,PartingShot,FlareBlitz,HelpingHand|Impish||F|||50|]Blastoise||Blastoisinite|Torrent|Protect,ShellSmash,WaterSpout,DarkPulse|Modest||F|||50|]Sinistcha||ColburBerry|Hospitality|Protect,MatchaGotcha,LifeDew,RagePowder|Calm|||||50|]Delphox||Delphoxite|Blaze|Protect,HeatWave,Psychic,NastyPlot|Timid||M|||50|
|showteam|p2|Pelipper||SitrusBerry|Drizzle|WeatherBall,Hurricane,Tailwind,WideGuard|Modest||F|||50|]Archaludon||Leftovers|Stamina|ElectroShot,DragonPulse,FlashCannon,Protect|Modest||F|||50|]Venusaur||Venusaurite|Chlorophyll|GigaDrain,EarthPower,SludgeBomb,Protect|Modest||F|||50|]Maushold||FocusSash|FriendGuard|SuperFang,RainDance,FollowMe,Protect|Timid|||||50|]Gholdengo||LifeOrb|GoodasGold|MakeItRain,ShadowBall,NastyPlot,Protect|Timid|||||50|]Basculegion||ChoiceScarf|Adaptability|WaveCrash,LastRespects,FlipTurn,AquaJet|Jolly||M|||50|
|inactive|Battle timer is ON: inactive players will automatically lose when time's up. (requested by palle synchro)
|inactive|Zzsachi has 60 seconds left.
|
|t:|1784908460
|teamsize|p1|4
|teamsize|p2|4
|start
|switch|p1a: Kingambit|Kingambit, L50, M|100/100
|switch|p1b: Sneasler|Sneasler, L50, M|100/100
|switch|p2a: Basculegion|Basculegion, L50, M|100/100
|switch|p2b: Gholdengo|Gholdengo, L50|100/100
|turn|1
|inactive|Zzsachi has 30 seconds left.
|inactive|Zzsachi has 20 seconds left.
|
|t:|1784908495
|switch|p1b: Blastoise|Blastoise, L50, F|100/100
|move|p2a: Basculegion|Wave Crash|p1a: Kingambit
|-damage|p1a: Kingambit|40/100
|-damage|p2a: Basculegion|78/100|[from] Recoil
|move|p2b: Gholdengo|Make It Rain|p1a: Kingambit|[spread] p1a,p1b
|-resisted|p1a: Kingambit|1
|-resisted|p1b: Blastoise|1
|-damage|p1a: Kingambit|13/100
|-damage|p1b: Blastoise|67/100
|-unboost|p2b: Gholdengo|spa|2
|-damage|p2b: Gholdengo|90/100|[from] item: Life Orb
|move|p1a: Kingambit|Swords Dance|p1a: Kingambit
|-boost|p1a: Kingambit|atk|2
|
|upkeep
|turn|2
|inactive|Zzsachi has 30 seconds left.
|
|t:|1784908529
|switch|p2a: Maushold|Maushold, L50|100/100
|switch|p1b: Sinistcha|Sinistcha, L50|100/100
|-heal|p1a: Kingambit|38/100|[from] ability: Hospitality|[of] p1b: Sinistcha
|move|p1a: Kingambit|Sucker Punch||[still]
|-fail|p1a: Kingambit
|move|p2b: Gholdengo|Shadow Ball|p1a: Kingambit
|-resisted|p1a: Kingambit|1
|-damage|p1a: Kingambit|27/100
|-unboost|p1a: Kingambit|spd|1
|-ability|p1a: Kingambit|Defiant|boost
|-boost|p1a: Kingambit|atk|2
|-damage|p2b: Gholdengo|81/100|[from] item: Life Orb
|
|upkeep
|turn|3
|
|t:|1784908553
|move|p2a: Maushold|Protect|p2a: Maushold
|-singleturn|p2a: Maushold|Protect
|move|p1a: Kingambit|Protect|p1a: Kingambit
|-singleturn|p1a: Kingambit|Protect
|move|p2b: Gholdengo|Shadow Ball|p1b: Sinistcha
|-supereffective|p1b: Sinistcha|1
|-damage|p1b: Sinistcha|54/100
|-damage|p2b: Gholdengo|71/100|[from] item: Life Orb
|move|p1b: Sinistcha|Life Dew|p1b: Sinistcha|[spread] p1a,p1b
|-heal|p1a: Kingambit|52/100
|-heal|p1b: Sinistcha|79/100
|
|upkeep
|turn|4
|
|t:|1784908574
|move|p2a: Maushold|Super Fang|p1a: Kingambit
|-damage|p1a: Kingambit|26/100
|move|p2b: Gholdengo|Shadow Ball|p1a: Kingambit
|-resisted|p1a: Kingambit|1
|-damage|p1a: Kingambit|7/100
|-damage|p2b: Gholdengo|62/100|[from] item: Life Orb
|move|p1b: Sinistcha|Matcha Gotcha|p2b: Gholdengo|[spread] p2a,p2b
|-resisted|p2b: Gholdengo|1
|-damage|p2a: Maushold|66/100
|-heal|p1b: Sinistcha|96/100|[from] drain|[of] p2a: Maushold
|-damage|p2b: Gholdengo|51/100
|-heal|p1b: Sinistcha|100/100|[from] drain|[of] p2b: Gholdengo
|move|p1a: Kingambit|Kowtow Cleave|p2b: Gholdengo
|-supereffective|p2b: Gholdengo|1
|-damage|p2b: Gholdengo|0 fnt
|faint|p2b: Gholdengo
|
|upkeep
|
|t:|1784908582
|switch|p2b: Venusaur|Venusaur, L50, F|100/100
|turn|5
|
|t:|1784908605
|switch|p1b: Sneasler|Sneasler, L50, M|100/100
|detailschange|p2b: Venusaur|Venusaur-Mega, L50, F
|-mega|p2b: Venusaur|Venusaur|Venusaurite
|move|p1a: Kingambit|Protect|p1a: Kingambit
|-singleturn|p1a: Kingambit|Protect
|move|p2a: Maushold|Super Fang|p1b: Sneasler
|-damage|p1b: Sneasler|50/100g
|move|p2b: Venusaur|Earth Power|p1b: Sneasler
|-supereffective|p1b: Sneasler|1
|-damage|p1b: Sneasler|0 fnt
|faint|p1b: Sneasler
|
|upkeep
|
|t:|1784908619
|switch|p1b: Blastoise|Blastoise, L50, F|67/100
|turn|6
|
|t:|1784908639
|detailschange|p1b: Blastoise|Blastoise-Mega, L50, F
|-mega|p1b: Blastoise|Blastoise|Blastoisinite
|move|p2a: Maushold|Follow Me|p2a: Maushold
|-singleturn|p2a: Maushold|move: Follow Me
|move|p1b: Blastoise|Dark Pulse|p2a: Maushold
|-damage|p2a: Maushold|5/100
|move|p2b: Venusaur|Earth Power|p1a: Kingambit
|-supereffective|p1a: Kingambit|1
|-damage|p1a: Kingambit|0 fnt
|faint|p1a: Kingambit
|
|upkeep
|
|t:|1784908648
|switch|p1a: Sinistcha|Sinistcha, L50|100/100
|-heal|p1b: Blastoise|92/100|[from] ability: Hospitality|[of] p1a: Sinistcha
|turn|7
|
|t:|1784908656
|move|p1b: Blastoise|Protect|p1b: Blastoise
|-singleturn|p1b: Blastoise|Protect
|move|p2a: Maushold|Follow Me|p2a: Maushold
|-singleturn|p2a: Maushold|move: Follow Me
|move|p2b: Venusaur|Giga Drain|p1b: Blastoise
|-activate|p1b: Blastoise|move: Protect
|move|p1a: Sinistcha|Matcha Gotcha|p2b: Venusaur|[spread] p2a,p2b
|-resisted|p2b: Venusaur|2
|-damage|p2a: Maushold|0 fnt
|-damage|p2b: Venusaur|96/100
|faint|p2a: Maushold
|
|upkeep
|
|t:|1784908658
|switch|p2a: Basculegion|Basculegion, L50, M|78/100
|turn|8
|
|t:|1784908676
|move|p1a: Sinistcha|Rage Powder|p1a: Sinistcha
|-singleturn|p1a: Sinistcha|move: Rage Powder
|move|p2a: Basculegion|Last Respects|p1a: Sinistcha
|-supereffective|p1a: Sinistcha|1
|-damage|p1a: Sinistcha|0 fnt
|faint|p1a: Sinistcha
|move|p1b: Blastoise|Dark Pulse|p2a: Basculegion
|-supereffective|p2a: Basculegion|1
|-damage|p2a: Basculegion|0 fnt
|faint|p2a: Basculegion
|move|p2b: Venusaur|Giga Drain|p1b: Blastoise
|-supereffective|p1b: Blastoise|1
|-damage|p1b: Blastoise|19/100
|-heal|p2b: Venusaur|100/100|[from] drain|[of] p1b: Blastoise
|
|upkeep
|turn|9
|
|t:|1784908682
|move|p1b: Blastoise|Water Spout|p2b: Venusaur
|-resisted|p2b: Venusaur|1
|-damage|p2b: Venusaur|92/100
|move|p2b: Venusaur|Giga Drain|p1b: Blastoise
|-supereffective|p1b: Blastoise|1
|-damage|p1b: Blastoise|0 fnt
|-heal|p2b: Venusaur|100/100|[from] drain|[of] p1b: Blastoise
|faint|p1b: Blastoise
|
|win|palle synchro
|raw|Zzsachi's rating: 1274 → 1257(-17 for losing)
|raw|palle synchro's rating: 1392 → 1405(+13 for winning)
