|j|☆quain4
|j|☆beppe_brescia
|html|quain4beppe_brescia    
|uhtml|bestof|Game 1 of a best-of-3
|t:|1757715791
|gametype|doubles
|player|p1|quain4|169|1146
|player|p2|beppe_brescia|rocketgrunt|1045
|gen|9
|tier|[Gen 9] VGC 2025 Reg H (Bo3)
|rated|
|rule|Species Clause: Limit one of each Pokémon
|rule|Item Clause: Limit 1 of each item
|clearpoke
|poke|p1|Amoonguss, L50, M|
|poke|p1|Tatsugiri, L50, M|
|poke|p1|Dondozo, L50, M|
|poke|p1|Archaludon, L50, M|
|poke|p1|Zoroark-Hisui, L50, M|
|poke|p1|Sneasler, L50, M|
|poke|p2|Vikavolt, L50, M|
|poke|p2|Porygon2, L50|
|poke|p2|Incineroar, L50, F|
|poke|p2|Hydrapple, L50, F|
|poke|p2|Ursaluna, L50, F|
|poke|p2|Sinistcha, L50|
|teampreview|4
|showteam|p1|Amoonguss||SitrusBerry|Regenerator|Protect,Spore,RagePowder,PollenPuff|||M|||50|,,,,,Water]Tatsugiri||ChoiceScarf|Commander|Protect,IcyWind,DracoMeteor,MuddyWater|||M|||50|,,,,,Dragon]Dondozo||AguavBerry|Unaware|WaveCrash,Earthquake,OrderUp,Yawn|||M|||50|,,,,,Grass]Archaludon||PowerHerb|Sturdy|ElectroShot,FlashCannon,DracoMeteor,Protect|||M|||50|,,,,,Electric]Zoroark-Hisui||FocusSash|Illusion|Protect,HyperVoice,NastyPlot,BitterMalice|||M|||50|,,,,,Normal]Sneasler||WhiteHerb|Unburden|Protect,ThroatChop,CloseCombat,DireClaw|||M|||50|,,,,,Dark
|showteam|p2|Vikavolt||AssaultVest|Levitate|TeraBlast,BugBuzz,Thunderbolt,VoltSwitch|||M|||50|,,,,,Water]Porygon2||Eviolite|Download|Recover,IceBeam,TeraBlast,TrickRoom||||||50|,,,,,Fire]Incineroar||RockyHelmet|Intimidate|PartingShot,KnockOff,FakeOut,FlareBlitz|||F|||50|,,,,,Grass]Hydrapple||SitrusBerry|Regenerator|Protect,NastyPlot,EnergyBall,FickleBeam|||F|||50|,,,,,Steel]Ursaluna||FlameOrb|Guts|Earthquake,HeadlongRush,Facade,Protect|||F|||50|,,,,,Normal]Sinistcha||Leftovers|Hospitality|MatchaGotcha,TrickRoom,RagePowder,StrengthSap||||||50|,,,,,Water
|inactive|Battle timer is ON: inactive players will automatically lose when time's up. (requested by quain4)
|inactive|quain4 has 60 seconds left.
|
|t:|1757715829
|teamsize|p1|4
|teamsize|p2|4
|start
|switch|p1a: Amoonguss|Amoonguss, L50, M|100/100
|switch|p1b: Dondozo|Dondozo, L50, M|100/100
|switch|p2a: Porygon2|Porygon2, L50|100/100
|switch|p2b: Incineroar|Incineroar, L50, F|100/100
|-ability|p2b: Incineroar|Intimidate|boost
|-unboost|p1a: Amoonguss|atk|1
|-unboost|p1b: Dondozo|atk|1
|-ability|p2a: Porygon2|Download|boost
|-boost|p2a: Porygon2|spa|1
|turn|1
|
|t:|1757715850
|move|p2b: Incineroar|Fake Out|p1a: Amoonguss
|-immune|p1a: Amoonguss
|move|p1a: Amoonguss|Nasty Plot|p1a: Amoonguss
|-boost|p1a: Amoonguss|spa|2
|move|p1b: Dondozo|Yawn|p2a: Porygon2
|-start|p2a: Porygon2|move: Yawn|[of] p1b: Dondozo
|move|p2a: Porygon2|Trick Room|p2a: Porygon2
|-fieldstart|move: Trick Room|[of] p2a: Porygon2
|
|upkeep
|turn|2
|inactive|quain4 has 30 seconds left.
|
|t:|1757715884
|switch|p2a: Ursaluna|Ursaluna, L50, F|100/100
|move|p1b: Dondozo|Yawn|p2b: Incineroar
|-start|p2b: Incineroar|move: Yawn|[of] p1b: Dondozo
|move|p2b: Incineroar|Knock Off|p1a: Amoonguss
|-supereffective|p1a: Amoonguss
|-enditem|p1a: Amoonguss|Focus Sash
|-damage|p1a: Amoonguss|1/100
|replace|p1a: Zoroark|Zoroark-Hisui, L50, M
|-end|p1a: Zoroark|Illusion
|move|p1a: Zoroark|Hyper Voice|p2a: Ursaluna|[spread] p2a,p2b
|-damage|p2a: Ursaluna|42/100
|-damage|p2b: Incineroar|12/100
|
|-status|p2a: Ursaluna|brn|[from] item: Flame Orb
|upkeep
|turn|3
|inactive|quain4 has 30 seconds left.
|
|t:|1757715909
|switch|p1b: Amoonguss|Amoonguss, L50, M|100/100
|switch|p2b: Vikavolt|Vikavolt, L50, M|100/100
|move|p2a: Ursaluna|Earthquake|p1a: Zoroark|[spread] p1a,p1b
|-immune|p2b: Vikavolt|[from] ability: Levitate
|-damage|p1a: Zoroark|0 fnt
|-damage|p1b: Amoonguss|32/100
|-enditem|p1b: Amoonguss|Sitrus Berry|[eat]
|-heal|p1b: Amoonguss|57/100|[from] item: Sitrus Berry
|faint|p1a: Zoroark
|
|-damage|p2a: Ursaluna|36/100 brn|[from] brn
|upkeep
|
|t:|1757715929
|switch|p1a: Dondozo|Dondozo, L50, M|100/100
|turn|4
|
|t:|1757715950
|-terastallize|p1a: Dondozo|Grass
|move|p1b: Amoonguss|Spore|p2b: Vikavolt
|-status|p2b: Vikavolt|slp|[from] move: Spore
|cant|p2b: Vikavolt|slp
|move|p2a: Ursaluna|Earthquake|p1b: Amoonguss|[spread] p1a,p1b
|-immune|p2b: Vikavolt|[from] ability: Levitate
|-resisted|p1a: Dondozo
|-damage|p1a: Dondozo|79/100
|-damage|p1b: Amoonguss|0 fnt
|faint|p1b: Amoonguss
|move|p1a: Dondozo|Order Up|p2a: Ursaluna
|-damage|p2a: Ursaluna|16/100 brn
|
|-damage|p2a: Ursaluna|10/100 brn|[from] brn
|upkeep
|
|t:|1757715959
|switch|p1b: Tatsugiri|Tatsugiri, L50, M|100/100
|-activate|p1b: Tatsugiri|ability: Commander|[of] p1a: Dondozo
|-boost|p1a: Dondozo|atk|2
|-boost|p1a: Dondozo|spa|2
|-boost|p1a: Dondozo|spe|2
|-boost|p1a: Dondozo|def|2
|-boost|p1a: Dondozo|spd|2
|turn|5
|
|t:|1757715978
|cant|p2b: Vikavolt|slp
|move|p2a: Ursaluna|Facade|p1a: Dondozo
|-damage|p1a: Dondozo|40/100
|move|p1a: Dondozo|Order Up|p2b: Vikavolt
|-damage|p2b: Vikavolt|50/100 slp
|-boost|p1a: Dondozo|atk|1
|
|-damage|p2a: Ursaluna|4/100 brn|[from] brn
|-fieldend|move: Trick Room
|upkeep
|turn|6
|
|t:|1757716002
|move|p1a: Dondozo|Order Up|p2a: Ursaluna
|-damage|p2a: Ursaluna|0 fnt
|faint|p2a: Ursaluna
|-boost|p1a: Dondozo|atk|1
|-curestatus|p2b: Vikavolt|slp|[msg]
|move|p2b: Vikavolt|Bug Buzz|p1a: Dondozo
|-supereffective|p1a: Dondozo
|-damage|p1a: Dondozo|0 fnt
|faint|p1a: Dondozo
|
|upkeep
|-message|quain4 forfeited.
|
|win|beppe_brescia
|l|☆quain4
|player|p1|
||quain4 is ready for game 2.
||beppe_brescia is ready for game 2.
|uhtml|next|Next: Game 2 of 3
