|j|☆Risklineing
|j|☆Marauder1
|html|RisklineingMarauder1    
|uhtml|bestof|Game 3 of a best-of-3
|t:|1784596461
|gametype|doubles
|player|p1|Risklineing|1|1220
|player|p2|Marauder1|265|1234
|gen|9
|tier|[Gen 9 Champions] VGC 2026 Reg M-B (Bo3)
|rated|
|rule|Species Clause: Limit one of each Pokémon
|rule|Item Clause: Limit 1 of each item
|clearpoke
|poke|p1|Staraptor, L50, F|
|poke|p1|Whimsicott, L50, M|
|poke|p1|Gholdengo, L50|
|poke|p1|Sinistcha, L50|
|poke|p1|Ceruledge, L50, M|
|poke|p1|Palafin, L50, F|
|poke|p2|Aerodactyl, L50, F|
|poke|p2|Gholdengo, L50|
|poke|p2|Tsareena, L50, F|
|poke|p2|Lopunny, L50, M|
|poke|p2|Basculegion, L50, M|
|poke|p2|Hydreigon, L50, F|
|teampreview|4
|showteam|p1|Staraptor||Staraptite|Intimidate|BraveBird,CloseCombat,Protect,Roost|Adamant||F|||50|]Whimsicott||FocusSash|Prankster|Tailwind,Charm,FakeTears,Moonblast|Modest||M|||50|]Gholdengo||LifeOrb|GoodasGold|NastyPlot,ShadowBall,MakeItRain,Protect|Modest|||||50|]Sinistcha||SitrusBerry|Hospitality|RagePowder,TrickRoom,MatchaGotcha,StrengthSap|Calm|||||50|]Ceruledge||Leftovers|FlashFire|BulkUp,BitterBlade,CloseCombat,ShadowSneak|Brave||M|||50|]Palafin||MysticWater|ZerotoHero|BulkUp,FlipTurn,WaveCrash,IcePunch|Adamant||F|||50|
|showteam|p2|Aerodactyl||FocusSash|Unnerve|RockSlide,DualWingbeat,Tailwind,Protect|Jolly||F|||50|]Gholdengo||LifeOrb|GoodasGold|MakeItRain,ShadowBall,PowerGem,Protect|Modest|||||50|]Tsareena||CobaBerry|QueenlyMajesty|TropKick,LowKick,Taunt,HelpingHand|Adamant||F|||50|]Lopunny||Lopunnite|Limber|FakeOut,CloseCombat,TripleAxel,Protect|Jolly||M|||50|]Basculegion||MysticWater|Adaptability|WaveCrash,LastRespects,AquaJet,Protect|Adamant||M|||50|]Hydreigon||ChoiceScarf|Levitate|DarkPulse,DracoMeteor,Flamethrower,EarthPower|Modest||F|||50|
|
|t:|1784596508
|teamsize|p1|4
|teamsize|p2|4
|start
|switch|p1a: Gholdengo|Gholdengo, L50|100/100
|switch|p1b: Whimsicott|Whimsicott, L50, M|100/100
|switch|p2a: Aerodactyl|Aerodactyl, L50, F|100/100
|switch|p2b: Gholdengo|Gholdengo, L50|100/100
|-ability|p2a: Aerodactyl|Unnerve
|turn|1
|
|t:|1784596532
|switch|p1a: Staraptor|Staraptor, L50, F|100/100
|-ability|p1a: Staraptor|Intimidate|boost
|-unboost|p2a: Aerodactyl|atk|1
|-unboost|p2b: Gholdengo|atk|1
|move|p2b: Gholdengo|Protect|p2b: Gholdengo
|-singleturn|p2b: Gholdengo|Protect
|move|p1b: Whimsicott|Tailwind|p1b: Whimsicott
|-sidestart|p1: Risklineing|move: Tailwind
|move|p2a: Aerodactyl|Tailwind|p2a: Aerodactyl
|-sidestart|p2: Marauder1|move: Tailwind
|
|upkeep
|turn|2
|
|t:|1784596560
|detailschange|p1a: Staraptor|Staraptor-Mega, L50, F
|-mega|p1a: Staraptor|Staraptor|Staraptite
|move|p1b: Whimsicott|Charm|p1a: Staraptor
|-boost|p1a: Staraptor|atk|2
|move|p2a: Aerodactyl|Dual Wingbeat|p1a: Staraptor
|-supereffective|p1a: Staraptor|1
|-damage|p1a: Staraptor|76/100
|-supereffective|p1a: Staraptor|1
|-damage|p1a: Staraptor|53/100
|-hitcount|p1a: Staraptor|2
|move|p2b: Gholdengo|Shadow Ball|p1a: Staraptor
|-damage|p1a: Staraptor|5/100
|-damage|p2b: Gholdengo|90/100|[from] item: Life Orb
|move|p1a: Staraptor|Brave Bird|p2a: Aerodactyl
|-resisted|p2a: Aerodactyl|1
|-damage|p2a: Aerodactyl|5/100
|-damage|p1a: Staraptor|0 fnt|[from] Recoil
|faint|p1a: Staraptor
|
|upkeep
|
|t:|1784596580
|switch|p1a: Sinistcha|Sinistcha, L50|100/100
|turn|3
|
|t:|1784596601
|switch|p2a: Lopunny|Lopunny, L50, M|100/100
|move|p1b: Whimsicott|Moonblast|p2b: Gholdengo
|-resisted|p2b: Gholdengo|1
|-damage|p2b: Gholdengo|67/100
|move|p2b: Gholdengo|Shadow Ball|p1a: Sinistcha
|-supereffective|p1a: Sinistcha|1
|-damage|p1a: Sinistcha|0 fnt
|faint|p1a: Sinistcha
|-damage|p2b: Gholdengo|57/100|[from] item: Life Orb
|
|upkeep
|
|t:|1784596613
|switch|p1a: Gholdengo|Gholdengo, L50|100/100
|turn|4
|
|t:|1784596627
|detailschange|p2a: Lopunny|Lopunny-Mega, L50, M
|-mega|p2a: Lopunny|Lopunny|Lopunnite
|move|p1a: Gholdengo|Protect|p1a: Gholdengo
|-singleturn|p1a: Gholdengo|Protect
|move|p1b: Whimsicott|Charm|p2a: Lopunny
|-unboost|p2a: Lopunny|atk|2
|move|p2a: Lopunny|Triple Axel|p1b: Whimsicott
|-supereffective|p1b: Whimsicott|1
|-damage|p1b: Whimsicott|86/100
|-supereffective|p1b: Whimsicott|1
|-damage|p1b: Whimsicott|62/100
|-supereffective|p1b: Whimsicott|1
|-damage|p1b: Whimsicott|28/100
|-hitcount|p1b: Whimsicott|3
|move|p2b: Gholdengo|Shadow Ball|p1a: Gholdengo
|-activate|p1a: Gholdengo|move: Protect
|
|-sideend|p2: Marauder1|move: Tailwind
|-sideend|p1: Risklineing|move: Tailwind
|upkeep
|turn|5
|
|t:|1784596660
|move|p2b: Gholdengo|Protect|p2b: Gholdengo
|-singleturn|p2b: Gholdengo|Protect
|move|p1b: Whimsicott|Tailwind|p1b: Whimsicott
|-sidestart|p1: Risklineing|move: Tailwind
|move|p1a: Gholdengo|Shadow Ball|p2b: Gholdengo
|-activate|p2b: Gholdengo|move: Protect
|move|p2a: Lopunny|Triple Axel|p1b: Whimsicott|[miss]
|-miss|p2a: Lopunny|p1b: Whimsicott
|
|upkeep
|turn|6
|
|t:|1784596685
|switch|p2b: Aerodactyl|Aerodactyl, L50, F|5/100
|-ability|p2b: Aerodactyl|Unnerve
|move|p1b: Whimsicott|Moonblast|p2a: Lopunny
|-supereffective|p2a: Lopunny|1
|-damage|p2a: Lopunny|0 fnt
|faint|p2a: Lopunny
|move|p1a: Gholdengo|Shadow Ball|p2b: Aerodactyl
|-damage|p2b: Aerodactyl|0 fnt
|faint|p2b: Aerodactyl
|-damage|p1a: Gholdengo|90/100|[from] item: Life Orb
|
|upkeep
|
|t:|1784596692
|switch|p2a: Gholdengo|Gholdengo, L50|57/100
|switch|p2b: Basculegion|Basculegion, L50, M|100/100
|turn|7
|
|t:|1784596723
|move|p1a: Gholdengo|Protect|p1a: Gholdengo
|-singleturn|p1a: Gholdengo|Protect
|move|p2a: Gholdengo|Protect|p2a: Gholdengo
|-singleturn|p2a: Gholdengo|Protect
|move|p2b: Basculegion|Protect|p2b: Basculegion
|-singleturn|p2b: Basculegion|Protect
|move|p1b: Whimsicott|Charm|p2b: Basculegion
|-activate|p2b: Basculegion|move: Protect
|
|upkeep
|turn|8
|
|t:|1784596747
|move|p1b: Whimsicott|Charm|p2b: Basculegion
|-unboost|p2b: Basculegion|atk|2
|move|p1a: Gholdengo|Shadow Ball|p2a: Gholdengo
|-supereffective|p2a: Gholdengo|1
|-damage|p2a: Gholdengo|0 fnt
|faint|p2a: Gholdengo
|-damage|p1a: Gholdengo|80/100|[from] item: Life Orb
|move|p2b: Basculegion|Last Respects|p1a: Gholdengo
|-supereffective|p1a: Gholdengo|1
|-damage|p1a: Gholdengo|0 fnt
|faint|p1a: Gholdengo
|
|-sideend|p1: Risklineing|move: Tailwind
|upkeep
|turn|9
|
|t:|1784596766
|move|p1b: Whimsicott|Moonblast|p2b: Basculegion
|-damage|p2b: Basculegion|61/100
|move|p2b: Basculegion|Last Respects|p1b: Whimsicott
|-damage|p1b: Whimsicott|0 fnt
|faint|p1b: Whimsicott
|
|win|Marauder1
|raw|Risklineing's rating: 1220 → 1196(-24 for losing)
|raw|Marauder1's rating: 1234 → 1258(+24 for winning)
