|j|☆Taste the raynbow
|j|☆blfuller_4
|html|Taste the raynbowblfuller_4    
|uhtml|bestof|Game 2 of a best-of-3
|t:|1757912638
|gametype|doubles
|player|p1|Taste the raynbow|steven-masters2|1118
|player|p2|blfuller_4|skyla|1175
|gen|9
|tier|[Gen 9] VGC 2025 Reg H (Bo3)
|rated|
|rule|Species Clause: Limit one of each Pokémon
|rule|Item Clause: Limit 1 of each item
|clearpoke
|poke|p1|Sableye, L50, F|
|poke|p1|Dragonite, L50, F|
|poke|p1|Annihilape, L50, F|
|poke|p1|Rillaboom, L50, M|
|poke|p1|Ursaluna-Bloodmoon, L50, M|
|poke|p1|Maushold-Four, L50|
|poke|p2|Incineroar, L50, M|
|poke|p2|Jumpluff, L50, F|
|poke|p2|Torkoal, L50, M|
|poke|p2|Porygon2, L50|
|poke|p2|Ursaluna, L50, F|
|poke|p2|Typhlosion-Hisui, L50, M|
|teampreview|4
|showteam|p1|Sableye||LightClay|Prankster|Disable,Taunt,LightScreen,Reflect|||F|||50|,,,,,Grass]Dragonite||LoadedDice|Multiscale|ScaleShot,Haze,Tailwind,Protect|||F|||50|,,,,,Normal]Annihilape||SitrusBerry|Defiant|RageFist,DrainPunch,BulkUp,Protect|||F|||50|,,,,,Water]Rillaboom||MiracleSeed|GrassySurge|FakeOut,GrassyGlide,WoodHammer,HighHorsepower|||M|||50|,,,,,Water]Ursaluna-Bloodmoon||AssaultVest|MindsEye|BloodMoon,HyperVoice,EarthPower,VacuumWave|||M|||50|,,,,,Ghost]Maushold-Four||WideLens|FriendGuard|PopulationBomb,FollowMe,Encore,Protect||||||50|,,,,,Ghost
|showteam|p2|Incineroar||SitrusBerry|Intimidate|FlareBlitz,KnockOff,PartingShot,FakeOut|||M|||50|,,,,,Ghost]Jumpluff||CovertCloak|Chlorophyll|SleepPowder,Tailwind,RagePowder,SunnyDay|||F|||50|,,,,,Water]Torkoal||EjectPack|Drought|Overheat,HelpingHand,Eruption,Protect|||M|||50|,,,,,Fire]Porygon2||Eviolite|Download|IceBeam,TeraBlast,TrickRoom,Recover||||||50|,,,,,Fighting]Ursaluna||FlameOrb|Guts|HeadlongRush,Earthquake,Facade,Protect|||F|||50|,,,,,Ghost]Typhlosion-Hisui||ChoiceSpecs|Blaze|Eruption,Overheat,HeatWave,ShadowBall|||M|||50|,,,,,Fire
|
|t:|1757912656
|teamsize|p1|4
|teamsize|p2|4
|start
|switch|p1a: Sableye|Sableye, L50, F|100/100
|switch|p1b: Ursaluna|Ursaluna-Bloodmoon, L50, M|100/100
|switch|p2a: Torkoal|Torkoal, L50, M|100/100
|switch|p2b: Typhlosion|Typhlosion-Hisui, L50, M|100/100
|-weather|SunnyDay|[from] ability: Drought|[of] p2a: Torkoal
|turn|1
|
|t:|1757912675
|-terastallize|p2b: Typhlosion|Fire
|move|p2a: Torkoal|Helping Hand|p2b: Typhlosion
|-singleturn|p2b: Typhlosion|Helping Hand|[of] p2a: Torkoal
|move|p1a: Sableye|Light Screen|p1a: Sableye
|-sidestart|p1: Taste the raynbow|move: Light Screen
|move|p2b: Typhlosion|Eruption|p1b: Ursaluna|[spread] p1a,p1b
|-crit|p1b: Ursaluna
|-damage|p1a: Sableye|0 fnt
|-damage|p1b: Ursaluna|0 fnt
|faint|p1a: Sableye
|faint|p1b: Ursaluna
|
|-weather|SunnyDay|[upkeep]
|upkeep
|
|t:|1757912686
|switch|p1b: Dragonite|Dragonite, L50, F|100/100
|switch|p1a: Annihilape|Annihilape, L50, F|100/100
|turn|2
|
|t:|1757912702
|-terastallize|p1a: Annihilape|Water
|move|p2b: Typhlosion|Eruption|p1a: Annihilape|[spread] p1a,p1b
|-resisted|p1a: Annihilape
|-resisted|p1b: Dragonite
|-damage|p1a: Annihilape|52/100
|-damage|p1b: Dragonite|71/100
|move|p1a: Annihilape|Bulk Up|p1a: Annihilape
|-boost|p1a: Annihilape|atk|1
|-boost|p1a: Annihilape|def|1
|move|p1b: Dragonite|Scale Shot|p2a: Torkoal
|-damage|p2a: Torkoal|90/100
|-damage|p2a: Torkoal|79/100
|-damage|p2a: Torkoal|68/100
|-damage|p2a: Torkoal|58/100
|-damage|p2a: Torkoal|47/100
|-hitcount|p2a: Torkoal|5
|-unboost|p1b: Dragonite|def|1
|-boost|p1b: Dragonite|spe|1
|move|p2a: Torkoal|Overheat|p1b: Dragonite|[miss]
|-miss|p2a: Torkoal|p1b: Dragonite
|
|-weather|SunnyDay|[upkeep]
|upkeep
|turn|3
|
|t:|1757912733
|move|p1b: Dragonite|Tailwind|p1b: Dragonite
|-sidestart|p1: Taste the raynbow|move: Tailwind
|move|p1a: Annihilape|Rage Fist|p2b: Typhlosion
|-damage|p2b: Typhlosion|9/100
|move|p2b: Typhlosion|Eruption|p1b: Dragonite|[spread] p1a,p1b
|-resisted|p1a: Annihilape
|-resisted|p1b: Dragonite
|-damage|p1a: Annihilape|45/100
|-damage|p1b: Dragonite|63/100
|-enditem|p1a: Annihilape|Sitrus Berry|[eat]
|-heal|p1a: Annihilape|70/100|[from] item: Sitrus Berry
|move|p2a: Torkoal|Overheat|p1b: Dragonite
|-resisted|p1b: Dragonite
|-damage|p1b: Dragonite|32/100
|-unboost|p2a: Torkoal|spa|2
|-enditem|p2a: Torkoal|Eject Pack
|
|t:|1757912748
|switch|p2a: Jumpluff|Jumpluff, L50, F|100/100
|
|-weather|SunnyDay|[upkeep]
|upkeep
|turn|4
|
|t:|1757912758
|switch|p2b: Ursaluna|Ursaluna, L50, F|100/100
|move|p1b: Dragonite|Scale Shot|p2b: Ursaluna
|-damage|p2b: Ursaluna|90/100
|-damage|p2b: Ursaluna|78/100
|-damage|p2b: Ursaluna|67/100
|-damage|p2b: Ursaluna|57/100
|-damage|p2b: Ursaluna|45/100
|-hitcount|p2b: Ursaluna|5
|-unboost|p1b: Dragonite|def|1
|-boost|p1b: Dragonite|spe|1
|move|p2a: Jumpluff|Sleep Powder|p1a: Annihilape
|-status|p1a: Annihilape|slp|[from] move: Sleep Powder
|cant|p1a: Annihilape|slp
|
|-weather|SunnyDay|[upkeep]
|-status|p2b: Ursaluna|brn|[from] item: Flame Orb
|upkeep
|turn|5
|
|t:|1757912782
|move|p1b: Dragonite|Protect|p1b: Dragonite
|-singleturn|p1b: Dragonite|Protect
|move|p2a: Jumpluff|Rage Powder|p2a: Jumpluff
|-singleturn|p2a: Jumpluff|move: Rage Powder
|cant|p1a: Annihilape|slp
|move|p2b: Ursaluna|Facade|p1b: Dragonite
|-activate|p1b: Dragonite|move: Protect
|
|-weather|none
|-damage|p2b: Ursaluna|39/100 brn|[from] brn
|upkeep
|turn|6
|
|t:|1757912804
|move|p2a: Jumpluff|Rage Powder|p2a: Jumpluff
|-singleturn|p2a: Jumpluff|move: Rage Powder
|move|p1b: Dragonite|Scale Shot|p2a: Jumpluff
|-damage|p2a: Jumpluff|83/100
|-damage|p2a: Jumpluff|67/100
|-damage|p2a: Jumpluff|49/100
|-damage|p2a: Jumpluff|32/100
|-damage|p2a: Jumpluff|14/100
|-hitcount|p2a: Jumpluff|5
|-unboost|p1b: Dragonite|def|1
|-boost|p1b: Dragonite|spe|1
|-curestatus|p1a: Annihilape|slp|[msg]
|move|p1a: Annihilape|Rage Fist|p2a: Jumpluff
|-damage|p2a: Jumpluff|0 fnt
|faint|p2a: Jumpluff
|move|p2b: Ursaluna|Facade|p1b: Dragonite
|-damage|p1b: Dragonite|0 fnt
|faint|p1b: Dragonite
|
|-damage|p2b: Ursaluna|34/100 brn|[from] brn
|-sideend|p1: Taste the raynbow|move: Tailwind
|upkeep
|
|t:|1757912812
|switch|p2a: Typhlosion|Typhlosion-Hisui, L50, M, tera:Fire|9/100
|turn|7
|
|t:|1757912827
|switch|p2a: Torkoal|Torkoal, L50, M|47/100
|-weather|SunnyDay|[from] ability: Drought|[of] p2a: Torkoal
|move|p1a: Annihilape|Protect|p1a: Annihilape
|-singleturn|p1a: Annihilape|Protect
|move|p2b: Ursaluna|Facade|p1a: Annihilape
|-activate|p1a: Annihilape|move: Protect
|
|-weather|SunnyDay|[upkeep]
|-damage|p2b: Ursaluna|28/100 brn|[from] brn
|upkeep
|turn|8
|
|t:|1757912845
|move|p1a: Annihilape|Drain Punch|p2b: Ursaluna
|-supereffective|p2b: Ursaluna
|-damage|p2b: Ursaluna|0 fnt
|-heal|p1a: Annihilape|84/100|[from] drain|[of] p2b: Ursaluna
|faint|p2b: Ursaluna
|move|p2a: Torkoal|Overheat|p1a: Annihilape
|-resisted|p1a: Annihilape
|-damage|p1a: Annihilape|59/100
|-unboost|p2a: Torkoal|spa|2
|
|-weather|SunnyDay|[upkeep]
|-sideend|p1: Taste the raynbow|move: Light Screen
|upkeep
|
|t:|1757912852
|switch|p2b: Typhlosion|Typhlosion-Hisui, L50, M, tera:Fire|9/100
|turn|9
|
|t:|1757912860
|move|p2a: Torkoal|Helping Hand|p2b: Typhlosion
|-singleturn|p2b: Typhlosion|Helping Hand|[of] p2a: Torkoal
|move|p1a: Annihilape|Protect|p1a: Annihilape
|-singleturn|p1a: Annihilape|Protect
|move|p2b: Typhlosion|Overheat|p1a: Annihilape
|-activate|p1a: Annihilape|move: Protect
|
|-weather|SunnyDay|[upkeep]
|upkeep
|turn|10
|
|t:|1757912874
|move|p2a: Torkoal|Helping Hand|p2b: Typhlosion
|-singleturn|p2b: Typhlosion|Helping Hand|[of] p2a: Torkoal
|move|p2b: Typhlosion|Overheat|p1a: Annihilape
|-resisted|p1a: Annihilape
|-damage|p1a: Annihilape|0 fnt
|-unboost|p2b: Typhlosion|spa|2
|faint|p1a: Annihilape
|
|win|blfuller_4
||Taste the raynbow is ready for game 3.
||blfuller_4 is ready for game 3.
|uhtml|next|Next: Game 3 of 3
