|j|☆gobblemyflobble
|j|☆Bouloukos
|html|gobblemyflobbleBouloukos    
|uhtml|bestof|Game 1 of a best-of-3
|t:|1782748915
|gametype|doubles
|player|p1|gobblemyflobble|101|1014
|player|p2|Bouloukos|bugcatcher-gen4dp|1084
|gen|9
|tier|[Gen 9 Champions] VGC 2026 Reg M-B (Bo3)
|rated|
|rule|Species Clause: Limit one of each Pokémon
|rule|Item Clause: Limit 1 of each item
|clearpoke
|poke|p1|Swampert, L50, M|
|poke|p1|Pelipper, L50, F|
|poke|p1|Metagross, L50|
|poke|p1|Sinistcha-Masterpiece, L50|
|poke|p1|Archaludon, L50, M|
|poke|p1|Grimmsnarl, L50, M|
|poke|p2|Incineroar, L50, F|
|poke|p2|Scrafty, L50, F|
|poke|p2|Gengar, L50, M|
|poke|p2|Ninetales-Alola, L50, M|
|poke|p2|Snorlax, L50, M|
|poke|p2|Dragonite, L50, M|
|teampreview|4
|showteam|p1|Swampert||Swampertite|Torrent|WaveCrash,Protect,IcePunch,Earthquake|Adamant||M|||50|]Pelipper||SitrusBerry|Drizzle|WideGuard,Tailwind,WeatherBall,IceBeam|Modest||F|||50|]Metagross||Metagrossite|ClearBody|MeteorMash,PsychicFangs,StompingTantrum,Protect|Jolly|||||50|]Sinistcha-Masterpiece||CobaBerry|Hospitality|MatchaGotcha,RagePowder,Protect,LifeDew|Bold|||||50|]Archaludon||Leftovers|Stamina|ElectroShot,DragonPulse,FlashCannon,Protect|Timid||M|||50|]Grimmsnarl||LightClay|Prankster|Reflect,LightScreen,PartingShot,Taunt|Calm||M|||50|
|showteam|p2|Incineroar||SitrusBerry|Intimidate|Protect,FakeOut,Overheat,PartingShot|Relaxed||F|||50|]Scrafty||Scraftinite|Intimidate|Detect,FakeOut,DrainPunch,KnockOff|Careful||F|||50|]Gengar||Gengarite|CursedBody|Protect,ShadowBall,SludgeBomb,PerishSong|Modest||M|||50|]Ninetales-Alola||FocusSash|SnowWarning|Protect,Blizzard,Encore,Disable|Timid||M|||50|]Snorlax||Leftovers|ThickFat|Protect,Fissure,Yawn,Encore|Relaxed||M|||50|]Dragonite||DragonFang|Multiscale|Protect,DragonClaw,LowKick,ExtremeSpeed|Adamant||M|||50|
|inactive|Battle timer is ON: inactive players will automatically lose when time's up. (requested by gobblemyflobble)
|inactive|gobblemyflobble has 60 seconds left.
|inactive|Bouloukos has 60 seconds left.
|inactive|gobblemyflobble has 30 seconds left.
|
|t:|1782748980
|teamsize|p1|4
|teamsize|p2|4
|start
|switch|p1a: Swampert|Swampert, L50, M|100/100
|switch|p1b: Pelipper|Pelipper, L50, F|100/100
|switch|p2a: Gengar|Gengar, L50, M|100/100
|switch|p2b: Snorlax|Snorlax, L50, M|100/100
|-weather|RainDance|[from] ability: Drizzle|[of] p1b: Pelipper
|turn|1
|inactive|Bouloukos has 30 seconds left.
|
|t:|1782749006
|switch|p1b: Archaludon|Archaludon, L50, M|100/100
|detailschange|p2a: Gengar|Gengar-Mega, L50, M
|-mega|p2a: Gengar|Gengar|Gengarite
|detailschange|p1a: Swampert|Swampert-Mega, L50, M
|-mega|p1a: Swampert|Swampert|Swampertite
|move|p2a: Gengar|Protect|p2a: Gengar
|-singleturn|p2a: Gengar|Protect
|move|p1a: Swampert|Earthquake|p2b: Snorlax|[spread] p1b,p2b
|-activate|p2a: Gengar|move: Protect
|-supereffective|p1b: Archaludon|1
|-damage|p1b: Archaludon|24/100
|-damage|p2b: Snorlax|70/100
|-ability|p1b: Archaludon|Stamina|boost
|-boost|p1b: Archaludon|def|1
|move|p2b: Snorlax|Yawn|p1a: Swampert
|-start|p1a: Swampert|move: Yawn|[of] p2b: Snorlax
|
|-weather|RainDance|[upkeep]
|-heal|p1b: Archaludon|30/100|[from] item: Leftovers
|-heal|p2b: Snorlax|76/100|[from] item: Leftovers
|upkeep
|turn|2
|inactive|Bouloukos has 30 seconds left.
|
|t:|1782749039
|switch|p2a: Scrafty|Scrafty, L50, F|100/100
|-ability|p2a: Scrafty|Intimidate|boost
|-unboost|p1a: Swampert|atk|1
|-unboost|p1b: Archaludon|atk|1
|switch|p2b: Ninetales|Ninetales-Alola, L50, M|100/100
|-weather|Snowscape|[from] ability: Snow Warning|[of] p2b: Ninetales
|move|p1b: Archaludon|Protect|p1b: Archaludon
|-singleturn|p1b: Archaludon|Protect
|move|p1a: Swampert|Earthquake|p2b: Ninetales|[spread] p2a,p2b
|-activate|p1b: Archaludon|move: Protect
|-damage|p2a: Scrafty|72/100
|-damage|p2b: Ninetales|67/100
|
|-weather|Snowscape|[upkeep]
|-heal|p1b: Archaludon|36/100|[from] item: Leftovers
|-end|p1a: Swampert|move: Yawn|[silent]
|-status|p1a: Swampert|slp
|upkeep
|turn|3
|
|t:|1782749064
|switch|p1b: Pelipper|Pelipper, L50, F|100/100
|-weather|RainDance|[from] ability: Drizzle|[of] p1b: Pelipper
|switch|p2a: Gengar|Gengar-Mega, L50, M|100/100
|cant|p1a: Swampert|slp
|move|p2b: Ninetales|Encore||[still]
|-fail|p2b: Ninetales
|
|-weather|RainDance|[upkeep]
|upkeep
|turn|4
|inactive|gobblemyflobble has 30 seconds left.
|inactive|Bouloukos has 30 seconds left.
|
|t:|1782749097
|switch|p2b: Scrafty|Scrafty, L50, F|72/100
|-ability|p2b: Scrafty|Intimidate|boost
|-unboost|p1a: Swampert|atk|1
|-unboost|p1b: Pelipper|atk|1
|move|p2a: Gengar|Protect|p2a: Gengar
|-singleturn|p2a: Gengar|Protect
|cant|p1a: Swampert|slp
|move|p1b: Pelipper|Weather Ball|p2b: Scrafty
|-damage|p2b: Scrafty|26/100
|
|-weather|RainDance|[upkeep]
|upkeep
|turn|5
|inactive|Bouloukos has 30 seconds left.
|
|t:|1782749128
|move|p2b: Scrafty|Fake Out|p1b: Pelipper
|-damage|p1b: Pelipper|90/100
|-curestatus|p1a: Swampert|slp|[msg]
|move|p1a: Swampert|Earthquake|p2b: Scrafty|[spread] p2a,p2b
|-immune|p1b: Pelipper
|-supereffective|p2a: Gengar|1
|-damage|p2a: Gengar|51/100
|-damage|p2b: Scrafty|4/100
|move|p2a: Gengar|Perish Song|p2a: Gengar
|-start|p1a: Swampert|perish3|[silent]
|-start|p1b: Pelipper|perish3|[silent]
|-start|p2a: Gengar|perish3|[silent]
|-start|p2b: Scrafty|perish3|[silent]
|-fieldactivate|move: Perish Song
|cant|p1b: Pelipper|flinch
|
|-weather|RainDance|[upkeep]
|-start|p1a: Swampert|perish3
|-start|p2a: Gengar|perish3
|-start|p1b: Pelipper|perish3
|-start|p2b: Scrafty|perish3
|upkeep
|turn|6
|
|t:|1782749152
|switch|p2b: Ninetales|Ninetales-Alola, L50, M|67/100
|-weather|Snowscape|[from] ability: Snow Warning|[of] p2b: Ninetales
|move|p2a: Gengar|Protect|p2a: Gengar
|-singleturn|p2a: Gengar|Protect
|move|p1a: Swampert|Earthquake|p2b: Ninetales|[spread] p2b
|-activate|p2a: Gengar|move: Protect
|-immune|p1b: Pelipper
|-damage|p2b: Ninetales|42/100
|move|p1b: Pelipper|Weather Ball|p2b: Ninetales
|-resisted|p2b: Ninetales|1
|-damage|p2b: Ninetales|24/100
|
|-weather|Snowscape|[upkeep]
|-start|p2a: Gengar|perish2
|-start|p1a: Swampert|perish2
|-start|p1b: Pelipper|perish2
|upkeep
|turn|7
|inactive|Bouloukos has 30 seconds left.
|inactive|gobblemyflobble has 30 seconds left.
|inactive|Bouloukos has 20 seconds left.
|
|t:|1782749192
|move|p2b: Ninetales|Disable|p1a: Swampert
|-start|p1a: Swampert|Disable|Earthquake
|move|p2a: Gengar|Sludge Bomb|p1b: Pelipper
|-damage|p1b: Pelipper|10/100
|-enditem|p1b: Pelipper|Sitrus Berry|[eat]
|-heal|p1b: Pelipper|35/100|[from] item: Sitrus Berry
|move|p1a: Swampert|Wave Crash|p2a: Gengar
|-damage|p2a: Gengar|10/100
|-damage|p1a: Swampert|87/100|[from] Recoil
|move|p1b: Pelipper|Weather Ball|p2a: Gengar
|-damage|p2a: Gengar|0 fnt
|faint|p2a: Gengar
|
|-weather|Snowscape|[upkeep]
|-start|p1a: Swampert|perish1
|-start|p1b: Pelipper|perish1
|upkeep
|
|t:|1782749208
|switch|p2a: Scrafty|Scrafty, L50, F|4/100
|-ability|p2a: Scrafty|Intimidate|boost
|-unboost|p1a: Swampert|atk|1
|-unboost|p1b: Pelipper|atk|1
|turn|8
|
|t:|1782749216
|switch|p1a: Sinistcha|Sinistcha-Masterpiece, L50|100/100
|-heal|p1b: Pelipper|59/100|[from] ability: Hospitality|[of] p1a: Sinistcha
|switch|p1b: Archaludon|Archaludon, L50, M|36/100
|move|p2b: Ninetales|Blizzard|p1b: Archaludon|[spread] p1a,p1b
|-supereffective|p1a: Sinistcha|1
|-damage|p1a: Sinistcha|29/100
|-damage|p1b: Archaludon|0 fnt
|faint|p1b: Archaludon
|move|p2a: Scrafty|Drain Punch|p1a: Sinistcha
|-immune|p1a: Sinistcha
|
|-weather|Snowscape|[upkeep]
|upkeep
|
|t:|1782749231
|switch|p1b: Pelipper|Pelipper, L50, F|59/100
|-weather|RainDance|[from] ability: Drizzle|[of] p1b: Pelipper
|turn|9
|inactive|gobblemyflobble has 30 seconds left.
|
|t:|1782749258
|switch|p1a: Swampert|Swampert-Mega, L50, M|87/100
|switch|p2a: Snorlax|Snorlax, L50, M|76/100
|move|p2b: Ninetales|Protect|p2b: Ninetales
|-singleturn|p2b: Ninetales|Protect
|move|p1b: Pelipper|Wide Guard||[still]
|-fail|p1b: Pelipper
|
|-weather|RainDance|[upkeep]
|-heal|p2a: Snorlax|82/100|[from] item: Leftovers
|upkeep
|turn|10
|inactive|Bouloukos has 30 seconds left.
|
|t:|1782749290
|switch|p2b: Scrafty|Scrafty, L50, F|4/100
|-ability|p2b: Scrafty|Intimidate|boost
|-unboost|p1a: Swampert|atk|1
|-unboost|p1b: Pelipper|atk|1
|switch|p1b: Sinistcha|Sinistcha-Masterpiece, L50|29/100
|-heal|p1a: Swampert|100/100|[from] ability: Hospitality|[of] p1b: Sinistcha
|move|p1a: Swampert|Wave Crash|p2b: Scrafty
|-damage|p2b: Scrafty|0 fnt
|faint|p2b: Scrafty
|-damage|p1a: Swampert|98/100|[from] Recoil
|move|p2a: Snorlax|Fissure|p1a: Swampert|[miss]
|-miss|p2a: Snorlax|p1a: Swampert
|
|-weather|RainDance|[upkeep]
|-heal|p2a: Snorlax|89/100|[from] item: Leftovers
|upkeep
|
|t:|1782749301
|switch|p2b: Ninetales|Ninetales-Alola, L50, M|24/100
|-weather|Snowscape|[from] ability: Snow Warning|[of] p2b: Ninetales
|turn|11
|
|t:|1782749320
|switch|p1a: Pelipper|Pelipper, L50, F|59/100
|-weather|RainDance|[from] ability: Drizzle|[of] p1a: Pelipper
|move|p2b: Ninetales|Protect|p2b: Ninetales
|-singleturn|p2b: Ninetales|Protect
|move|p1b: Sinistcha|Protect|p1b: Sinistcha
|-singleturn|p1b: Sinistcha|Protect
|move|p2a: Snorlax|Fissure|p1a: Pelipper
|-immune|p1a: Pelipper
|
|-weather|RainDance|[upkeep]
|-heal|p2a: Snorlax|95/100|[from] item: Leftovers
|upkeep
|turn|12
|
|t:|1782749341
|switch|p1a: Swampert|Swampert-Mega, L50, M|98/100
|move|p1b: Sinistcha|Rage Powder|p1b: Sinistcha
|-singleturn|p1b: Sinistcha|move: Rage Powder
|move|p2b: Ninetales|Blizzard|p1a: Swampert|[spread] p1a,p1b
|-supereffective|p1b: Sinistcha|1
|-damage|p1a: Swampert|68/100
|-damage|p1b: Sinistcha|0 fnt
|faint|p1b: Sinistcha
|move|p2a: Snorlax|Fissure|p1a: Swampert|[miss]
|-miss|p2a: Snorlax|p1a: Swampert
|
|-weather|RainDance|[upkeep]
|-heal|p2a: Snorlax|100/100|[from] item: Leftovers
|upkeep
|
|t:|1782749350
|switch|p1b: Pelipper|Pelipper, L50, F|59/100
|turn|13
|
|t:|1782749359
|move|p1a: Swampert|Wave Crash|p2a: Snorlax
|-damage|p2a: Snorlax|26/100
|-damage|p1a: Swampert|33/100|[from] Recoil
|move|p2b: Ninetales|Blizzard|p1a: Swampert|[spread] p1a,p1b
|-damage|p1a: Swampert|3/100
|-damage|p1b: Pelipper|13/100
|move|p1b: Pelipper|Weather Ball|p2a: Snorlax
|-damage|p2a: Snorlax|0 fnt
|faint|p2a: Snorlax
|
|-weather|RainDance|[upkeep]
|upkeep
|turn|14
|
|t:|1782749373
|move|p2b: Ninetales|Protect|p2b: Ninetales
|-singleturn|p2b: Ninetales|Protect
|move|p1a: Swampert|Wave Crash|p2b: Ninetales
|-activate|p2b: Ninetales|move: Protect
|move|p1b: Pelipper|Weather Ball|p2b: Ninetales
|-activate|p2b: Ninetales|move: Protect
|
|-weather|RainDance|[upkeep]
|upkeep
|turn|15
|
|t:|1782749379
|move|p2b: Ninetales|Protect|p2b: Ninetales
|-singleturn|p2b: Ninetales|Protect
|move|p1a: Swampert|Wave Crash|p2b: Ninetales
|-activate|p2b: Ninetales|move: Protect
|move|p1b: Pelipper|Weather Ball|p2b: Ninetales
|-activate|p2b: Ninetales|move: Protect
|
|-weather|none
|upkeep
|turn|16
|
|t:|1782749403
|move|p1a: Swampert|Protect|p1a: Swampert
|-singleturn|p1a: Swampert|Protect
|move|p2b: Ninetales|Blizzard|p1b: Pelipper|[spread] p1b
|-activate|p1a: Swampert|move: Protect
|-damage|p1b: Pelipper|0 fnt
|faint|p1b: Pelipper
|
|upkeep
|turn|17
|
|t:|1782749411
|move|p2b: Ninetales|Encore|p1a: Swampert
|-start|p1a: Swampert|Encore
|move|p1a: Swampert|Protect||[still]
|-fail|p1a: Swampert
|
|upkeep
|turn|18
|
|t:|1782749415
|move|p1a: Swampert|Protect|p1a: Swampert
|-singleturn|p1a: Swampert|Protect
|move|p2b: Ninetales|Blizzard|p1a: Swampert
|-activate|p1a: Swampert|move: Protect
|
|upkeep
|turn|19
|-message|gobblemyflobble forfeited.
|raw|gobblemyflobble's rating: 1014 → 1004(-10 for losing)
|raw|Bouloukos's rating: 1084 → 1106(+22 for winning)
|
|win|Bouloukos
