|j|☆importarcade
|j|☆Tytywhywhy
|html|importarcadeTytywhywhy    
|uhtml|bestof|Game 2 of a best-of-3
|t:|1782667942
|gametype|doubles
|player|p1|importarcade|ethan|1098
|player|p2|Tytywhywhy|skyla|1123
|gen|9
|tier|[Gen 9 Champions] VGC 2026 Reg M-B (Bo3)
|rated|
|rule|Species Clause: Limit one of each Pokémon
|rule|Item Clause: Limit 1 of each item
|clearpoke
|poke|p1|Pyroar, L50, M|
|poke|p1|Ninetales, L50, F|
|poke|p1|Whimsicott, L50, F|
|poke|p1|Floette-Eternal, L50, F|
|poke|p1|Basculegion, L50, M|
|poke|p1|Farigiraf, L50, F|
|poke|p2|Archaludon, L50, M|
|poke|p2|Sableye, L50, M|
|poke|p2|Gardevoir, L50, M|
|poke|p2|Aerodactyl, L50, M|
|poke|p2|Garchomp, L50, F|
|poke|p2|Gallade, L50, M|
|teampreview|4
|showteam|p1|Pyroar||Pyroarite|Rivalry|HeatWave,Overheat,SolarBeam,Protect|Timid||M|||50|]Ninetales||ChoiceScarf|Drought|HeatWave,Overheat,SolarBeam,FakeTears|Modest||F|||50|]Whimsicott||FocusSash|Prankster|Moonblast,Tailwind,SunnyDay,Protect|Timid||F|||50|]Floette-Eternal||Floettite|FlowerVeil|Moonblast,LightofRuin,DazzlingGleam,Protect|Modest||F|||50|]Basculegion||LifeOrb|Adaptability|WaveCrash,LastRespects,AquaJet,Protect|Adamant||M|||50|]Farigiraf||SitrusBerry|ArmorTail|Psychic,Thunderbolt,TrickRoom,HelpingHand|Bold||F|||50|
|showteam|p2|Archaludon||Leftovers|Stamina|AuraSphere,DragonPulse,Protect,ElectroShot|Modest||M|||50|]Sableye||MentalHerb|Prankster|RainDance,Protect,Disable,Encore|Bold||M|||50|]Gardevoir||Gardevoirite|Telepathy|HyperVoice,Psychic,Protect,AuraSphere|Timid||M|||50|]Aerodactyl||FocusSash|Pressure|Tailwind,RockSlide,Protect,WideGuard|Jolly||M|||50|]Garchomp||LifeOrb|RoughSkin|DragonClaw,Protect,RockSlide,Earthquake|Jolly||F|||50|]Gallade||ChoiceScarf|Sharpness|SacredSword,PsychoCut,NightSlash,AquaCutter|Jolly||M|||50|
|inactive|Battle timer is ON: inactive players will automatically lose when time's up. (requested by Tytywhywhy)
|
|t:|1782667986
|teamsize|p1|4
|teamsize|p2|4
|start
|switch|p1a: Whimsicott|Whimsicott, L50, F|100/100
|switch|p1b: Basculegion|Basculegion, L50, M|100/100
|switch|p2a: Aerodactyl|Aerodactyl, L50, M|100/100
|switch|p2b: Garchomp|Garchomp, L50, F|100/100
|-ability|p2a: Aerodactyl|Pressure
|turn|1
|
|t:|1782668000
|move|p2a: Aerodactyl|Tailwind|p2a: Aerodactyl
|-sidestart|p2: Tytywhywhy|move: Tailwind
|move|p2b: Garchomp|Earthquake|p1a: Whimsicott|[spread] p1a,p1b
|-immune|p2a: Aerodactyl
|-resisted|p1a: Whimsicott|1
|-damage|p1a: Whimsicott|62/100
|-damage|p1b: Basculegion|45/100
|-damage|p2b: Garchomp|90/100|[from] item: Life Orb
|move|p1a: Whimsicott|Moonblast|p2b: Garchomp
|-supereffective|p2b: Garchomp|1
|-damage|p2b: Garchomp|17/100
|move|p1b: Basculegion|Wave Crash|p2a: Aerodactyl
|-supereffective|p2a: Aerodactyl|1
|-enditem|p2a: Aerodactyl|Focus Sash
|-damage|p2a: Aerodactyl|1/100
|-damage|p1b: Basculegion|14/100|[from] Recoil
|-damage|p1b: Basculegion|5/100|[from] item: Life Orb
|
|upkeep
|turn|2
|inactive|importarcade has 30 seconds left.
|inactive|Tytywhywhy has 30 seconds left.
|
|t:|1782668030
|move|p1a: Whimsicott|Tailwind|p1a: Whimsicott
|-sidestart|p1: importarcade|move: Tailwind
|move|p1b: Basculegion|Aqua Jet|p2b: Garchomp
|-damage|p2b: Garchomp|0 fnt
|-damage|p1b: Basculegion|0 fnt|[from] ability: Rough Skin|[of] p2b: Garchomp
|faint|p2b: Garchomp
|faint|p1b: Basculegion
|move|p2a: Aerodactyl|Rock Slide|p1a: Whimsicott
|-damage|p1a: Whimsicott|20/100y
|
|upkeep
|
|t:|1782668041
|switch|p2b: Sableye|Sableye, L50, M|100/100
|switch|p1b: Floette|Floette-Eternal, L50, F|100/100
|turn|3
|
|t:|1782668051
|detailschange|p1b: Floette|Floette-Mega, L50, F
|-mega|p1b: Floette|Floette|Floettite
|-ability|p1b: Floette|Fairy Aura
|move|p1a: Whimsicott|Protect|p1a: Whimsicott
|-singleturn|p1a: Whimsicott|Protect
|move|p2a: Aerodactyl|Wide Guard|p2a: Aerodactyl
|-singleturn|p2a: Aerodactyl|Wide Guard
|move|p2b: Sableye|Encore|p1a: Whimsicott
|-activate|p1a: Whimsicott|move: Protect
|move|p1b: Floette|Dazzling Gleam|p2a: Aerodactyl|[spread] 
|-activate|p2a: Aerodactyl|move: Wide Guard
|-activate|p2b: Sableye|move: Wide Guard
|
|upkeep
|turn|4
|inactive|importarcade has 30 seconds left.
|
|t:|1782668083
|switch|p1a: Ninetales|Ninetales, L50, F|100/100
|-weather|SunnyDay|[from] ability: Drought|[of] p1a: Ninetales
|move|p2a: Aerodactyl|Wide Guard|p2a: Aerodactyl
|-singleturn|p2a: Aerodactyl|Wide Guard
|move|p2b: Sableye|Encore|p1b: Floette
|-start|p1b: Floette|Encore
|move|p1b: Floette|Dazzling Gleam|p2a: Aerodactyl|[spread] 
|-activate|p2a: Aerodactyl|move: Wide Guard
|-activate|p2b: Sableye|move: Wide Guard
|
|-weather|SunnyDay|[upkeep]
|-sideend|p2: Tytywhywhy|move: Tailwind
|upkeep
|turn|5
|
|t:|1782668101
|switch|p1b: Whimsicott|Whimsicott, L50, F|20/100y
|move|p2a: Aerodactyl|Wide Guard|p2a: Aerodactyl
|-singleturn|p2a: Aerodactyl|Wide Guard
|move|p2b: Sableye|Rain Dance|p2b: Sableye
|-weather|RainDance
|move|p1a: Ninetales|Solar Beam||[still]
|-prepare|p1a: Ninetales|Solar Beam
|
|-weather|RainDance|[upkeep]
|-sideend|p1: importarcade|move: Tailwind
|upkeep
|turn|6
|
|t:|1782668115
|move|p2a: Aerodactyl|Protect||[still]
|-fail|p2a: Aerodactyl
|move|p1b: Whimsicott|Sunny Day|p1b: Whimsicott
|-weather|SunnyDay
|move|p2b: Sableye|Encore|p1a: Ninetales
|-start|p1a: Ninetales|Encore
|move|p1a: Ninetales|Solar Beam|p2b: Sableye|[from] lockedmove
|-damage|p2b: Sableye|50/100g
|
|-weather|SunnyDay|[upkeep]
|upkeep
|turn|7
|
|t:|1782668136
|switch|p1b: Floette|Floette-Mega, L50, F|100/100
|-ability|p1b: Floette|Fairy Aura
|move|p2b: Sableye|Rain Dance|p2b: Sableye
|-weather|RainDance
|move|p1a: Ninetales|Solar Beam||[still]
|-prepare|p1a: Ninetales|Solar Beam
|move|p2a: Aerodactyl|Rock Slide|p1a: Ninetales|[spread] p1a,p1b
|-supereffective|p1a: Ninetales|1
|-damage|p1a: Ninetales|40/100
|-damage|p1b: Floette|72/100
|
|-weather|RainDance|[upkeep]
|upkeep
|turn|8
|
|t:|1782668159
|move|p2b: Sableye|Protect|p2b: Sableye
|-singleturn|p2b: Sableye|Protect
|move|p2a: Aerodactyl|Protect|p2a: Aerodactyl
|-singleturn|p2a: Aerodactyl|Protect
|move|p1a: Ninetales|Solar Beam|p2b: Sableye|[from] lockedmove
|-activate|p2b: Sableye|move: Protect
|move|p1b: Floette|Moonblast|p2b: Sableye
|-activate|p2b: Sableye|move: Protect
|
|-weather|RainDance|[upkeep]
|-end|p1a: Ninetales|Encore
|upkeep
|turn|9
|inactive|Tytywhywhy has 30 seconds left.
|
|t:|1782668189
|switch|p1a: Whimsicott|Whimsicott, L50, F|20/100y
|move|p2b: Sableye|Disable|p1b: Floette
|-start|p1b: Floette|Disable|Moonblast
|move|p2a: Aerodactyl|Rock Slide|p1a: Whimsicott|[spread] p1b
|-miss|p2a: Aerodactyl|p1a: Whimsicott
|-damage|p1b: Floette|45/100
|cant|p1b: Floette|flinch
|
|-weather|RainDance|[upkeep]
|upkeep
|turn|10
|inactive|importarcade has 30 seconds left.
|
|t:|1782668221
|switch|p1b: Ninetales|Ninetales, L50, F|40/100
|-weather|SunnyDay|[from] ability: Drought|[of] p1b: Ninetales
|move|p2b: Sableye|Encore||[still]
|-fail|p2b: Sableye
|move|p2a: Aerodactyl|Rock Slide|p1b: Ninetales|[spread] p1a,p1b
|-supereffective|p1b: Ninetales|1
|-damage|p1a: Whimsicott|0 fnt
|-damage|p1b: Ninetales|0 fnt
|faint|p1a: Whimsicott
|faint|p1b: Ninetales
|
|-weather|SunnyDay|[upkeep]
|upkeep
|
|t:|1782668235
|switch|p1b: Floette|Floette-Mega, L50, F|45/100
|-ability|p1b: Floette|Fairy Aura
|turn|11
|
|t:|1782668253
|move|p2b: Sableye|Protect|p2b: Sableye
|-singleturn|p2b: Sableye|Protect
|move|p2a: Aerodactyl|Protect|p2a: Aerodactyl
|-singleturn|p2a: Aerodactyl|Protect
|move|p1b: Floette|Moonblast|p2b: Sableye
|-activate|p2b: Sableye|move: Protect
|
|-weather|SunnyDay|[upkeep]
|upkeep
|turn|12
|
|t:|1782668270
|move|p2a: Aerodactyl|Wide Guard|p2a: Aerodactyl
|-singleturn|p2a: Aerodactyl|Wide Guard
|move|p2b: Sableye|Disable|p1b: Floette
|-start|p1b: Floette|Disable|Moonblast
|move|p1b: Floette|Light of Ruin|p2b: Sableye
|-supereffective|p2b: Sableye|1
|-damage|p2b: Sableye|0 fnt
|faint|p2b: Sableye
|-damage|p1b: Floette|19/100|[from] Recoil
|
|-weather|SunnyDay|[upkeep]
|upkeep
|
|t:|1782668283
|switch|p2b: Archaludon|Archaludon, L50, M|100/100
|turn|13
|-message|importarcade forfeited.
|
|win|Tytywhywhy
|raw|importarcade's rating: 1098 → 1075(-23 for losing)
|raw|Tytywhywhy's rating: 1123 → 1146(+23 for winning)
|l|☆Tytywhywhy
|player|p2|
