|j|☆kdan_7
|j|☆doingVGCthings
|html|kdan_7doingVGCthings    
|uhtml|bestof|Game 1 of a best-of-3
|t:|1756171202
|gametype|doubles
|player|p1|kdan_7|shauntal|1088
|player|p2|doingVGCthings|swimmer-gen4dp|1196
|gen|9
|tier|[Gen 9] VGC 2025 Reg H (Bo3)
|rated|
|rule|Species Clause: Limit one of each Pokémon
|rule|Item Clause: Limit 1 of each item
|clearpoke
|poke|p1|Amoonguss, L50, F|
|poke|p1|Sneasler, L50, M|
|poke|p1|Gholdengo, L50|
|poke|p1|Incineroar, L50, M|
|poke|p1|Ursaluna-Bloodmoon, L50, M|
|poke|p1|Dragonite, L50, M|
|poke|p2|Volcarona, L50, M|
|poke|p2|Electabuzz, L50, M|
|poke|p2|Tyranitar, L50, M|
|poke|p2|Amoonguss, L50, F|
|poke|p2|Annihilape, L50, M|
|poke|p2|Mamoswine, L50, F|
|teampreview|4
|showteam|p1|Amoonguss||SitrusBerry|Regenerator|RagePowder,Spore,PollenPuff,Protect|||F|||50|,,,,,Psychic]Sneasler||FocusSash|Unburden|Protect,DireClaw,CloseCombat,ThroatChop|||M|||50|,,,,,Stellar]Gholdengo||LifeOrb|GoodasGold|Protect,MakeItRain,ShadowBall,NastyPlot||||||50|,,,,,Water]Incineroar||SafetyGoggles|Intimidate|KnockOff,PartingShot,FlareBlitz,FakeOut|||M|||50|,,,,,Ghost]Ursaluna-Bloodmoon||AssaultVest|MindsEye|BloodMoon,EarthPower,VacuumWave,HyperVoice|||M|||50|,,,,,Water]Dragonite||LoadedDice|Multiscale|ScaleShot,Tailwind,Haze,Protect|||M|||50|,,,,,Fairy
|showteam|p2|Volcarona||CovertCloak|FlameBody|Protect,HeatWave,GigaDrain,QuiverDance|||M|||50|,,,,,Grass]Electabuzz||Eviolite|VitalSpirit|Protect,Electroweb,Taunt,FollowMe|||M|||50|,,,,,Ghost]Tyranitar||AssaultVest|SandStream|RockSlide,KnockOff,LowKick,TeraBlast|||M|||50|,,,,,Flying]Amoonguss||SitrusBerry|Regenerator|Protect,PollenPuff,Spore,RagePowder|||F|||50|,,,,,Fairy]Annihilape||SafetyGoggles|Defiant|Protect,RageFist,CloseCombat,Coaching|||M|||50|,,,,,Water]Mamoswine||FocusSash|Oblivious|Protect,IcicleCrash,HighHorsepower,IceShard|||F|||50|,,,,,Stellar
|inactive|Battle timer is ON: inactive players will automatically lose when time's up. (requested by doingVGCthings)
|inactive|doingVGCthings has 60 seconds left.
|
|t:|1756171243
|teamsize|p1|4
|teamsize|p2|4
|start
|switch|p1a: 8|Sneasler, L50, M|100/100
|switch|p1b: Say Cheese|Gholdengo, L50|100/100
|switch|p2a: Volcarona|Volcarona, L50, M|100/100
|switch|p2b: Electabuzz|Electabuzz, L50, M|100/100
|turn|1
|inactive|kdan_7 has 30 seconds left.
|
|t:|1756171272
|switch|p1a: Luffy|Incineroar, L50, M|100/100
|-ability|p1a: Luffy|Intimidate|boost
|-unboost|p2a: Volcarona|atk|1
|-unboost|p2b: Electabuzz|atk|1
|move|p2b: Electabuzz|Follow Me|p2b: Electabuzz
|-singleturn|p2b: Electabuzz|move: Follow Me
|move|p1b: Say Cheese|Nasty Plot|p1b: Say Cheese
|-boost|p1b: Say Cheese|spa|2
|move|p2a: Volcarona|Quiver Dance|p2a: Volcarona
|-boost|p2a: Volcarona|spa|1
|-boost|p2a: Volcarona|spd|1
|-boost|p2a: Volcarona|spe|1
|
|upkeep
|turn|2
|
|t:|1756171288
|-terastallize|p1b: Say Cheese|Water
|move|p1a: Luffy|Fake Out|p2b: Electabuzz
|-damage|p2b: Electabuzz|90/100
|cant|p2b: Electabuzz|flinch
|move|p2a: Volcarona|Quiver Dance|p2a: Volcarona
|-boost|p2a: Volcarona|spa|1
|-boost|p2a: Volcarona|spd|1
|-boost|p2a: Volcarona|spe|1
|move|p1b: Say Cheese|Shadow Ball|p2a: Volcarona
|-damage|p2a: Volcarona|44/100
|-damage|p1b: Say Cheese|91/100|[from] item: Life Orb
|
|upkeep
|turn|3
|inactive|kdan_7 has 30 seconds left.
|inactive|doingVGCthings has 30 seconds left.
|
|t:|1756171316
|move|p1b: Say Cheese|Protect|p1b: Say Cheese
|-singleturn|p1b: Say Cheese|Protect
|move|p2b: Electabuzz|Follow Me|p2b: Electabuzz
|-singleturn|p2b: Electabuzz|move: Follow Me
|move|p2a: Volcarona|Giga Drain|p1b: Say Cheese
|-activate|p1b: Say Cheese|move: Protect
|move|p1a: Luffy|Flare Blitz|p2b: Electabuzz
|-damage|p2b: Electabuzz|38/100
|-damage|p1a: Luffy|86/100|[from] Recoil
|
|upkeep
|turn|4
|
|t:|1756171332
|switch|p1b: 8|Sneasler, L50, M|100/100
|move|p2b: Electabuzz|Follow Me|p2b: Electabuzz
|-singleturn|p2b: Electabuzz|move: Follow Me
|move|p2a: Volcarona|Giga Drain|p1b: 8
|-resisted|p1b: 8
|-damage|p1b: 8|65/100
|-heal|p2a: Volcarona|61/100|[from] drain|[of] p1b: 8
|move|p1a: Luffy|Flare Blitz|p2b: Electabuzz
|-damage|p2b: Electabuzz|0 fnt
|faint|p2b: Electabuzz
|-damage|p1a: Luffy|76/100|[from] Recoil
|
|upkeep
|
|t:|1756171341
|switch|p2b: Annihilape|Annihilape, L50, M|100/100
|turn|5
|
|t:|1756171356
|move|p1b: 8|Protect|p1b: 8
|-singleturn|p1b: 8|Protect
|move|p2a: Volcarona|Heat Wave|p1a: Luffy|[spread] p1a
|-activate|p1b: 8|move: Protect
|-resisted|p1a: Luffy
|-damage|p1a: Luffy|41/100
|move|p2b: Annihilape|Close Combat|p1a: Luffy
|-supereffective|p1a: Luffy
|-damage|p1a: Luffy|0 fnt
|-unboost|p2b: Annihilape|def|1
|-unboost|p2b: Annihilape|spd|1
|faint|p1a: Luffy
|
|upkeep
|
|t:|1756171367
|switch|p1a: Tony|Ursaluna-Bloodmoon, L50, M|100/100
|turn|6
|
|t:|1756171385
|move|p2a: Volcarona|Heat Wave|p1a: Tony|[spread] p1b
|-miss|p2a: Volcarona|p1a: Tony
|-damage|p1b: 8|0 fnt
|faint|p1b: 8
|move|p2b: Annihilape|Close Combat|p1a: Tony
|-supereffective|p1a: Tony
|-damage|p1a: Tony|24/100
|-unboost|p2b: Annihilape|def|1
|-unboost|p2b: Annihilape|spd|1
|move|p1a: Tony|Blood Moon|p2b: Annihilape
|-damage|p2b: Annihilape|0 fnt
|faint|p2b: Annihilape
|
|upkeep
|
|t:|1756171400
|switch|p1b: Say Cheese|Gholdengo, L50, tera:Water|91/100
|switch|p2b: Amoonguss|Amoonguss, L50, F|100/100
|turn|7
|
|t:|1756171412
|move|p1b: Say Cheese|Protect|p1b: Say Cheese
|-singleturn|p1b: Say Cheese|Protect
|move|p2a: Volcarona|Giga Drain|p1a: Tony
|-supereffective|p1a: Tony
|-damage|p1a: Tony|0 fnt
|-heal|p2a: Volcarona|76/100|[from] drain|[of] p1a: Tony
|faint|p1a: Tony
|move|p2b: Amoonguss|Pollen Puff|p2a: Volcarona
|-heal|p2a: Volcarona|100/100
|
|upkeep
|turn|8
|-message|kdan_7 forfeited.
|
|win|doingVGCthings
||kdan_7 is ready for game 2.
||doingVGCthings is ready for game 2.
|uhtml|next|Next: Game 2 of 3
|l|☆kdan_7
|player|p1|
