|j|☆Gurrasnurra5
|j|☆Frakub
|html|Gurrasnurra5Frakub    
|uhtml|bestof|Game 2 of a best-of-3
|t:|1756410003
|gametype|doubles
|player|p1|Gurrasnurra5|wattson|1205
|player|p2|Frakub|acetrainer-gen4dp|1172
|gen|9
|tier|[Gen 9] VGC 2025 Reg H (Bo3)
|rated|
|rule|Species Clause: Limit one of each Pokémon
|rule|Item Clause: Limit 1 of each item
|clearpoke
|poke|p1|Kingambit, L50, F|
|poke|p1|Rillaboom, L50, M|
|poke|p1|Sneasler, L50, F|
|poke|p1|Electabuzz, L50, M|
|poke|p1|Basculegion, L50, M|
|poke|p1|Arcanine-Hisui, L50, M|
|poke|p2|Kingambit, L50, F|
|poke|p2|Rillaboom, L50, M|
|poke|p2|Ninetales-Alola, L50, M|
|poke|p2|Dragonite, L50, F|
|poke|p2|Magmar, L50, M|
|poke|p2|Sneasler, L50, F|
|teampreview|4
|showteam|p1|Kingambit||BlackGlasses|Defiant|Protect,KowtowCleave,SuckerPunch,SwordsDance|||F|||50|,,,,,Dark]Rillaboom||AssaultVest|GrassySurge|WoodHammer,FakeOut,Uturn,GrassyGlide|||M|||50|,,,,,Fire]Sneasler||FocusSash|PoisonTouch|DireClaw,CloseCombat,FakeOut,Protect|||F|||50|,,,,,Ghost]Electabuzz||Eviolite|VitalSpirit|FollowMe,Electroweb,Taunt,Protect|||M|||50|,,,,,Ghost]Basculegion||ChoiceScarf|Adaptability|WaveCrash,FlipTurn,LastRespects,TeraBlast|||M|||50|,,,,,Fighting]Arcanine-Hisui||LifeOrb|Intimidate|FlareBlitz,RockSlide,ExtremeSpeed,Protect|||M|||50|,,,,,Grass
|showteam|p2|Kingambit||BlackGlasses|Defiant|KowtowCleave,SuckerPunch,SwordsDance,Protect|||F|||50|,,,,,Dark]Rillaboom||AssaultVest|GrassySurge|WoodHammer,GrassyGlide,HighHorsepower,FakeOut|||M|||50|,,,,,Fire]Ninetales-Alola||LightClay|SnowWarning|Blizzard,FreezeDry,Protect,AuroraVeil|||M|||50|,,,,,Ghost]Dragonite||LoadedDice|Multiscale|ScaleShot,ExtremeSpeed,Haze,Protect|||F|||50|,,,,,Steel]Magmar||Eviolite|VitalSpirit|Taunt,Overheat,FollowMe,Protect|||M|||50|,,,,,Ghost]Sneasler||FocusSash|PoisonTouch|FakeOut,DireClaw,CloseCombat,Protect|||F|||50|,,,,,Ghost
|inactive|Battle timer is ON: inactive players will automatically lose when time's up. (requested by Frakub)
|
|t:|1756410029
|teamsize|p1|4
|teamsize|p2|4
|start
|switch|p1a: Sneasler|Sneasler, L50, F|100/100
|switch|p1b: Basculegion|Basculegion, L50, M|100/100
|switch|p2a: Kingambit|Kingambit, L50, F|100/100
|switch|p2b: Magmar|Magmar, L50, M|100/100
|turn|1
|
|t:|1756410038
|move|p2b: Magmar|Protect|p2b: Magmar
|-singleturn|p2b: Magmar|Protect
|move|p2a: Kingambit|Protect|p2a: Kingambit
|-singleturn|p2a: Kingambit|Protect
|move|p1a: Sneasler|Fake Out|p2a: Kingambit
|-activate|p2a: Kingambit|move: Protect
|move|p1b: Basculegion|Flip Turn|p2b: Magmar
|-activate|p2b: Magmar|move: Protect
|
|upkeep
|turn|2
|
|t:|1756410058
|move|p2b: Magmar|Follow Me|p2b: Magmar
|-singleturn|p2b: Magmar|move: Follow Me
|move|p2a: Kingambit|Sucker Punch|p1b: Basculegion
|-supereffective|p1b: Basculegion
|-damage|p1b: Basculegion|0 fnt
|faint|p1b: Basculegion
|move|p1a: Sneasler|Dire Claw|p2b: Magmar
|-damage|p2b: Magmar|69/100
|
|upkeep
|
|t:|1756410065
|switch|p1b: Arcanine|Arcanine-Hisui, L50, M|100/100
|-ability|p1b: Arcanine|Intimidate|boost
|-unboost|p2a: Kingambit|atk|1
|-ability|p2a: Kingambit|Defiant|boost
|-boost|p2a: Kingambit|atk|2
|-unboost|p2b: Magmar|atk|1
|turn|3
|
|t:|1756410082
|switch|p1a: Electabuzz|Electabuzz, L50, M|100/100
|-terastallize|p2a: Kingambit|Dark
|move|p1b: Arcanine|Protect|p1b: Arcanine
|-singleturn|p1b: Arcanine|Protect
|move|p2b: Magmar|Follow Me|p2b: Magmar
|-singleturn|p2b: Magmar|move: Follow Me
|move|p2a: Kingambit|Sucker Punch||[still]
|-fail|p2a: Kingambit
|
|upkeep
|turn|4
|
|t:|1756410097
|move|p1a: Electabuzz|Follow Me|p1a: Electabuzz
|-singleturn|p1a: Electabuzz|move: Follow Me
|move|p2b: Magmar|Follow Me|p2b: Magmar
|-singleturn|p2b: Magmar|move: Follow Me
|move|p1b: Arcanine|Rock Slide|p2b: Magmar|[spread] p2a,p2b
|-supereffective|p2b: Magmar
|-damage|p2a: Kingambit|74/100
|-damage|p2b: Magmar|14/100
|-damage|p1b: Arcanine|91/100|[from] item: Life Orb
|move|p2a: Kingambit|Kowtow Cleave|p1a: Electabuzz
|-damage|p1a: Electabuzz|0 fnt
|faint|p1a: Electabuzz
|
|upkeep
|
|t:|1756410103
|switch|p1a: Sneasler|Sneasler, L50, F|100/100
|turn|5
|
|t:|1756410118
|move|p2a: Kingambit|Protect|p2a: Kingambit
|-singleturn|p2a: Kingambit|Protect
|move|p1a: Sneasler|Fake Out|p2a: Kingambit
|-activate|p2a: Kingambit|move: Protect
|move|p1b: Arcanine|Rock Slide|p2a: Kingambit|[spread] p2b
|-activate|p2a: Kingambit|move: Protect
|-supereffective|p2b: Magmar
|-damage|p2b: Magmar|0 fnt
|faint|p2b: Magmar
|-damage|p1b: Arcanine|81/100|[from] item: Life Orb
|
|upkeep
|
|t:|1756410138
|switch|p2b: Sneasler|Sneasler, L50, F|100/100
|turn|6
|
|t:|1756410146
|-terastallize|p1b: Arcanine|Grass
|move|p2b: Sneasler|Fake Out|p1b: Arcanine
|-damage|p1b: Arcanine|61/100
|cant|p1b: Arcanine|flinch
|move|p2a: Kingambit|Sucker Punch|p1a: Sneasler
|-resisted|p1a: Sneasler
|-damage|p1a: Sneasler|14/100
|move|p1a: Sneasler|Close Combat|p2a: Kingambit
|-supereffective|p2a: Kingambit
|-damage|p2a: Kingambit|0 fnt
|-unboost|p1a: Sneasler|def|1
|-unboost|p1a: Sneasler|spd|1
|faint|p2a: Kingambit
|
|upkeep
|
|t:|1756410158
|switch|p2a: Rillaboom|Rillaboom, L50, M|100/100
|-fieldstart|move: Grassy Terrain|[from] ability: Grassy Surge|[of] p2a: Rillaboom
|turn|7
|
|t:|1756410167
|move|p1a: Sneasler|Protect|p1a: Sneasler
|-singleturn|p1a: Sneasler|Protect
|move|p2a: Rillaboom|Fake Out|p1a: Sneasler
|-activate|p1a: Sneasler|move: Protect
|move|p1b: Arcanine|Extreme Speed|p2b: Sneasler
|-damage|p2b: Sneasler|40/100
|-damage|p1b: Arcanine|51/100|[from] item: Life Orb
|move|p2b: Sneasler|Dire Claw|p1b: Arcanine
|-supereffective|p1b: Arcanine
|-damage|p1b: Arcanine|0 fnt
|faint|p1b: Arcanine
|
|-heal|p1a: Sneasler|20/100|[from] Grassy Terrain
|-heal|p2b: Sneasler|46/100|[from] Grassy Terrain
|upkeep
|turn|8
|-message|Gurrasnurra5 forfeited.
|
|win|Frakub
||Gurrasnurra5 is ready for game 3.
||Frakub is ready for game 3.
|uhtml|next|Next: Game 3 of 3
|l|☆Gurrasnurra5
|player|p1|
