|j|☆eklyst
|j|☆I LOVE KOMMO-O
|html|eklystI LOVE KOMMO-O    
|uhtml|bestof|Game 1 of a best-of-3
|t:|1756866525
|gametype|doubles
|player|p1|eklyst|pokemaniac|1103
|player|p2|I LOVE KOMMO-O|n|1144
|gen|9
|tier|[Gen 9] VGC 2025 Reg H (Bo3)
|rated|
|rule|Species Clause: Limit one of each Pokémon
|rule|Item Clause: Limit 1 of each item
|clearpoke
|poke|p1|Ursaluna-Bloodmoon, L50, M|
|poke|p1|Incineroar, L50, M|
|poke|p1|Rillaboom, L50, F|
|poke|p1|Farigiraf, L50, M|
|poke|p1|Sneasler, L50, M|
|poke|p1|Volcarona, L50, M|
|poke|p2|Drifblim, L50, F|
|poke|p2|Indeedee, L50, M|
|poke|p2|Kommo-o, L50, F|
|poke|p2|Hydreigon, L50, M|
|poke|p2|Ursaluna-Bloodmoon, L50, M|
|poke|p2|Arcanine-Hisui, L50, M|
|teampreview|4
|showteam|p1|Ursaluna-Bloodmoon||LifeOrb|MindsEye|HyperVoice,BloodMoon,EarthPower,Protect|||M|||50|,,,,,Normal]Incineroar||SitrusBerry|Intimidate|FakeOut,FlareBlitz,KnockOff,PartingShot|||M|||50|,,,,,Bug]Rillaboom||AssaultVest|GrassySurge|Uturn,WoodHammer,GrassyGlide,FakeOut|||F|||50|,,,,,Fire]Farigiraf||ThroatSpray|ArmorTail|HyperVoice,Protect,Psychic,TrickRoom|||M|||50|,,,,,Fairy]Sneasler||FocusSash|Unburden|CloseCombat,Protect,FakeOut,ThroatChop|||M|||50|,,,,,Dark]Volcarona||CovertCloak|FlameBody|HeatWave,Protect,StruggleBug,RagePowder|||M|||50|,,,,,Water
|showteam|p2|Drifblim||PsychicSeed|Unburden|Acrobatics,Tailwind,WillOWisp,StrengthSap|||F|||50|,,,,,Grass]Indeedee||FocusSash|PsychicSurge|ExpandingForce,TeraBlast,TrickRoom,Imprison|||M|||50|,,,,,Fairy]Kommo-o||Leftovers|Soundproof|BodyPress,Flamethrower,IronDefense,Protect|||F|||50|,,,,,Fire]Hydreigon||AssaultVest|Levitate|DarkPulse,Snarl,EarthPower,DracoMeteor|||M|||50|,,,,,Ghost]Ursaluna-Bloodmoon||LifeOrb|MindsEye|HyperVoice,BloodMoon,EarthPower,Protect|||M|||50|,,,,,Normal]Arcanine-Hisui||SafetyGoggles|Intimidate|RockSlide,FlareBlitz,WillOWisp,Protect|||M|||50|,,,,,Water
|inactive|Battle timer is ON: inactive players will automatically lose when time's up. (requested by I LOVE KOMMO-O)
|
|t:|1756866604
|teamsize|p1|4
|teamsize|p2|4
|start
|switch|p1a: Sneasler|Sneasler, L50, M|100/100
|switch|p1b: Farigiraf|Farigiraf, L50, M|100/100
|switch|p2a: Kommo-o|Kommo-o, L50, F|100/100
|switch|p2b: Hydreigon|Hydreigon, L50, M|100/100
|turn|1
|
|t:|1756866627
|-terastallize|p2a: Kommo-o|Fire
|move|p1a: Sneasler|Fake Out|p2b: Hydreigon
|-damage|p2b: Hydreigon|86/100
|cant|p2b: Hydreigon|flinch
|move|p2a: Kommo-o|Iron Defense|p2a: Kommo-o
|-boost|p2a: Kommo-o|def|2
|move|p1b: Farigiraf|Trick Room|p1b: Farigiraf
|-fieldstart|move: Trick Room|[of] p1b: Farigiraf
|
|upkeep
|turn|2
|inactive|I LOVE KOMMO-O has 30 seconds left.
|
|t:|1756866656
|move|p1b: Farigiraf|Hyper Voice|p2a: Kommo-o|[spread] p2b
|-immune|p2a: Kommo-o|[from] ability: Soundproof
|-damage|p2b: Hydreigon|65/100
|-enditem|p1b: Farigiraf|Throat Spray
|-boost|p1b: Farigiraf|spa|1|[from] item: Throat Spray
|move|p2a: Kommo-o|Body Press|p1a: Sneasler
|-resisted|p1a: Sneasler
|-damage|p1a: Sneasler|25/100
|move|p2b: Hydreigon|Snarl|p1b: Farigiraf|[spread] p1a,p1b
|-resisted|p1a: Sneasler
|-crit|p1a: Sneasler
|-supereffective|p1b: Farigiraf
|-damage|p1a: Sneasler|2/100
|-damage|p1b: Farigiraf|60/100
|-unboost|p1a: Sneasler|spa|1
|-unboost|p1b: Farigiraf|spa|1
|move|p1a: Sneasler|Close Combat|p2b: Hydreigon
|-supereffective|p2b: Hydreigon
|-damage|p2b: Hydreigon|0 fnt
|-unboost|p1a: Sneasler|def|1
|-unboost|p1a: Sneasler|spd|1
|faint|p2b: Hydreigon
|
|upkeep
|inactive|I LOVE KOMMO-O has 30 seconds left.
|
|t:|1756866685
|switch|p2b: Arcanine|Arcanine-Hisui, L50, M|100/100
|-ability|p2b: Arcanine|Intimidate|boost
|-unboost|p1a: Sneasler|atk|1
|-unboost|p1b: Farigiraf|atk|1
|turn|3
|
|t:|1756866697
|move|p1b: Farigiraf|Psychic|p2a: Kommo-o
|-damage|p2a: Kommo-o|62/100
|move|p2a: Kommo-o|Iron Defense|p2a: Kommo-o
|-boost|p2a: Kommo-o|def|2
|move|p2b: Arcanine|Rock Slide|p1b: Farigiraf|[spread] p1a,p1b
|-resisted|p1a: Sneasler
|-damage|p1a: Sneasler|0 fnt
|-damage|p1b: Farigiraf|29/100
|faint|p1a: Sneasler
|
|-heal|p2a: Kommo-o|68/100|[from] item: Leftovers
|upkeep
|
|t:|1756866709
|switch|p1a: Rillaboom|Rillaboom, L50, F|100/100
|-fieldstart|move: Grassy Terrain|[from] ability: Grassy Surge|[of] p1a: Rillaboom
|turn|4
|
|t:|1756866727
|move|p2a: Kommo-o|Protect|p2a: Kommo-o
|-singleturn|p2a: Kommo-o|Protect
|move|p2b: Arcanine|Protect|p2b: Arcanine
|-singleturn|p2b: Arcanine|Protect
|move|p1a: Rillaboom|Fake Out|p2b: Arcanine
|-activate|p2b: Arcanine|move: Protect
|move|p1b: Farigiraf|Psychic|p2a: Kommo-o
|-activate|p2a: Kommo-o|move: Protect
|
|-heal|p1b: Farigiraf|36/100|[from] Grassy Terrain
|-heal|p2a: Kommo-o|74/100|[from] Grassy Terrain
|-heal|p2a: Kommo-o|80/100|[from] item: Leftovers
|upkeep
|turn|5
|
|t:|1756866751
|move|p1b: Farigiraf|Psychic|p2a: Kommo-o
|-damage|p2a: Kommo-o|41/100
|move|p2a: Kommo-o|Body Press|p1b: Farigiraf
|-damage|p1b: Farigiraf|0 fnt
|faint|p1b: Farigiraf
|move|p1a: Rillaboom|Wood Hammer|p2b: Arcanine
|-damage|p2b: Arcanine|26/100
|-damage|p1a: Rillaboom|76/100|[from] Recoil
|move|p2b: Arcanine|Flare Blitz|p1a: Rillaboom
|-supereffective|p1a: Rillaboom
|-damage|p1a: Rillaboom|0 fnt
|faint|p1a: Rillaboom
|-damage|p2b: Arcanine|0 fnt|[from] Recoil
|faint|p2b: Arcanine
|
|-heal|p2a: Kommo-o|47/100|[from] Grassy Terrain
|-heal|p2a: Kommo-o|53/100|[from] item: Leftovers
|-fieldend|move: Trick Room
|upkeep
|
|t:|1756866770
|switch|p2b: Indeedee|Indeedee, L50, M|100/100
|switch|p1a: Volcarona|Volcarona, L50, M|100/100
|-fieldstart|move: Psychic Terrain|[from] ability: Psychic Surge|[of] p2b: Indeedee
|turn|6
|
|t:|1756866789
|move|p1a: Volcarona|Struggle Bug|p2b: Indeedee|[spread] p2a,p2b
|-resisted|p2a: Kommo-o
|-supereffective|p2b: Indeedee
|-damage|p2a: Kommo-o|45/100
|-damage|p2b: Indeedee|50/100
|-unboost|p2a: Kommo-o|spa|1
|-unboost|p2b: Indeedee|spa|1
|move|p2b: Indeedee|Expanding Force|p1a: Volcarona
|-damage|p1a: Volcarona|49/100
|move|p2a: Kommo-o|Body Press|p1a: Volcarona
|-resisted|p1a: Volcarona
|-damage|p1a: Volcarona|0 fnt
|faint|p1a: Volcarona
|
|win|I LOVE KOMMO-O
|inactive|eklyst has 30 seconds to confirm battle start!
|inactive|I LOVE KOMMO-O has 30 seconds to confirm battle start!
||I LOVE KOMMO-O is ready for game 2.
||eklyst is ready for game 2.
|uhtml|next|Next: Game 2 of 3
