|j|☆juaquiness
|j|☆MarillRag1
|html|juaquinessMarillRag1    
|uhtml|bestof|Game 1 of a best-of-3
|t:|1786167172
|gametype|doubles
|player|p1|juaquiness|2|1283
|player|p2|MarillRag1|102|1353
|gen|9
|tier|[Gen 9 Champions] VGC 2026 Reg M-B (Bo3)
|rated|
|rule|Species Clause: Limit one of each Pokémon
|rule|Item Clause: Limit 1 of each item
|clearpoke
|poke|p1|Arcanine-Hisui, L50, M|
|poke|p1|Floette-Eternal, L50, F|
|poke|p1|Kingambit, L50, F|
|poke|p1|Dragonite, L50, F|
|poke|p1|Basculegion, L50, M|
|poke|p1|Whimsicott, L50, M|
|poke|p2|Gengar, L50, M|
|poke|p2|Archaludon, L50, M|
|poke|p2|Politoed, L50, F|
|poke|p2|Swampert, L50, M|
|poke|p2|Vivillon-Fancy, L50, M|
|poke|p2|Incineroar, L50, F|
|teampreview|4
|showteam|p1|Arcanine-Hisui||WideLens|RockHead|Protect,ExtremeSpeed,HeadSmash,FlareBlitz|Adamant||M|||50|]Floette-Eternal||Floettite|FlowerVeil|Protect,Moonblast,DazzlingGleam,LightofRuin|Timid||F|||50|]Kingambit||FocusSash|Defiant|Protect,SuckerPunch,KowtowCleave,IronHead|Adamant||F|||50|]Dragonite||LifeOrb|InnerFocus|Tailwind,ExtremeSpeed,LowKick,DragonClaw|Jolly||F|||50|]Basculegion||ChoiceScarf|Adaptability|AquaJet,FlipTurn,LastRespects,WaveCrash|Jolly||M|||50|]Whimsicott||OccaBerry|Prankster|Tailwind,Charm,Encore,Moonblast|Timid||M|||50|
|showteam|p2|Gengar||Gengarite|CursedBody|ShadowBall,SludgeBomb,PerishSong,Protect|Modest||M|||50|]Archaludon||Leftovers|Stamina|ElectroShot,DragonPulse,FlashCannon,Protect|Bold||M|||50|]Politoed||SitrusBerry|Drizzle|WeatherBall,Hypnosis,PerishSong,Protect|Calm||F|||50|]Swampert||Swampertite|Torrent|WaveCrash,Earthquake,IcePunch,Protect|Adamant||M|||50|]Vivillon-Fancy||FocusSash|CompoundEyes|Hurricane,SleepPowder,RagePowder,Protect|Timid||M|||50|]Incineroar||ShucaBerry|Intimidate|ThroatChop,FakeOut,PartingShot,Protect|Impish||F|||50|
|inactive|Battle timer is ON: inactive players will automatically lose when time's up. (requested by juaquiness)
|
|t:|1786167229
|teamsize|p1|4
|teamsize|p2|4
|start
|switch|p1a: Floette|Floette-Eternal, L50, F|100/100
|switch|p1b: Whimsicott|Whimsicott, L50, M|100/100
|switch|p2a: Politoed|Politoed, L50, F|100/100
|switch|p2b: Swampert|Swampert, L50, M|100/100
|-weather|RainDance|[from] ability: Drizzle|[of] p2a: Politoed
|turn|1
|inactive|juaquiness has 30 seconds left.
|inactive|MarillRag1 has 30 seconds left.
|
|t:|1786167255
|switch|p2b: Incineroar|Incineroar, L50, F|100/100
|-ability|p2b: Incineroar|Intimidate|boost
|-unboost|p1a: Floette|atk|1
|-block|p1b: Whimsicott|ability: Flower Veil|[of] p1a: Floette
|detailschange|p1a: Floette|Floette-Mega, L50, F
|-mega|p1a: Floette|Floette|Floettite
|-ability|p1a: Floette|Fairy Aura
|move|p1b: Whimsicott|Tailwind|p1b: Whimsicott
|-sidestart|p1: juaquiness|move: Tailwind
|move|p1a: Floette|Light of Ruin|p2b: Incineroar
|-damage|p2b: Incineroar|17/100
|-damage|p1a: Floette|45/100|[from] Recoil
|move|p2a: Politoed|Hypnosis|p1a: Floette
|-status|p1a: Floette|slp|[from] move: Hypnosis
|
|-weather|RainDance|[upkeep]
|upkeep
|turn|2
|
|t:|1786167277
|switch|p1a: Basculegion|Basculegion, L50, M|100/100
|move|p2b: Incineroar|Fake Out|p1b: Whimsicott
|-damage|p1b: Whimsicott|85/100
|cant|p1b: Whimsicott|flinch
|move|p2a: Politoed|Weather Ball|p1a: Basculegion
|-resisted|p1a: Basculegion|1
|-damage|p1a: Basculegion|71/100
|
|-weather|RainDance|[upkeep]
|upkeep
|turn|3
|
|t:|1786167299
|move|p1a: Basculegion|Flip Turn|p2a: Politoed
|-resisted|p2a: Politoed|1
|-damage|p2a: Politoed|75/100
|
|t:|1786167302
|switch|p1a: Floette|Floette-Mega, L50, F|45/100 slp|[from] Flip Turn
|-ability|p1a: Floette|Fairy Aura
|move|p1b: Whimsicott|Moonblast|p2b: Incineroar
|-damage|p2b: Incineroar|0 fnt
|faint|p2b: Incineroar
|move|p2a: Politoed|Hypnosis|p1b: Whimsicott
|-status|p1b: Whimsicott|slp|[from] move: Hypnosis
|
|-weather|RainDance|[upkeep]
|upkeep
|
|t:|1786167306
|switch|p2b: Swampert|Swampert, L50, M|100/100
|turn|4
|
|t:|1786167328
|switch|p2a: Archaludon|Archaludon, L50, M|100/100
|detailschange|p2b: Swampert|Swampert-Mega, L50, M
|-mega|p2b: Swampert|Swampert|Swampertite
|cant|p1b: Whimsicott|slp
|cant|p1a: Floette|slp
|move|p2b: Swampert|Wave Crash|p1a: Floette
|-damage|p1a: Floette|0 fnt
|faint|p1a: Floette
|-damage|p2b: Swampert|87/100|[from] Recoil
|
|-weather|RainDance|[upkeep]
|-sideend|p1: juaquiness|move: Tailwind
|upkeep
|
|t:|1786167340
|switch|p1a: Basculegion|Basculegion, L50, M|71/100
|turn|5
|inactive|juaquiness has 30 seconds left.
|
|t:|1786167367
|switch|p1a: Dragonite|Dragonite, L50, F|100/100
|cant|p1b: Whimsicott|slp
|move|p2b: Swampert|Ice Punch|p1b: Whimsicott
|-supereffective|p1b: Whimsicott|1
|-damage|p1b: Whimsicott|0 fnt
|faint|p1b: Whimsicott
|move|p2a: Archaludon|Electro Shot||[still]
|-prepare|p2a: Archaludon|Electro Shot
|-boost|p2a: Archaludon|spa|1
|-anim|p2a: Archaludon|Electro Shot|p1a: Dragonite
|-damage|p1a: Dragonite|43/100
|
|-weather|none
|upkeep
|
|t:|1786167375
|switch|p1b: Basculegion|Basculegion, L50, M|71/100
|turn|6
|inactive|MarillRag1 has 30 seconds left.
|
|t:|1786167402
|switch|p2b: Politoed|Politoed, L50, F|75/100
|-weather|RainDance|[from] ability: Drizzle|[of] p2b: Politoed
|move|p1b: Basculegion|Last Respects|p2b: Politoed
|-damage|p2b: Politoed|0 fnt
|faint|p2b: Politoed
|move|p1a: Dragonite|Low Kick|p2a: Archaludon
|-supereffective|p2a: Archaludon|1
|-damage|p2a: Archaludon|48/100
|-ability|p2a: Archaludon|Stamina|boost
|-boost|p2a: Archaludon|def|1
|-damage|p1a: Dragonite|33/100|[from] item: Life Orb
|move|p2a: Archaludon|Dragon Pulse|p1a: Dragonite
|-supereffective|p1a: Dragonite|1
|-damage|p1a: Dragonite|0 fnt
|faint|p1a: Dragonite
|
|-weather|RainDance|[upkeep]
|-heal|p2a: Archaludon|54/100|[from] item: Leftovers
|upkeep
|
|t:|1786167404
|switch|p2b: Swampert|Swampert-Mega, L50, M|87/100
|turn|7
|
|t:|1786167413
|move|p2b: Swampert|Wave Crash|p1b: Basculegion
|-resisted|p1b: Basculegion|1
|-damage|p1b: Basculegion|0 fnt
|faint|p1b: Basculegion
|-damage|p2b: Swampert|61/100|[from] Recoil
|
|win|MarillRag1
||MarillRag1 is ready for game 2.
||juaquiness is ready for game 2.
|uhtml|next|Next: Game 2 of 3
