|j|☆semiau
|j|☆akakafalls
|html|semiauakakafalls    
|uhtml|bestof|Game 1 of a best-of-3
|t:|1784808660
|gametype|doubles
|player|p1|semiau|1|1108
|player|p2|akakafalls|101|1154
|gen|9
|tier|[Gen 9 Champions] VGC 2026 Reg M-B (Bo3)
|rated|
|rule|Species Clause: Limit one of each Pokémon
|rule|Item Clause: Limit 1 of each item
|clearpoke
|poke|p1|Milotic, L50, M|
|poke|p1|Toxapex, L50, F|
|poke|p1|Incineroar, L50, F|
|poke|p1|Garchomp, L50, F|
|poke|p1|Sceptile, L50, M|
|poke|p1|Gholdengo, L50|
|poke|p2|Venusaur, L50, F|
|poke|p2|Charizard, L50, F|
|poke|p2|Incineroar, L50, F|
|poke|p2|Garchomp, L50, F|
|poke|p2|Annihilape, L50, F|
|poke|p2|Toxapex, L50, M|
|teampreview|4
|showteam|p1|Milotic||MysticWater|Competitive|MuddyWater,Coil,Protect,Hypnosis|Bold||M|||50|]Toxapex||Leftovers|Regenerator|Toxic,BanefulBunker,Haze,Infestation|Careful||F|||50|]Incineroar||BlackGlasses|Intimidate|PartingShot,ThroatChop,FakeOut,FlareBlitz|Serious||F|||50|]Garchomp||Garchompite|RoughSkin|Earthquake,BreakingSwipe,Protect,StoneEdge|Jolly||F|||50|]Sceptile||Sceptilite|Unburden|LeafStorm,EarthPower,DragonPulse,Protect|Modest||M|||50|]Gholdengo||ChoiceScarf|GoodasGold|MakeItRain,Thunderbolt,ShadowBall,PowerGem|Modest|||||50|
|showteam|p2|Venusaur||LifeOrb|Chlorophyll|Protect,SolarBeam,EarthPower,SludgeBomb|Modest||F|||50|]Charizard||CharizarditeY|Blaze|Protect,HeatWave,WeatherBall,HelpingHand|Modest||F|||50|]Incineroar||SitrusBerry|Intimidate|FakeOut,PartingShot,FlareBlitz,ThroatChop|Impish||F|||50|]Garchomp||ChoiceScarf|RoughSkin|DragonClaw,Earthquake,RockSlide,StompingTantrum|Adamant||F|||50|]Annihilape||FocusSash|Defiant|Protect,PhantomForce,CloseCombat,RockTomb|Jolly||F|||50|]Toxapex||Leftovers|Regenerator|BanefulBunker,WideGuard,Toxic,Infestation|Bold||M|||50|
|inactive|Battle timer is ON: inactive players will automatically lose when time's up. (requested by akakafalls)
|inactive|semiau has 60 seconds left.
|inactive|akakafalls has 60 seconds left.
|inactive|akakafalls has 30 seconds left.
|
|t:|1784808742
|teamsize|p1|4
|teamsize|p2|4
|start
|switch|p1a: Garchomp|Garchomp, L50, F|100/100
|switch|p1b: Milotic|Milotic, L50, M|100/100
|switch|p2a: Charizard|Charizard, L50, F|100/100
|switch|p2b: Venusaur|Venusaur, L50, F|100/100
|turn|1
|inactive|akakafalls has 30 seconds left.
|inactive|akakafalls has 20 seconds left.
|
|t:|1784808779
|switch|p2b: Toxapex|Toxapex, L50, M|100/100
|switch|p1b: Incineroar|Incineroar, L50, F|100/100
|-ability|p1b: Incineroar|Intimidate|boost
|-unboost|p2a: Charizard|atk|1
|-unboost|p2b: Toxapex|atk|1
|detailschange|p2a: Charizard|Charizard-Mega-Y, L50, F
|-mega|p2a: Charizard|Charizard|Charizardite Y
|-weather|SunnyDay|[from] ability: Drought|[of] p2a: Charizard
|move|p2a: Charizard|Protect|p2a: Charizard
|-singleturn|p2a: Charizard|Protect
|move|p1a: Garchomp|Stone Edge|p2a: Charizard
|-activate|p2a: Charizard|move: Protect
|
|-weather|SunnyDay|[upkeep]
|upkeep
|turn|2
|inactive|semiau has 30 seconds left.
|inactive|akakafalls has 30 seconds left.
|inactive|semiau has 20 seconds left.
|inactive|akakafalls has 20 seconds left.
|inactive|semiau has 15 seconds left.
|inactive|akakafalls has 15 seconds left.
|inactive|semiau has 10 seconds left.
|inactive|akakafalls has 10 seconds left.
|inactive|akakafalls has 5 seconds left.
|inactive|semiau has 5 seconds left.
|
|t:|1784808835
|switch|p2a: Venusaur|Venusaur, L50, F|100/100
|move|p1b: Incineroar|Fake Out|p2a: Venusaur
|-damage|p2a: Venusaur|84/100
|move|p1a: Garchomp|Stone Edge|p2a: Venusaur
|-damage|p2a: Venusaur|48/100
|move|p2b: Toxapex|Toxic|p1a: Garchomp
|-status|p1a: Garchomp|tox
|
|-weather|SunnyDay|[upkeep]
|-damage|p1a: Garchomp|94/100 tox|[from] psn
|upkeep
|turn|3
|inactive|semiau has 30 seconds left.
|inactive|akakafalls has 30 seconds left.
|inactive|akakafalls has 20 seconds left.
|inactive|akakafalls has 15 seconds left.
|
|t:|1784808879
|switch|p2a: Annihilape|Annihilape, L50, F|100/100
|switch|p1a: Toxapex|Toxapex, L50, F|100/100
|switch|p1b: Milotic|Milotic, L50, M|100/100
|move|p2b: Toxapex|Wide Guard||[still]
|-fail|p2b: Toxapex
|
|-weather|SunnyDay|[upkeep]
|upkeep
|turn|4
|inactive|akakafalls has 30 seconds left.
|
|t:|1784808912
|switch|p2a: Venusaur|Venusaur, L50, F|48/100
|move|p1b: Milotic|Coil|p1b: Milotic
|-boost|p1b: Milotic|atk|1
|-boost|p1b: Milotic|def|1
|-boost|p1b: Milotic|accuracy|1
|move|p2b: Toxapex|Toxic|p1b: Milotic
|-status|p1b: Milotic|tox
|move|p1a: Toxapex|Toxic|p2a: Venusaur
|-immune|p2a: Venusaur
|
|-weather|SunnyDay|[upkeep]
|-damage|p1b: Milotic|94/100 tox|[from] psn
|upkeep
|turn|5
|inactive|akakafalls has 30 seconds left.
|inactive|semiau has 30 seconds left.
|inactive|akakafalls has 20 seconds left.
|inactive|akakafalls has 15 seconds left.
|inactive|akakafalls has 10 seconds left.
|inactive|akakafalls has 5 seconds left.
|
|t:|1784808965
|move|p2b: Toxapex|Baneful Bunker|p2b: Toxapex
|-singleturn|p2b: Toxapex|move: Protect
|move|p2a: Venusaur|Earth Power|p1a: Toxapex
|-supereffective|p1a: Toxapex|1
|-damage|p1a: Toxapex|42/100
|-damage|p2a: Venusaur|38/100|[from] item: Life Orb
|move|p1b: Milotic|Hypnosis|p2a: Venusaur
|-status|p2a: Venusaur|slp|[from] move: Hypnosis
|move|p1a: Toxapex|Infestation|p2a: Venusaur
|-crit|p2a: Venusaur
|-damage|p2a: Venusaur|33/100 slp
|-activate|p2a: Venusaur|move: Infestation|[of] p1a: Toxapex
|
|-weather|none
|-heal|p1a: Toxapex|48/100|[from] item: Leftovers
|-damage|p1b: Milotic|82/100 tox|[from] psn
|-damage|p2a: Venusaur|22/100 slp|[from] move: Infestation|[partiallytrapped]
|upkeep
|turn|6
|inactive|semiau has 30 seconds left.
|inactive|akakafalls has 30 seconds left.
|inactive|akakafalls has 20 seconds left.
|
|t:|1784809005
|cant|p2a: Venusaur|slp
|move|p1b: Milotic|Hypnosis|p2b: Toxapex
|-status|p2b: Toxapex|slp|[from] move: Hypnosis
|cant|p2b: Toxapex|slp
|move|p1a: Toxapex|Infestation|p2b: Toxapex
|-resisted|p2b: Toxapex|1
|-damage|p2b: Toxapex|98/100 slp
|-activate|p2b: Toxapex|move: Infestation|[of] p1a: Toxapex
|
|-heal|p2b: Toxapex|100/100 slp|[from] item: Leftovers
|-heal|p1a: Toxapex|54/100|[from] item: Leftovers
|-damage|p1b: Milotic|65/100 tox|[from] psn
|-damage|p2a: Venusaur|10/100 slp|[from] move: Infestation|[partiallytrapped]
|-damage|p2b: Toxapex|87/100 slp|[from] move: Infestation|[partiallytrapped]
|upkeep
|turn|7
|
|t:|1784809020
|-curestatus|p2a: Venusaur|slp|[msg]
|move|p2a: Venusaur|Protect|p2a: Venusaur
|-singleturn|p2a: Venusaur|Protect
|move|p1a: Toxapex|Baneful Bunker|p1a: Toxapex
|-singleturn|p1a: Toxapex|move: Protect
|move|p1b: Milotic|Muddy Water|p2a: Venusaur|[spread] p2b
|-activate|p2a: Venusaur|move: Protect
|-resisted|p2b: Toxapex|1
|-damage|p2b: Toxapex|77/100 slp
|-unboost|p2b: Toxapex|accuracy|1
|cant|p2b: Toxapex|slp
|
|-heal|p2b: Toxapex|83/100 slp|[from] item: Leftovers
|-heal|p1a: Toxapex|60/100|[from] item: Leftovers
|-damage|p1b: Milotic|41/100 tox|[from] psn
|-damage|p2a: Venusaur|0 fnt|[from] move: Infestation|[partiallytrapped]
|faint|p2a: Venusaur
|-damage|p2b: Toxapex|71/100 slp|[from] move: Infestation|[partiallytrapped]
|upkeep
|
|t:|1784809033
|switch|p2a: Annihilape|Annihilape, L50, F|100/100
|turn|8
|inactive|akakafalls has 30 seconds left.
|inactive|akakafalls has 20 seconds left.
|inactive|akakafalls has 15 seconds left.
|inactive|akakafalls has 10 seconds left.
|inactive|akakafalls has 5 seconds left.
|
|t:|1784809085
|move|p2a: Annihilape|Close Combat|p1b: Milotic
|-damage|p1b: Milotic|13/100 tox
|-unboost|p2a: Annihilape|def|1
|-unboost|p2a: Annihilape|spd|1
|move|p1b: Milotic|Muddy Water|p2b: Toxapex|[spread] p2a,p2b
|-resisted|p2b: Toxapex|1
|-damage|p2a: Annihilape|56/100
|-damage|p2b: Toxapex|60/100 slp
|move|p1a: Toxapex|Toxic|p2a: Annihilape
|-status|p2a: Annihilape|tox
|-curestatus|p2b: Toxapex|slp|[msg]
|move|p2b: Toxapex|Infestation|p1a: Toxapex|[miss]
|-miss|p2b: Toxapex|p1a: Toxapex
|
|-heal|p1a: Toxapex|66/100|[from] item: Leftovers
|-heal|p2b: Toxapex|66/100|[from] item: Leftovers
|-damage|p2a: Annihilape|50/100g tox|[from] psn
|-damage|p1b: Milotic|0 fnt|[from] psn
|faint|p1b: Milotic
|-damage|p2b: Toxapex|54/100|[from] move: Infestation|[partiallytrapped]
|upkeep
|inactive|semiau has 30 seconds left.
|
|t:|1784809118
|switch|p1b: Garchomp|Garchomp, L50, F|94/100 tox
|turn|9
|inactive|akakafalls has 30 seconds left.
|
|t:|1784809146
|detailschange|p1b: Garchomp|Garchomp-Mega, L50, F
|-mega|p1b: Garchomp|Garchomp|Garchompite
|move|p2a: Annihilape|Phantom Force||[still]
|-prepare|p2a: Annihilape|Phantom Force
|move|p1b: Garchomp|Stone Edge|p2a: Annihilape|[miss]
|-miss|p1b: Garchomp|p2a: Annihilape
|move|p1a: Toxapex|Infestation|p2a: Annihilape|[miss]
|-miss|p1a: Toxapex|p2a: Annihilape
|move|p2b: Toxapex|Infestation|p1a: Toxapex
|-resisted|p1a: Toxapex|1
|-damage|p1a: Toxapex|64/100
|-activate|p1a: Toxapex|move: Infestation|[of] p2b: Toxapex
|
|-heal|p1a: Toxapex|70/100|[from] item: Leftovers
|-heal|p2b: Toxapex|59/100|[from] item: Leftovers
|-damage|p2a: Annihilape|38/100 tox|[from] psn
|-damage|p1b: Garchomp|88/100 tox|[from] psn
|-damage|p2b: Toxapex|47/100|[from] move: Infestation|[partiallytrapped]
|-damage|p1a: Toxapex|58/100|[from] move: Infestation|[partiallytrapped]
|upkeep
|turn|10
|
|t:|1784809166
|move|p2a: Annihilape|Phantom Force|p1b: Garchomp|[from] lockedmove
|-damage|p1b: Garchomp|54/100 tox
|move|p1b: Garchomp|Stone Edge|p2a: Annihilape
|-resisted|p2a: Annihilape|1
|-damage|p2a: Annihilape|7/100 tox
|move|p1a: Toxapex|Infestation|p2a: Annihilape
|-resisted|p2a: Annihilape|2
|-damage|p2a: Annihilape|6/100 tox
|-activate|p2a: Annihilape|move: Infestation|[of] p1a: Toxapex
|move|p2b: Toxapex|Infestation|p1b: Garchomp
|-damage|p1b: Garchomp|52/100 tox
|-activate|p1b: Garchomp|move: Infestation|[of] p2b: Toxapex
|
|-heal|p2b: Toxapex|53/100|[from] item: Leftovers
|-heal|p1a: Toxapex|64/100|[from] item: Leftovers
|-damage|p2a: Annihilape|0 fnt|[from] psn
|faint|p2a: Annihilape
|-damage|p1b: Garchomp|40/100 tox|[from] psn
|-damage|p1b: Garchomp|27/100 tox|[from] move: Infestation|[partiallytrapped]
|-damage|p2b: Toxapex|41/100|[from] move: Infestation|[partiallytrapped]
|-damage|p1a: Toxapex|51/100|[from] move: Infestation|[partiallytrapped]
|upkeep
|
|t:|1784809183
|switch|p2a: Charizard|Charizard-Mega-Y, L50, F|100/100
|-weather|SunnyDay|[from] ability: Drought|[of] p2a: Charizard
|turn|11
|
|t:|1784809203
|move|p2a: Charizard|Protect|p2a: Charizard
|-singleturn|p2a: Charizard|Protect
|move|p1a: Toxapex|Baneful Bunker|p1a: Toxapex
|-singleturn|p1a: Toxapex|move: Protect
|move|p1b: Garchomp|Earthquake|p2b: Toxapex|[spread] p2b
|-activate|p1a: Toxapex|move: Protect
|-activate|p2a: Charizard|move: Protect
|-supereffective|p2b: Toxapex|1
|-damage|p2b: Toxapex|0 fnt
|faint|p2b: Toxapex
|
|-weather|SunnyDay|[upkeep]
|-heal|p1a: Toxapex|57/100|[from] item: Leftovers
|-damage|p1b: Garchomp|9/100 tox|[from] psn
|-end|p1b: Garchomp|Infestation|[partiallytrapped]|[silent]
|-end|p1a: Toxapex|Infestation|[partiallytrapped]|[silent]
|upkeep
|turn|12
|
|t:|1784809222
|move|p2a: Charizard|Heat Wave|p1a: Toxapex|[spread] p1a,p1b
|-resisted|p1a: Toxapex|1
|-resisted|p1b: Garchomp|1
|-damage|p1a: Toxapex|34/100
|-damage|p1b: Garchomp|0 fnt
|faint|p1b: Garchomp
|move|p1a: Toxapex|Infestation|p2a: Charizard
|-resisted|p2a: Charizard|2
|-damage|p2a: Charizard|99/100
|-activate|p2a: Charizard|move: Infestation|[of] p1a: Toxapex
|
|-weather|SunnyDay|[upkeep]
|-heal|p1a: Toxapex|40/100|[from] item: Leftovers
|-damage|p2a: Charizard|87/100|[from] move: Infestation|[partiallytrapped]
|upkeep
|
|t:|1784809231
|switch|p1b: Incineroar|Incineroar, L50, F|100/100
|-ability|p1b: Incineroar|Intimidate|boost
|-unboost|p2a: Charizard|atk|1
|turn|13
|inactive|akakafalls has 30 seconds left.
|
|t:|1784809236
|move|p2a: Charizard|Protect|p2a: Charizard
|-singleturn|p2a: Charizard|Protect
|move|p1b: Incineroar|Fake Out|p2a: Charizard
|-activate|p2a: Charizard|move: Protect
|move|p1a: Toxapex|Toxic|p2a: Charizard
|-activate|p2a: Charizard|move: Protect
|
|-weather|SunnyDay|[upkeep]
|-heal|p1a: Toxapex|46/100|[from] item: Leftovers
|-damage|p2a: Charizard|75/100|[from] move: Infestation|[partiallytrapped]
|upkeep
|turn|14
|inactive|akakafalls has 30 seconds left this turn.
|
|t:|1784809253
|move|p2a: Charizard|Weather Ball|p1b: Incineroar
|-resisted|p1b: Incineroar|1
|-damage|p1b: Incineroar|62/100
|move|p1b: Incineroar|Throat Chop|p2a: Charizard
|-damage|p2a: Charizard|33/100
|-start|p2a: Charizard|Throat Chop|[silent]
|move|p1a: Toxapex|Toxic|p2a: Charizard
|-status|p2a: Charizard|tox
|
|-weather|SunnyDay|[upkeep]
|-heal|p1a: Toxapex|51/100|[from] item: Leftovers
|-damage|p2a: Charizard|27/100 tox|[from] psn
|-damage|p2a: Charizard|14/100 tox|[from] move: Infestation|[partiallytrapped]
|upkeep
|turn|15
|inactive|akakafalls has 25 seconds left this turn.
|inactive|akakafalls has 20 seconds left.
|-message|akakafalls forfeited.
|
|win|semiau
