|j|☆EgoJJ
|j|☆davirru6
|html|EgoJJdavirru6    
|uhtml|bestof|Game 3 of a best-of-3
|t:|1757023260
|gametype|doubles
|player|p1|EgoJJ|brock|1172
|player|p2|davirru6|170|1170
|gen|9
|tier|[Gen 9] VGC 2025 Reg H (Bo3)
|rated|
|rule|Species Clause: Limit one of each Pokémon
|rule|Item Clause: Limit 1 of each item
|clearpoke
|poke|p1|Indeedee-F, L50, F|
|poke|p1|Gallade, L50, M|
|poke|p1|Torkoal, L50, F|
|poke|p1|Ursaluna, L50, M|
|poke|p1|Exeggutor, L50, M|
|poke|p1|Zoroark-Hisui, L50, M|
|poke|p2|Sneasler, L50, F|
|poke|p2|Rillaboom, L50, M|
|poke|p2|Electabuzz, L50, F|
|poke|p2|Volcarona, L50, F|
|poke|p2|Kingambit, L50, F|
|poke|p2|Basculegion, L50, M|
|teampreview|4
|showteam|p1|Indeedee-F||RockyHelmet|PsychicSurge|Psychic,HelpingHand,FollowMe,TrickRoom|||F|||50|,,,,,Grass]Gallade||ScopeLens|Sharpness|SacredSword,PsychoCut,TrickRoom,WideGuard|||M|||50|,,,,,Grass]Torkoal||Charcoal|Drought|Eruption,WeatherBall,ClearSmog,Protect|||F|||50|,,,,,Fire]Ursaluna||FlameOrb|Guts|Facade,HeadlongRush,Earthquake,Protect|||M|||50|,,,,,Ghost]Exeggutor||FocusSash|Chlorophyll|ExpandingForce,LeafStorm,SleepPowder,TrickRoom|||M|||50|,,,,,Psychic]Zoroark-Hisui||ChoiceSpecs|Illusion|HyperBeam,HyperVoice,ShadowBall,FocusBlast|||M|||50|,,,,,Normal
|showteam|p2|Sneasler||FocusSash|PoisonTouch|DireClaw,CloseCombat,FakeOut,Protect|||F|||50|,,,,,Ghost]Rillaboom||AssaultVest|GrassySurge|WoodHammer,GrassyGlide,HighHorsepower,FakeOut|||M|||50|,,,,,Fire]Electabuzz||Eviolite|VitalSpirit|Thunderbolt,FollowMe,Taunt,Protect|||F|||50|,,,,,Ghost]Volcarona||Leftovers|FlameBody|HeatWave,TeraBlast,QuiverDance,Protect|||F|||50|,,,,,Fairy]Kingambit||BlackGlasses|Defiant|KowtowCleave,SuckerPunch,SwordsDance,Protect|||F|||50|,,,,,Dark]Basculegion||ChoiceScarf|Adaptability|WaveCrash,FlipTurn,AquaJet,LastRespects|||M|||50|,,,,,Water
|inactive|Battle timer is ON: inactive players will automatically lose when time's up. (requested by EgoJJ)
|
|t:|1757023282
|teamsize|p1|4
|teamsize|p2|4
|start
|switch|p1a: Indeedee|Indeedee-F, L50, F|100/100
|switch|p1b: Exeggutor|Exeggutor, L50, M|100/100
|switch|p2a: Electabuzz|Electabuzz, L50, F|100/100
|switch|p2b: Basculegion|Basculegion, L50, M|100/100
|-fieldstart|move: Psychic Terrain|[from] ability: Psychic Surge|[of] p1a: Indeedee
|turn|1
|inactive|davirru6 has 30 seconds left.
|
|t:|1757023312
|-terastallize|p2b: Basculegion|Water
|-terastallize|p1b: Exeggutor|Normal
|move|p1a: Indeedee|Helping Hand|p1b: Exeggutor
|-singleturn|p1b: Exeggutor|Helping Hand|[of] p1a: Indeedee
|move|p2b: Basculegion|Wave Crash|p1a: Indeedee
|-damage|p1a: Indeedee|10/100
|-damage|p2b: Basculegion|84/100|[from] item: Rocky Helmet|[of] p1a: Indeedee
|-damage|p2b: Basculegion|57/100|[from] Recoil
|move|p1b: Exeggutor|Hyper Voice|p2a: Electabuzz|[spread] p2a,p2b
|-crit|p2a: Electabuzz
|-damage|p2a: Electabuzz|0 fnt
|-damage|p2b: Basculegion|0 fnt
|faint|p2a: Electabuzz
|faint|p2b: Basculegion
|
|upkeep
|
|t:|1757023329
|switch|p2a: Rillaboom|Rillaboom, L50, M|100/100
|switch|p2b: Kingambit|Kingambit, L50, F|100/100
|-fieldstart|move: Grassy Terrain|[from] ability: Grassy Surge|[of] p2a: Rillaboom
|turn|2
|
|t:|1757023350
|switch|p1b: Exeggutor|Exeggutor, L50, M|100/100
|switch|p1a: Gallade|Gallade, L50, M|100/100
|move|p2a: Rillaboom|Grassy Glide|p1a: Gallade
|-crit|p1a: Gallade
|-damage|p1a: Gallade|26/100
|move|p2b: Kingambit|Swords Dance|p2b: Kingambit
|-boost|p2b: Kingambit|atk|2
|
|-heal|p1a: Gallade|32/100|[from] Grassy Terrain
|upkeep
|turn|3
|inactive|EgoJJ has 30 seconds left.
|
|t:|1757023385
|switch|p1a: Indeedee|Indeedee-F, L50, F|10/100
|-fieldstart|move: Psychic Terrain|[from] ability: Psychic Surge|[of] p1a: Indeedee
|move|p2b: Kingambit|Protect|p2b: Kingambit
|-singleturn|p2b: Kingambit|Protect
|move|p2a: Rillaboom|Grassy Glide|p1a: Indeedee
|-damage|p1a: Indeedee|0 fnt
|-damage|p2a: Rillaboom|84/100|[from] item: Rocky Helmet|[of] p1a: Indeedee
|faint|p1a: Indeedee
|move|p1b: Exeggutor|Expanding Force|p2b: Kingambit|[spread] p2a
|-activate|p2b: Kingambit|move: Protect
|-damage|p2a: Rillaboom|37/100
|
|upkeep
|
|t:|1757023399
|switch|p1a: Gallade|Gallade, L50, M, tera:Normal|100/100
|turn|4
|inactive|davirru6 has 30 seconds left.
|inactive|EgoJJ has 30 seconds left.
|inactive|davirru6 has 20 seconds left.
|inactive|davirru6 has 15 seconds left.
|
|t:|1757023442
|move|p2b: Kingambit|Sucker Punch|p1a: Gallade
|-activate|p1a: Gallade|move: Psychic Terrain
|move|p1a: Gallade|Hyper Voice|p2a: Rillaboom|[spread] p2a,p2b
|-resisted|p2b: Kingambit
|-damage|p2a: Rillaboom|0 fnt
|-damage|p2b: Kingambit|67/100
|faint|p2a: Rillaboom
|move|p1b: Exeggutor|Expanding Force|p2b: Kingambit
|-immune|p2b: Kingambit
|
|upkeep
|turn|5
|
|t:|1757023458
|switch|p1a: Gallade|Gallade, L50, M|32/100
|move|p1b: Exeggutor|Sleep Powder|p2b: Kingambit|[miss]
|-miss|p1b: Exeggutor|p2b: Kingambit
|move|p2b: Kingambit|Kowtow Cleave|p1a: Gallade
|-damage|p1a: Gallade|0 fnt
|faint|p1a: Gallade
|
|upkeep
|
|t:|1757023464
|switch|p1a: Exeggutor|Exeggutor, L50, M, tera:Normal|100/100
|turn|6
|
|t:|1757023482
|move|p1a: Exeggutor|Focus Blast|p2b: Kingambit
|-supereffective|p2b: Kingambit
|-damage|p2b: Kingambit|0 fnt
|faint|p2b: Kingambit
|
|win|EgoJJ
|raw|EgoJJ's rating: 1172 → 1197(+25 for winning)
|raw|davirru6's rating: 1170 → 1145(-25 for losing)
|l|☆davirru6
|player|p2|
