|j|☆D-Rex22
|j|☆Gen4lover2
|html|D-Rex22Gen4lover2    
|uhtml|bestof|Game 1 of a best-of-3
|t:|1785852499
|gametype|doubles
|player|p1|D-Rex22|alder|1100
|player|p2|Gen4lover2|wallace|1262
|gen|9
|tier|[Gen 9 Champions] VGC 2026 Reg M-B (Bo3)
|rated|
|rule|Species Clause: Limit one of each Pokémon
|rule|Item Clause: Limit 1 of each item
|clearpoke
|poke|p1|Cofagrigus, L50, M|
|poke|p1|Espathra, L50, F|
|poke|p1|Lucario, L50, M|
|poke|p1|Torkoal, L50, M|
|poke|p1|Krookodile, L50, F, shiny|
|poke|p1|Volcarona, L50, F|
|poke|p2|Tyranitar, L50, M|
|poke|p2|Excadrill, L50, F|
|poke|p2|Staraptor, L50, F|
|poke|p2|Milotic, L50, F|
|poke|p2|Gholdengo, L50|
|poke|p2|Sinistcha-Masterpiece, L50|
|teampreview|4
|showteam|p1|Cofagrigus||Leftovers|Mummy|BodyPress,AllySwitch,TrickRoom,WillOWisp|Careful||M|||50|]Espathra||FocusSash|SpeedBoost|ShadowBall,Protect,SkillSwap,LuminaCrash|Hasty||F|||50|]Lucario||ChoiceScarf|InnerFocus|FinalGambit,HelpingHand,BulletPunch,Protect|Rash||M|||50|]Torkoal||Charcoal|Drought|Eruption,EarthPower,Protect,HeatWave|Calm||M|||50|]Krookodile||ExpertBelt|Intimidate|Taunt,KnockOff,LowKick,HighHorsepower|Naive||F|||50|]Volcarona||SitrusBerry|FlameBody|Tailwind,RagePowder,GigaDrain,FieryDance|Modest||F|||50|
|showteam|p2|Tyranitar||Tyranitarite|SandStream|RockSlide,KnockOff,LowKick,Protect|Adamant||M|||50|]Excadrill||FocusSash|SandRush|HighHorsepower,IronHead,RockSlide,Protect|Adamant||F|||50|]Staraptor||Staraptite|Intimidate|BraveBird,CloseCombat,Tailwind,Protect|Jolly||F|||50|]Milotic||SitrusBerry|Competitive|Scald,IceBeam,Recover,Protect|Modest||F|||50|]Gholdengo||LifeOrb|GoodasGold|MakeItRain,ShadowBall,NastyPlot,Protect|Modest|||||50|]Sinistcha-Masterpiece||ColburBerry|Hospitality|MatchaGotcha,RagePowder,TrickRoom,Protect|Relaxed|||||50|
|inactive|Battle timer is ON: inactive players will automatically lose when time's up. (requested by Gen4lover2)
|inactive|Gen4lover2 has 60 seconds left.
|
|t:|1785852557
|teamsize|p1|4
|teamsize|p2|4
|start
|switch|p1a: Tutankamón|Cofagrigus, L50, M|100/100
|switch|p1b: Firulais|Lucario, L50, M|100/100
|switch|p2a: Sinistcha|Sinistcha-Masterpiece, L50|100/100
|switch|p2b: Milotic|Milotic, L50, F|100/100
|turn|1
|
|t:|1785852581
|move|p2a: Sinistcha|Rage Powder|p2a: Sinistcha
|-singleturn|p2a: Sinistcha|move: Rage Powder
|move|p1b: Firulais|Final Gambit|p2a: Sinistcha
|-immune|p2a: Sinistcha
|move|p2b: Milotic|Scald|p1a: Tutankamón
|-damage|p1a: Tutankamón|73/100
|move|p1a: Tutankamón|Trick Room|p1a: Tutankamón
|-fieldstart|move: Trick Room|[of] p1a: Tutankamón
|
|-heal|p1a: Tutankamón|80/100|[from] item: Leftovers
|upkeep
|turn|2
|
|t:|1785852605
|switch|p1b: Owei|Torkoal, L50, M|100/100
|-weather|SunnyDay|[from] ability: Drought|[of] p1b: Owei
|move|p1a: Tutankamón|Ally Switch|p1a: Tutankamón
|swap|p1a: Tutankamón|1|[from] move: Ally Switch
|move|p2a: Sinistcha|Matcha Gotcha|p1b: Tutankamón|[spread] p1a,p1b
|-resisted|p1a: Owei|1
|-damage|p1a: Owei|84/100
|-damage|p1b: Tutankamón|61/100
|move|p2b: Milotic|Scald|p1b: Tutankamón
|-damage|p1b: Tutankamón|47/100
|
|-weather|SunnyDay|[upkeep]
|-heal|p1b: Tutankamón|53/100|[from] item: Leftovers
|upkeep
|turn|3
|
|t:|1785852629
|switch|p2a: Tyranitar|Tyranitar, L50, M|100/100
|-weather|Sandstorm|[from] ability: Sand Stream|[of] p2a: Tyranitar
|move|p1a: Owei|Eruption|p2a: Tyranitar|[spread] p2a,p2b
|-resisted|p2a: Tyranitar|1
|-resisted|p2b: Milotic|1
|-damage|p2a: Tyranitar|85/100
|-damage|p2b: Milotic|82/100
|move|p1b: Tutankamón|Body Press|p2b: Milotic
|-damage|p2b: Milotic|56/100
|move|p2b: Milotic|Scald|p1b: Tutankamón
|-damage|p1b: Tutankamón|26/100
|
|-weather|Sandstorm|[upkeep]
|-damage|p1a: Owei|77/100|[from] Sandstorm
|-damage|p1b: Tutankamón|20/100y|[from] Sandstorm
|-damage|p2b: Milotic|50/100g|[from] Sandstorm
|-heal|p1b: Tutankamón|26/100|[from] item: Leftovers
|upkeep
|turn|4
|inactive|D-Rex22 has 30 seconds left.
|inactive|Gen4lover2 has 30 seconds left.
|
|t:|1785852655
|switch|p2a: Sinistcha|Sinistcha-Masterpiece, L50|100/100
|-heal|p2b: Milotic|75/100|[from] ability: Hospitality|[of] p2a: Sinistcha
|move|p1a: Owei|Earth Power|p2a: Sinistcha
|-resisted|p2a: Sinistcha|1
|-damage|p2a: Sinistcha|87/100
|move|p1b: Tutankamón|Body Press|p2a: Sinistcha
|-immune|p2a: Sinistcha
|move|p2b: Milotic|Scald|p1b: Tutankamón
|-damage|p1b: Tutankamón|0 fnt
|faint|p1b: Tutankamón
|
|-weather|Sandstorm|[upkeep]
|-damage|p1a: Owei|71/100|[from] Sandstorm
|-damage|p2a: Sinistcha|81/100|[from] Sandstorm
|-damage|p2b: Milotic|69/100|[from] Sandstorm
|upkeep
|
|t:|1785852679
|switch|p1b: Doechii|Krookodile, L50, F, shiny|100/100
|-ability|p1b: Doechii|Intimidate|boost
|-unboost|p2a: Sinistcha|atk|1
|-unboost|p2b: Milotic|atk|1
|-ability|p2b: Milotic|Competitive|boost
|-boost|p2b: Milotic|spa|2
|turn|5
|
|t:|1785852695
|move|p1a: Owei|Protect|p1a: Owei
|-singleturn|p1a: Owei|Protect
|move|p2a: Sinistcha|Rage Powder|p2a: Sinistcha
|-singleturn|p2a: Sinistcha|move: Rage Powder
|move|p2b: Milotic|Scald|p1b: Doechii
|-supereffective|p1b: Doechii|1
|-damage|p1b: Doechii|0 fnt
|faint|p1b: Doechii
|
|-weather|Sandstorm|[upkeep]
|-damage|p1a: Owei|65/100|[from] Sandstorm
|-damage|p2a: Sinistcha|75/100|[from] Sandstorm
|-damage|p2b: Milotic|63/100|[from] Sandstorm
|-fieldend|move: Trick Room
|upkeep
|-message|D-Rex22 forfeited.
|
|win|Gen4lover2
|l|☆D-Rex22
|player|p1|
