|j|☆Lucario191
|j|☆aqoursfan1
|html|Lucario191aqoursfan1    
|uhtml|bestof|Game 1 of a best-of-3
|t:|1785649280
|gametype|doubles
|player|p1|Lucario191|steven|1096
|player|p2|aqoursfan1|anabel-gen7|1188
|gen|9
|tier|[Gen 9 Champions] VGC 2026 Reg M-B (Bo3)
|rated|
|rule|Species Clause: Limit one of each Pokémon
|rule|Item Clause: Limit 1 of each item
|clearpoke
|poke|p1|Charizard, L50, F, shiny|
|poke|p1|Whimsicott, L50, F, shiny|
|poke|p1|Excadrill, L50, F, shiny|
|poke|p1|Incineroar, L50, M, shiny|
|poke|p1|Kingambit, L50, F, shiny|
|poke|p1|Basculegion, L50, M, shiny|
|poke|p2|Raichu, L50, M|
|poke|p2|Gengar, L50, M|
|poke|p2|Incineroar, L50, M|
|poke|p2|Ninetales-Alola, L50, F, shiny|
|poke|p2|Kingambit, L50, M|
|poke|p2|Kommo-o, L50, M|
|teampreview|4
|showteam|p1|Charizard||CharizarditeY|SolarPower|SolarBeam,HeatWave,ScorchingSands,Protect|Modest||F|||50|]Whimsicott||FocusSash|Prankster|Moonblast,Encore,FakeTears,Tailwind|Serious||F|||50|]Excadrill||Excadrite|MoldBreaker|Protect,IronHead,HighHorsepower,RockSlide|Adamant||F|||50|]Incineroar||SitrusBerry|Intimidate|FakeOut,FlareBlitz,DarkestLariat,PartingShot|Adamant||M|||50|]Kingambit||BlackGlasses|Defiant|SwordsDance,KowtowCleave,IronHead,SuckerPunch|Brave||F|||50|]Basculegion||ChoiceScarf|Adaptability|LastRespects,WaveCrash,PsychicFangs,Soak|Jolly||M|||50|
|showteam|p2|Raichu||RaichuniteX|LightningRod|VoltTackle,VoltSwitch,FakeOut,Protect|Jolly||M|||50|]Gengar||Gengarite|CursedBody|ShadowBall,SludgeBomb,Substitute,Protect|Modest||M|||50|]Incineroar||SitrusBerry|Intimidate|FlareBlitz,ThroatChop,PartingShot,FakeOut|Impish||M|||50|]Ninetales-Alola||ChoiceScarf|SnowWarning|Blizzard,FreezeDry,IcyWind,Moonblast|Timid||F|||50|]Kingambit||ChopleBerry|Defiant|KowtowCleave,SuckerPunch,IronHead,Protect|Adamant||M|||50|]Kommo-o||Leftovers|Soundproof|ClangingScales,AuraSphere,ClangorousSoul,Protect|Modest||M|||50|
|inactive|Battle timer is ON: inactive players will automatically lose when time's up. (requested by aqoursfan1)
|inactive|Lucario191 has 60 seconds left.
|inactive|aqoursfan1 has 60 seconds left.
|inactive|aqoursfan1 has 30 seconds left.
|
|t:|1785649347
|teamsize|p1|4
|teamsize|p2|4
|start
|switch|p1a: Whimsicott|Whimsicott, L50, F, shiny|100/100
|switch|p1b: Charizard|Charizard, L50, F, shiny|100/100
|switch|p2a: Incineroar|Incineroar, L50, M|100/100
|switch|p2b: Gengar|Gengar, L50, M|100/100
|-ability|p2a: Incineroar|Intimidate|boost
|-unboost|p1a: Whimsicott|atk|1
|-unboost|p1b: Charizard|atk|1
|turn|1
|
|t:|1785649356
|detailschange|p2b: Gengar|Gengar-Mega, L50, M
|-mega|p2b: Gengar|Gengar|Gengarite
|move|p1b: Charizard|Protect|p1b: Charizard
|-singleturn|p1b: Charizard|Protect
|move|p2a: Incineroar|Fake Out|p1b: Charizard
|-activate|p1b: Charizard|move: Protect
|move|p1a: Whimsicott|Tailwind|p1a: Whimsicott
|-sidestart|p1: Lucario191|move: Tailwind
|move|p2b: Gengar|Sludge Bomb|p1a: Whimsicott
|-supereffective|p1a: Whimsicott|2
|-enditem|p1a: Whimsicott|Focus Sash
|-damage|p1a: Whimsicott|1/100
|
|upkeep
|turn|2
|
|t:|1785649377
|detailschange|p1b: Charizard|Charizard-Mega-Y, L50, F, shiny
|-mega|p1b: Charizard|Charizard|Charizardite Y
|-weather|SunnyDay|[from] ability: Drought|[of] p1b: Charizard
|move|p1a: Whimsicott|Fake Tears|p2b: Gengar
|-unboost|p2b: Gengar|spd|2
|move|p1b: Charizard|Scorching Sands|p2b: Gengar
|-supereffective|p2b: Gengar|1
|-damage|p2b: Gengar|0 fnt
|faint|p2b: Gengar
|move|p2a: Incineroar|Parting Shot|p1b: Charizard
|-unboost|p1b: Charizard|atk|1
|-unboost|p1b: Charizard|spa|1
|
|t:|1785649386
|switch|p2a: Kommo-o|Kommo-o, L50, M|100/100|[from] Parting Shot
|
|-weather|SunnyDay|[upkeep]
|upkeep
|
|t:|1785649391
|switch|p2b: Incineroar|Incineroar, L50, M|100/100
|-ability|p2b: Incineroar|Intimidate|boost
|-unboost|p1a: Whimsicott|atk|1
|-unboost|p1b: Charizard|atk|1
|turn|3
|
|t:|1785649405
|switch|p1b: Incineroar|Incineroar, L50, M, shiny|100/100
|-ability|p1b: Incineroar|Intimidate|boost
|-unboost|p2a: Kommo-o|atk|1
|-unboost|p2b: Incineroar|atk|1
|move|p2b: Incineroar|Fake Out|p1a: Whimsicott
|-damage|p1a: Whimsicott|0 fnt
|faint|p1a: Whimsicott
|move|p2a: Kommo-o|Clangorous Soul|p2a: Kommo-o
|-boost|p2a: Kommo-o|atk|1
|-boost|p2a: Kommo-o|def|1
|-boost|p2a: Kommo-o|spa|1
|-boost|p2a: Kommo-o|spd|1
|-boost|p2a: Kommo-o|spe|1
|-damage|p2a: Kommo-o|67/100
|
|-weather|SunnyDay|[upkeep]
|-heal|p2a: Kommo-o|73/100|[from] item: Leftovers
|upkeep
|
|t:|1785649415
|switch|p1a: Charizard|Charizard-Mega-Y, L50, F, shiny|100/100
|turn|4
|
|t:|1785649426
|move|p1b: Incineroar|Fake Out|p2a: Kommo-o
|-damage|p2a: Kommo-o|64/100
|move|p1a: Charizard|Scorching Sands|p2a: Kommo-o
|-damage|p2a: Kommo-o|42/100
|-status|p2a: Kommo-o|brn
|cant|p2a: Kommo-o|flinch
|move|p2b: Incineroar|Parting Shot|p1a: Charizard
|-unboost|p1a: Charizard|atk|1
|-unboost|p1a: Charizard|spa|1
|
|t:|1785649429
|switch|p2b: Kingambit|Kingambit, L50, M|100/100|[from] Parting Shot
|
|-weather|SunnyDay|[upkeep]
|-heal|p2a: Kommo-o|48/100 brn|[from] item: Leftovers
|-damage|p2a: Kommo-o|42/100 brn|[from] brn
|-sideend|p1: Lucario191|move: Tailwind
|upkeep
|turn|5
|
|t:|1785649447
|move|p2b: Kingambit|Protect|p2b: Kingambit
|-singleturn|p2b: Kingambit|Protect
|move|p2a: Kommo-o|Aura Sphere|p1b: Incineroar
|-supereffective|p1b: Incineroar|1
|-damage|p1b: Incineroar|1/100
|-enditem|p1b: Incineroar|Sitrus Berry|[eat]
|-heal|p1b: Incineroar|25/100|[from] item: Sitrus Berry
|move|p1a: Charizard|Heat Wave|p2b: Kingambit|[spread] p2a
|-activate|p2b: Kingambit|move: Protect
|-resisted|p2a: Kommo-o|1
|-damage|p2a: Kommo-o|24/100 brn
|move|p1b: Incineroar|Flare Blitz|p2b: Kingambit
|-activate|p2b: Kingambit|move: Protect
|
|-weather|SunnyDay|[upkeep]
|-heal|p2a: Kommo-o|30/100 brn|[from] item: Leftovers
|-damage|p2a: Kommo-o|24/100 brn|[from] brn
|upkeep
|turn|6
|
|t:|1785649457
|move|p2b: Kingambit|Sucker Punch|p1a: Charizard
|-damage|p1a: Charizard|50/100g
|move|p2a: Kommo-o|Clanging Scales|p1b: Incineroar|[spread] p1a,p1b
|-damage|p1a: Charizard|0 fnt
|-damage|p1b: Incineroar|0 fnt
|faint|p1a: Charizard
|faint|p1b: Incineroar
|-unboost|p2a: Kommo-o|def|1
|
|-weather|none
|-heal|p2a: Kommo-o|30/100 brn|[from] item: Leftovers
|-damage|p2a: Kommo-o|24/100 brn|[from] brn
|upkeep
|
|t:|1785649468
|switch|p1b: Basculegion|Basculegion, L50, M, shiny|100/100
|turn|7
|
|t:|1785649476
|move|p2a: Kommo-o|Protect|p2a: Kommo-o
|-singleturn|p2a: Kommo-o|Protect
|move|p1b: Basculegion|Wave Crash|p2a: Kommo-o
|-activate|p2a: Kommo-o|move: Protect
|move|p2b: Kingambit|Kowtow Cleave|p1b: Basculegion
|-supereffective|p1b: Basculegion|1
|-crit|p1b: Basculegion
|-damage|p1b: Basculegion|0 fnt
|faint|p1b: Basculegion
|
|win|aqoursfan1
