|badge|p2|silver|gen9ou|30-6
|uhtml|medal-msg|Curious what those medals under the avatar are? PS now has Ladder Seasons! For more information, check out the thread on Smogon.
|j|☆CuboX11n
|j|☆JackRG1
|html|CuboX11nJackRG1    
|uhtml|bestof|Game 1 of a best-of-3
|t:|1757796298
|gametype|doubles
|player|p1|CuboX11n|crasherwake|1277
|player|p2|JackRG1|dawn-gen4pt|1287
|gen|9
|tier|[Gen 9] VGC 2025 Reg H (Bo3)
|rated|
|rule|Species Clause: Limit one of each Pokémon
|rule|Item Clause: Limit 1 of each item
|clearpoke
|poke|p1|Tyranitar, L50, M|
|poke|p1|Garchomp, L50, M|
|poke|p1|Basculegion, L50, M|
|poke|p1|Volcarona, L50, F|
|poke|p1|Sinistcha, L50|
|poke|p1|Grimmsnarl, L50, M|
|poke|p2|Tyranitar, L50, F|
|poke|p2|Excadrill, L50, F|
|poke|p2|Corviknight, L50, M|
|poke|p2|Glimmora, L50, M|
|poke|p2|Indeedee-F, L50, F|
|poke|p2|Hatterene, L50, F|
|teampreview|4
|showteam|p1|Tyranitar||AssaultVest|SandStream|LowKick,TeraBlast,RockSlide,KnockOff|||M|||50|,,,,,Flying]Garchomp||LoadedDice|SandVeil|StompingTantrum,ScaleShot,SwordsDance,Protect|||M|||50|,,,,,Steel]Basculegion||ChoiceScarf|Adaptability|LastRespects,WaveCrash,FlipTurn,AquaJet|||M|||50|,,,,,Ghost]Volcarona||Leftovers|FlameBody|HeatWave,GigaDrain,QuiverDance,Protect|||F|||50|,,,,,Grass]Sinistcha||SitrusBerry|Hospitality|MatchaGotcha,LifeDew,RagePowder,TrickRoom||||||50|,,,,,Water]Grimmsnarl||LightClay|Prankster|ThunderWave,LightScreen,Reflect,SpiritBreak|||M|||50|,,,,,Water
|showteam|p2|Tyranitar||AssaultVest|SandStream|RockSlide,KnockOff,TeraBlast,LowKick|||F|||50|,,,,,Flying]Excadrill||FocusSash|SandRush|Earthquake,HighHorsepower,IronHead,Protect|||F|||50|,,,,,Stellar]Corviknight||PsychicSeed|MirrorArmor|BraveBird,PowerTrip,BulkUp,Roost|||M|||50|,,,,,Grass]Glimmora||ChoiceScarf|ToxicDebris|DazzlingGleam,PowerGem,EarthPower,SludgeBomb|||M|||50|,,,,,Fairy]Indeedee-F||SafetyGoggles|PsychicSurge|FollowMe,Psychic,TrickRoom,Protect|||F|||50|,,,,,Poison]Hatterene||LifeOrb|MagicBounce|TrickRoom,Protect,ExpandingForce,DazzlingGleam|||F|||50|,,,,,Fairy
|inactive|Battle timer is ON: inactive players will automatically lose when time's up. (requested by JackRG1)
|inactive|JackRG1 has 60 seconds left.
|inactive|JackRG1 has 30 seconds left.
|inactive|JackRG1 has 20 seconds left.
|inactive|JackRG1 has 15 seconds left.
|
|t:|1757796382
|teamsize|p1|4
|teamsize|p2|4
|start
|switch|p1a: Volcarona|Volcarona, L50, F|100/100
|switch|p1b: Grimmsnarl|Grimmsnarl, L50, M, shiny|100/100
|switch|p2a: Hatterene|Hatterene, L50, F|100/100
|switch|p2b: Glimmora|Glimmora, L50, M|100/100
|turn|1
|
|t:|1757796400
|-terastallize|p1a: Volcarona|Grass
|move|p1b: Grimmsnarl|Light Screen|p1b: Grimmsnarl
|-sidestart|p1: CuboX11n|move: Light Screen
|move|p2b: Glimmora|Sludge Bomb|p1a: Volcarona
|-supereffective|p1a: Volcarona
|-damage|p1a: Volcarona|46/100
|move|p1a: Volcarona|Quiver Dance|p1a: Volcarona
|-boost|p1a: Volcarona|spa|1
|-boost|p1a: Volcarona|spd|1
|-boost|p1a: Volcarona|spe|1
|move|p2a: Hatterene|Trick Room|p2a: Hatterene
|-fieldstart|move: Trick Room|[of] p2a: Hatterene
|
|-heal|p1a: Volcarona|52/100|[from] item: Leftovers
|upkeep
|turn|2
|
|t:|1757796410
|move|p1a: Volcarona|Protect|p1a: Volcarona
|-singleturn|p1a: Volcarona|Protect
|move|p2a: Hatterene|Dazzling Gleam|p1a: Volcarona|[spread] p1b
|-activate|p1a: Volcarona|move: Protect
|-supereffective|p1b: Grimmsnarl
|-damage|p1b: Grimmsnarl|41/100
|-damage|p2a: Hatterene|91/100|[from] item: Life Orb
|move|p1b: Grimmsnarl|Spirit Break|p2a: Hatterene
|-damage|p2a: Hatterene|54/100
|-unboost|p2a: Hatterene|spa|1
|move|p2b: Glimmora|Sludge Bomb|p1a: Volcarona
|-activate|p1a: Volcarona|move: Protect
|
|-heal|p1a: Volcarona|58/100|[from] item: Leftovers
|upkeep
|turn|3
|
|t:|1757796433
|move|p2a: Hatterene|Dazzling Gleam|p1b: Grimmsnarl|[spread] p1a,p1b
|-supereffective|p1b: Grimmsnarl
|-damage|p1a: Volcarona|46/100
|-damage|p1b: Grimmsnarl|1/100
|-damage|p2a: Hatterene|44/100|[from] item: Life Orb
|move|p1b: Grimmsnarl|Spirit Break|p2b: Glimmora
|-resisted|p2b: Glimmora
|-crit|p2b: Glimmora
|-damage|p2b: Glimmora|70/100
|-unboost|p2b: Glimmora|spa|1
|-activate|p2b: Glimmora|ability: Toxic Debris
|-sidestart|p1: CuboX11n|move: Toxic Spikes
|move|p1a: Volcarona|Heat Wave|p2b: Glimmora|[spread] p2a,p2b
|-resisted|p2b: Glimmora
|-damage|p2a: Hatterene|0 fnt
|-damage|p2b: Glimmora|32/100
|faint|p2a: Hatterene
|move|p2b: Glimmora|Sludge Bomb|p1a: Volcarona
|-supereffective|p1a: Volcarona
|-damage|p1a: Volcarona|21/100
|
|-heal|p1a: Volcarona|27/100|[from] item: Leftovers
|upkeep
|
|t:|1757796441
|switch|p2a: Tyranitar|Tyranitar, L50, F|100/100
|-weather|Sandstorm|[from] ability: Sand Stream|[of] p2a: Tyranitar
|turn|4
|
|t:|1757796453
|switch|p2b: Excadrill|Excadrill, L50, F|100/100
|move|p1a: Volcarona|Protect|p1a: Volcarona
|-singleturn|p1a: Volcarona|Protect
|move|p1b: Grimmsnarl|Reflect|p1b: Grimmsnarl
|-sidestart|p1: CuboX11n|Reflect
|move|p2a: Tyranitar|Knock Off|p1a: Volcarona
|-activate|p1a: Volcarona|move: Protect
|
|-weather|Sandstorm|[upkeep]
|-damage|p1b: Grimmsnarl|0 fnt|[from] Sandstorm
|-damage|p1a: Volcarona|21/100|[from] Sandstorm
|faint|p1b: Grimmsnarl
|-heal|p1a: Volcarona|27/100|[from] item: Leftovers
|upkeep
|
|t:|1757796463
|switch|p1b: Tyranitar|Tyranitar, L50, M|100/100
|-status|p1b: Tyranitar|psn
|turn|5
|
|t:|1757796475
|switch|p2a: Glimmora|Glimmora, L50, M|32/100
|move|p1b: Tyranitar|Low Kick|p2a: Glimmora
|-damage|p2a: Glimmora|6/100
|-activate|p2a: Glimmora|ability: Toxic Debris
|-sidestart|p1: CuboX11n|move: Toxic Spikes
|move|p1a: Volcarona|Heat Wave|p2a: Glimmora|[spread] p2b
|-miss|p1a: Volcarona|p2a: Glimmora
|-supereffective|p2b: Excadrill
|-enditem|p2b: Excadrill|Focus Sash
|-damage|p2b: Excadrill|1/100
|move|p2b: Excadrill|Earthquake|p1a: Volcarona|[spread] p2a,p1a,p1b
|-supereffective|p2a: Glimmora
|-resisted|p1a: Volcarona
|-supereffective|p1b: Tyranitar
|-damage|p2a: Glimmora|0 fnt
|-damage|p1a: Volcarona|13/100
|-damage|p1b: Tyranitar|56/100 psn
|faint|p2a: Glimmora
|
|-weather|Sandstorm|[upkeep]
|-damage|p1a: Volcarona|7/100|[from] Sandstorm
|-heal|p1a: Volcarona|13/100|[from] item: Leftovers
|-damage|p1b: Tyranitar|43/100 psn|[from] psn
|-fieldend|move: Trick Room
|upkeep
|
|t:|1757796489
|switch|p2a: Tyranitar|Tyranitar, L50, F|100/100
|turn|6
|
|t:|1757796502
|move|p1a: Volcarona|Protect|p1a: Volcarona
|-singleturn|p1a: Volcarona|Protect
|move|p2b: Excadrill|Iron Head|p1a: Volcarona
|-activate|p1a: Volcarona|move: Protect
|move|p2a: Tyranitar|Low Kick|p1b: Tyranitar
|-supereffective|p1b: Tyranitar
|-damage|p1b: Tyranitar|0 fnt
|faint|p1b: Tyranitar
|
|-weather|Sandstorm|[upkeep]
|-damage|p1a: Volcarona|7/100|[from] Sandstorm
|-heal|p1a: Volcarona|13/100|[from] item: Leftovers
|upkeep
|
|t:|1757796504
|switch|p1b: Garchomp|Garchomp, L50, M|100/100
|-status|p1b: Garchomp|tox
|turn|7
|
|t:|1757796516
|-terastallize|p2a: Tyranitar|Flying
|move|p1a: Volcarona|Protect||[still]
|-fail|p1a: Volcarona
|move|p2b: Excadrill|Iron Head|p1a: Volcarona
|-damage|p1a: Volcarona|0 fnt
|faint|p1a: Volcarona
|move|p1b: Garchomp|Stomping Tantrum|p2b: Excadrill
|-supereffective|p2b: Excadrill
|-damage|p2b: Excadrill|0 fnt
|faint|p2b: Excadrill
|move|p2a: Tyranitar|Tera Blast|p1b: Garchomp|[anim] Tera Blast Flying
|-damage|p1b: Garchomp|71/100 tox
|
|-weather|Sandstorm|[upkeep]
|-damage|p2a: Tyranitar|95/100|[from] Sandstorm
|-damage|p1b: Garchomp|65/100 tox|[from] psn
|upkeep
|turn|8
|inactive|CuboX11n has 30 seconds left.
|
|t:|1757796544
|move|p1b: Garchomp|Swords Dance|p1b: Garchomp
|-boost|p1b: Garchomp|atk|2
|move|p2a: Tyranitar|Knock Off|p1b: Garchomp
|-damage|p1b: Garchomp|29/100 tox
|-enditem|p1b: Garchomp|Loaded Dice|[from] move: Knock Off|[of] p2a: Tyranitar
|
|-weather|none
|-damage|p1b: Garchomp|17/100 tox|[from] psn
|-sideend|p1: CuboX11n|move: Light Screen
|upkeep
|turn|9
|
|t:|1757796553
|move|p1b: Garchomp|Scale Shot|p2a: Tyranitar
|-damage|p2a: Tyranitar|72/100
|-damage|p2a: Tyranitar|52/100
|-damage|p2a: Tyranitar|31/100
|-hitcount|p2a: Tyranitar|3
|-unboost|p1b: Garchomp|def|1
|-boost|p1b: Garchomp|spe|1
|move|p2a: Tyranitar|Tera Blast|p1b: Garchomp|[anim] Tera Blast Flying
|-damage|p1b: Garchomp|0 fnt
|faint|p1b: Garchomp
|
|win|JackRG1
||JackRG1 is ready for game 2.
||CuboX11n is ready for game 2.
|uhtml|next|Next: Game 2 of 3
