|j|☆sum1dum
|j|☆katkraydel
|html|sum1dumkatkraydel    
|uhtml|bestof|Game 1 of a best-of-3
|t:|1783177026
|gametype|doubles
|player|p1|sum1dum|rosa|1270
|player|p2|katkraydel|lebanne|1301
|gen|9
|tier|[Gen 9 Champions] VGC 2026 Reg M-B (Bo3)
|rated|
|rule|Species Clause: Limit one of each Pokémon
|rule|Item Clause: Limit 1 of each item
|clearpoke
|poke|p1|Gliscor, L50, F|
|poke|p1|Primarina, L50, M|
|poke|p1|Metagross, L50|
|poke|p1|Ninetales-Alola, L50, M|
|poke|p1|Incineroar, L50, M|
|poke|p1|Sinistcha, L50|
|poke|p2|Tyranitar, L50, F|
|poke|p2|Whimsicott, L50, F|
|poke|p2|Excadrill, L50, M|
|poke|p2|Kommo-o, L50, M|
|poke|p2|Venusaur, L50, M|
|poke|p2|Basculegion, L50, M|
|teampreview|4
|showteam|p1|Gliscor||LifeOrb|HyperCutter|DualWingbeat,HighHorsepower,Protect,RockSlide|Jolly||F|||50|]Primarina||Leftovers|LiquidVoice|CalmMind,HyperVoice,Moonblast,Protect|Modest||M|||50|]Metagross||Metagrossite|ClearBody|BulletPunch,IronHead,Protect,PsychicFangs|Jolly|||||50|]Ninetales-Alola||LightClay|SnowWarning|AuroraVeil,FreezeDry,Moonblast,Protect|Timid||M|||50|]Incineroar||ChopleBerry|Intimidate|FakeOut,FlareBlitz,DarkestLariat,PartingShot|Impish||M|||50|]Sinistcha||SitrusBerry|Hospitality|MatchaGotcha,Protect,LifeDew,RagePowder|Bold|||||50|
|showteam|p2|Tyranitar||Tyranitarite|SandStream|RockSlide,KnockOff,IcePunch,Protect|Adamant||F|||50|]Whimsicott||MentalHerb|Prankster|Moonblast,Tailwind,FakeTears,Protect|Bold||F|||50|]Excadrill||FocusSash|SandRush|HighHorsepower,IronHead,RockTomb,Protect|Adamant||M|||50|]Kommo-o||LifeOrb|Overcoat|ClangingScales,AuraSphere,FlashCannon,Protect|Modest||M|||50|]Venusaur||Venusaurite|Chlorophyll|EnergyBall,SludgeBomb,EarthPower,Protect|Modest||M|||50|]Basculegion||ChoiceScarf|Adaptability|WaveCrash,LastRespects,AquaJet,PsychicFangs|Adamant||M|||50|
|inactive|Battle timer is ON: inactive players will automatically lose when time's up. (requested by sum1dum)
|inactive|sum1dum has 60 seconds left.
|inactive|katkraydel has 60 seconds left.
|inactive|katkraydel has 30 seconds left.
|inactive|katkraydel has 20 seconds left.
|inactive|katkraydel has 15 seconds left.
|inactive|katkraydel has 10 seconds left.
|
|t:|1783177110
|teamsize|p1|4
|teamsize|p2|4
|start
|switch|p1a: Bravery|Gliscor, L50, F|100/100
|switch|p1b: Justice|Incineroar, L50, M|100/100
|switch|p2a: Tug of War|Excadrill, L50, M|100/100
|switch|p2b: my way|Tyranitar, L50, F|100/100
|-weather|Sandstorm|[from] ability: Sand Stream|[of] p2b: my way
|-ability|p1b: Justice|Intimidate|boost
|-unboost|p2a: Tug of War|atk|1
|-unboost|p2b: my way|atk|1
|turn|1
|c|☆sum1dum|song names?
|c|☆katkraydel|yes
|c|☆sum1dum|nice
|inactive|sum1dum has 30 seconds left.
|
|t:|1783177142
|move|p2a: Tug of War|Protect|p2a: Tug of War
|-singleturn|p2a: Tug of War|Protect
|move|p2b: my way|Protect|p2b: my way
|-singleturn|p2b: my way|Protect
|move|p1b: Justice|Fake Out|p2b: my way
|-activate|p2b: my way|move: Protect
|move|p1a: Bravery|High Horsepower|p2b: my way
|-activate|p2b: my way|move: Protect
|
|-weather|Sandstorm|[upkeep]
|-damage|p1b: Justice|94/100|[from] Sandstorm
|upkeep
|turn|2
|c|☆katkraydel|I do it with like all teams
|
|t:|1783177160
|switch|p1a: Patience|Primarina, L50, M|100/100
|detailschange|p2b: my way|Tyranitar-Mega, L50, F
|-mega|p2b: my way|Tyranitar|Tyranitarite
|move|p2a: Tug of War|High Horsepower|p1b: Justice
|-supereffective|p1b: Justice|1
|-damage|p1b: Justice|30/100
|move|p2b: my way|Ice Punch|p1a: Patience
|-resisted|p1a: Patience|1
|-damage|p1a: Patience|88/100
|move|p1b: Justice|Parting Shot|p2a: Tug of War
|-unboost|p2a: Tug of War|atk|1
|-unboost|p2a: Tug of War|spa|1
|
|t:|1783177177
|switch|p1b: Bravery|Gliscor, L50, F|100/100|[from] Parting Shot
|
|-weather|Sandstorm|[upkeep]
|-damage|p1a: Patience|82/100|[from] Sandstorm
|-heal|p1a: Patience|88/100|[from] item: Leftovers
|upkeep
|turn|3
|
|t:|1783177189
|move|p1b: Bravery|Protect|p1b: Bravery
|-singleturn|p1b: Bravery|Protect
|move|p2a: Tug of War|Iron Head|p1a: Patience
|-damage|p1a: Patience|64/100
|move|p2b: my way|Rock Slide|p1a: Patience|[spread] p1a
|-activate|p1b: Bravery|move: Protect
|-damage|p1a: Patience|37/100
|cant|p1a: Patience|flinch
|
|-weather|Sandstorm|[upkeep]
|-damage|p1a: Patience|31/100|[from] Sandstorm
|-heal|p1a: Patience|37/100|[from] item: Leftovers
|upkeep
|turn|4
|
|t:|1783177214
|switch|p1b: Perserverance|Metagross, L50|100/100
|move|p2a: Tug of War|Rock Tomb|p1b: Perserverance
|-resisted|p1b: Perserverance|1
|-damage|p1b: Perserverance|94/100
|move|p2b: my way|Ice Punch|p1b: Perserverance
|-resisted|p1b: Perserverance|1
|-damage|p1b: Perserverance|83/100
|move|p1a: Patience|Moonblast|p2b: my way
|-supereffective|p2b: my way|1
|-damage|p2b: my way|47/100
|
|-weather|Sandstorm|[upkeep]
|-damage|p1a: Patience|31/100|[from] Sandstorm
|-heal|p1a: Patience|37/100|[from] item: Leftovers
|upkeep
|turn|5
|
|t:|1783177224
|detailschange|p1b: Perserverance|Metagross-Mega, L50
|-mega|p1b: Perserverance|Metagross|Metagrossite
|move|p1b: Perserverance|Bullet Punch|p2a: Tug of War
|-resisted|p2a: Tug of War|1
|-damage|p2a: Tug of War|79/100
|move|p2a: Tug of War|Rock Tomb|p1b: Perserverance
|-resisted|p1b: Perserverance|1
|-crit|p1b: Perserverance
|-damage|p1b: Perserverance|70/100
|-unboost|p1b: Perserverance|spe|1
|move|p2b: my way|Knock Off|p1b: Perserverance
|-supereffective|p1b: Perserverance|1
|-damage|p1b: Perserverance|19/100
|move|p1a: Patience|Hyper Voice|p2b: my way|[spread] p2a,p2b
|-supereffective|p2a: Tug of War|1
|-crit|p2a: Tug of War
|-supereffective|p2b: my way|1
|-damage|p2a: Tug of War|0 fnt
|-damage|p2b: my way|10/100
|faint|p2a: Tug of War
|
|-weather|none
|-heal|p1a: Patience|43/100|[from] item: Leftovers
|upkeep
|
|t:|1783177240
|switch|p2a: fishing with you|Basculegion, L50, M|100/100
|turn|6
|
|t:|1783177255
|switch|p2b: Weeds|Venusaur, L50, M|100/100
|switch|p1a: Justice|Incineroar, L50, M|30/100
|-ability|p1a: Justice|Intimidate|boost
|-unboost|p2a: fishing with you|atk|1
|-unboost|p2b: Weeds|atk|1
|move|p2a: fishing with you|Aqua Jet|p1b: Perserverance
|-damage|p1b: Perserverance|5/100
|move|p1b: Perserverance|Psychic Fangs|p2a: fishing with you
|-damage|p2a: fishing with you|45/100
|
|upkeep
|turn|7
|inactive|katkraydel has 30 seconds left.
|inactive|sum1dum has 30 seconds left.
|
|t:|1783177289
|switch|p1a: Patience|Primarina, L50, M|43/100
|move|p1b: Perserverance|Protect|p1b: Perserverance
|-singleturn|p1b: Perserverance|Protect
|move|p2a: fishing with you|Aqua Jet|p1b: Perserverance
|-activate|p1b: Perserverance|move: Protect
|move|p2b: Weeds|Earth Power|p1a: Patience
|-damage|p1a: Patience|18/100
|
|-heal|p1a: Patience|24/100|[from] item: Leftovers
|upkeep
|turn|8
|
|t:|1783177305
|switch|p1b: Justice|Incineroar, L50, M|30/100
|-ability|p1b: Justice|Intimidate|boost
|-unboost|p2a: fishing with you|atk|1
|-unboost|p2b: Weeds|atk|1
|move|p1a: Patience|Protect|p1a: Patience
|-singleturn|p1a: Patience|Protect
|move|p2a: fishing with you|Aqua Jet|p1b: Justice
|-supereffective|p1b: Justice|1
|-damage|p1b: Justice|6/100
|move|p2b: Weeds|Sludge Bomb|p1a: Patience
|-activate|p1a: Patience|move: Protect
|
|-heal|p1a: Patience|30/100|[from] item: Leftovers
|upkeep
|turn|9
|
|t:|1783177317
|switch|p2a: my way|Tyranitar-Mega, L50, F|10/100
|-weather|Sandstorm|[from] ability: Sand Stream|[of] p2a: my way
|move|p2b: Weeds|Protect|p2b: Weeds
|-singleturn|p2b: Weeds|Protect
|move|p1b: Justice|Fake Out|p2b: Weeds
|-activate|p2b: Weeds|move: Protect
|move|p1a: Patience|Moonblast|p2a: my way
|-supereffective|p2a: my way|1
|-damage|p2a: my way|0 fnt
|faint|p2a: my way
|
|-weather|Sandstorm|[upkeep]
|-damage|p2b: Weeds|94/100|[from] Sandstorm
|-damage|p1b: Justice|1/100|[from] Sandstorm
|-damage|p1a: Patience|24/100|[from] Sandstorm
|-heal|p1a: Patience|30/100|[from] item: Leftovers
|upkeep
|
|t:|1783177326
|switch|p2a: fishing with you|Basculegion, L50, M|45/100
|turn|10
|
|t:|1783177344
|switch|p1b: Bravery|Gliscor, L50, F|100/100
|move|p1a: Patience|Protect|p1a: Patience
|-singleturn|p1a: Patience|Protect
|move|p2a: fishing with you|Last Respects|p1b: Bravery
|-damage|p1b: Bravery|5/100
|move|p2b: Weeds|Sludge Bomb|p1a: Patience
|-activate|p1a: Patience|move: Protect
|
|-weather|Sandstorm|[upkeep]
|-damage|p2a: fishing with you|39/100|[from] Sandstorm
|-damage|p2b: Weeds|88/100|[from] Sandstorm
|-damage|p1a: Patience|24/100|[from] Sandstorm
|-heal|p1a: Patience|30/100|[from] item: Leftovers
|upkeep
|turn|11
|c|☆sum1dum|holy gliscor
|
|t:|1783177367
|switch|p1a: Justice|Incineroar, L50, M|1/100
|-ability|p1a: Justice|Intimidate|boost
|-unboost|p2a: fishing with you|atk|1
|-unboost|p2b: Weeds|atk|1
|move|p1b: Bravery|Protect|p1b: Bravery
|-singleturn|p1b: Bravery|Protect
|move|p2a: fishing with you|Last Respects|p1b: Bravery
|-activate|p1b: Bravery|move: Protect
|move|p2b: Weeds|Energy Ball|p1a: Justice
|-resisted|p1a: Justice|1
|-damage|p1a: Justice|0 fnt
|faint|p1a: Justice
|
|-weather|Sandstorm|[upkeep]
|-damage|p2a: fishing with you|33/100|[from] Sandstorm
|-damage|p2b: Weeds|82/100|[from] Sandstorm
|upkeep
|
|t:|1783177377
|switch|p1a: Perserverance|Metagross-Mega, L50|5/100
|turn|12
|inactive|katkraydel has 30 seconds left.
|inactive|katkraydel has 20 seconds left.
|inactive|katkraydel has 15 seconds left.
|
|t:|1783177421
|move|p1a: Perserverance|Protect|p1a: Perserverance
|-singleturn|p1a: Perserverance|Protect
|move|p2a: fishing with you|Last Respects|p1a: Perserverance
|-activate|p1a: Perserverance|move: Protect
|move|p1b: Bravery|High Horsepower|p2a: fishing with you
|-damage|p2a: fishing with you|0 fnt
|faint|p2a: fishing with you
|-damage|p1b: Bravery|0 fnt|[from] item: Life Orb
|faint|p1b: Bravery
|move|p2b: Weeds|Energy Ball|p1a: Perserverance
|-activate|p1a: Perserverance|move: Protect
|
|-weather|Sandstorm|[upkeep]
|-damage|p2b: Weeds|76/100|[from] Sandstorm
|upkeep
|
|t:|1783177423
|switch|p1b: Patience|Primarina, L50, M|30/100
|turn|13
|
|t:|1783177432
|move|p1a: Perserverance|Psychic Fangs|p2b: Weeds
|-supereffective|p2b: Weeds|1
|-damage|p2b: Weeds|0 fnt
|faint|p2b: Weeds
|
|win|sum1dum
