|j|☆SomeKidJon
|j|☆MrGardnHose
|html|SomeKidJonMrGardnHose    
|uhtml|bestof|Game 1 of a best-of-3
|t:|1783342272
|gametype|doubles
|player|p1|SomeKidJon|scientistf|1160
|player|p2|MrGardnHose|jasmine-masters2|1182
|gen|9
|tier|[Gen 9 Champions] VGC 2026 Reg M-B (Bo3)
|rated|
|rule|Species Clause: Limit one of each Pokémon
|rule|Item Clause: Limit 1 of each item
|clearpoke
|poke|p1|Camerupt, L50, F|
|poke|p1|Farigiraf, L50, F|
|poke|p1|Primarina, L50, F|
|poke|p1|Hatterene, L50, F|
|poke|p1|Lopunny, L50, M|
|poke|p1|Staraptor, L50, M|
|poke|p2|Glimmora, L50, F|
|poke|p2|Whimsicott, L50, F|
|poke|p2|Charizard, L50, F|
|poke|p2|Kingambit, L50, F|
|poke|p2|Farigiraf, L50, F|
|poke|p2|Mamoswine, L50, M|
|teampreview|4
|showteam|p1|Camerupt||Cameruptite|SolidRock|AncientPower,HeatWave,EarthPower,Protect|Quiet||F|||50|]Farigiraf||SitrusBerry|ArmorTail|Protect,HelpingHand,DazzlingGleam,TrickRoom|Bold||F|||50|]Primarina||Leftovers|LiquidVoice|HyperVoice,Protect,Moonblast,CalmMind|Modest||F|||50|]Hatterene||FocusSash|MagicBounce|Psychic,Protect,DazzlingGleam,TrickRoom|Quiet||F|||50|]Lopunny||Lopunnite|Klutz|FakeOut,CloseCombat,AfterYou,TripleAxel|Jolly||M|||50|]Staraptor||ChoiceScarf|Intimidate|FinalGambit,DoubleEdge,BraveBird,Uturn|Adamant||M|||50|
|showteam|p2|Glimmora||Glimmoranite|ToxicDebris|PowerGem,SludgeBomb,EarthPower,SpikyShield|Timid||F|||50|]Whimsicott||FocusSash|Prankster|Tailwind,Encore,Protect,Moonblast|Timid||F|||50|]Charizard||CharizarditeY|Blaze|HeatWave,SolarBeam,WeatherBall,Protect|Modest||F|||50|]Kingambit||BlackGlasses|Defiant|SuckerPunch,KowtowCleave,LowKick,Protect|Adamant||F|||50|]Farigiraf||SitrusBerry|ArmorTail|Psychic,HelpingHand,TrickRoom,FoulPlay|Sassy||F|||50|]Mamoswine||LifeOrb|ThickFat|IceShard,IcicleCrash,HighHorsepower,Protect|Jolly||M|||50|
|
|t:|1783342307
|teamsize|p1|4
|teamsize|p2|4
|start
|switch|p1a: Lopunny|Lopunny, L50, M|100/100
|switch|p1b: Primarina|Primarina, L50, F|100/100
|switch|p2a: Mamoswine|Mamoswine, L50, M|100/100
|switch|p2b: Kingambit|Kingambit, L50, F|100/100
|turn|1
|
|t:|1783342321
|switch|p2b: Whimsicott|Whimsicott, L50, F|100/100
|detailschange|p1a: Lopunny|Lopunny-Mega, L50, M
|-mega|p1a: Lopunny|Lopunny|Lopunnite
|move|p2a: Mamoswine|Protect|p2a: Mamoswine
|-singleturn|p2a: Mamoswine|Protect
|move|p1a: Lopunny|Fake Out|p2b: Whimsicott
|-damage|p2b: Whimsicott|68/100
|move|p1b: Primarina|Calm Mind|p1b: Primarina
|-boost|p1b: Primarina|spa|1
|-boost|p1b: Primarina|spd|1
|
|upkeep
|turn|2
|
|t:|1783342336
|switch|p1a: Hatterene|Hatterene, L50, F|100/100
|move|p2b: Whimsicott|Tailwind|p2b: Whimsicott
|-sidestart|p2: MrGardnHose|move: Tailwind
|move|p2a: Mamoswine|Icicle Crash|p1a: Hatterene
|-damage|p1a: Hatterene|33/100
|-damage|p2a: Mamoswine|90/100|[from] item: Life Orb
|move|p1b: Primarina|Hyper Voice|p2a: Mamoswine|[spread] p2a,p2b
|-supereffective|p2a: Mamoswine|1
|-resisted|p2b: Whimsicott|1
|-damage|p2a: Mamoswine|0 fnt
|-damage|p2b: Whimsicott|26/100
|faint|p2a: Mamoswine
|
|upkeep
|
|t:|1783342340
|switch|p2a: Charizard|Charizard, L50, F|100/100
|turn|3
|
|t:|1783342349
|detailschange|p2a: Charizard|Charizard-Mega-Y, L50, F
|-mega|p2a: Charizard|Charizard|Charizardite Y
|-weather|SunnyDay|[from] ability: Drought|[of] p2a: Charizard
|move|p2b: Whimsicott|Moonblast|p1a: Hatterene
|-damage|p1a: Hatterene|0 fnt
|faint|p1a: Hatterene
|move|p2a: Charizard|Solar Beam||[still]
|-prepare|p2a: Charizard|Solar Beam
|-anim|p2a: Charizard|Solar Beam|p1b: Primarina
|-supereffective|p1b: Primarina|1
|-damage|p1b: Primarina|45/100
|move|p1b: Primarina|Hyper Voice|p2a: Charizard|[spread] p2a,p2b
|-supereffective|p2a: Charizard|1
|-resisted|p2b: Whimsicott|1
|-damage|p2a: Charizard|50/100g
|-damage|p2b: Whimsicott|5/100
|
|-weather|SunnyDay|[upkeep]
|-heal|p1b: Primarina|51/100|[from] item: Leftovers
|upkeep
|
|t:|1783342354
|switch|p1a: Lopunny|Lopunny-Mega, L50, M|100/100
|turn|4
|
|t:|1783342365
|move|p2b: Whimsicott|Protect|p2b: Whimsicott
|-singleturn|p2b: Whimsicott|Protect
|move|p2a: Charizard|Protect|p2a: Charizard
|-singleturn|p2a: Charizard|Protect
|move|p1a: Lopunny|Fake Out|p2a: Charizard
|-activate|p2a: Charizard|move: Protect
|move|p1b: Primarina|Hyper Voice|p2b: Whimsicott|[spread] 
|-activate|p2a: Charizard|move: Protect
|-activate|p2b: Whimsicott|move: Protect
|
|-weather|SunnyDay|[upkeep]
|-heal|p1b: Primarina|57/100|[from] item: Leftovers
|upkeep
|turn|5
|
|t:|1783342372
|switch|p1a: Staraptor|Staraptor, L50, M|100/100
|-ability|p1a: Staraptor|Intimidate|boost
|-unboost|p2a: Charizard|atk|1
|-unboost|p2b: Whimsicott|atk|1
|move|p1b: Primarina|Protect|p1b: Primarina
|-singleturn|p1b: Primarina|Protect
|move|p2b: Whimsicott|Moonblast|p1b: Primarina
|-activate|p1b: Primarina|move: Protect
|move|p2a: Charizard|Heat Wave|p1a: Staraptor|[spread] 
|-activate|p1b: Primarina|move: Protect
|-miss|p2a: Charizard|p1a: Staraptor
|
|-weather|SunnyDay|[upkeep]
|-heal|p1b: Primarina|63/100|[from] item: Leftovers
|-sideend|p2: MrGardnHose|move: Tailwind
|upkeep
|turn|6
|
|t:|1783342385
|move|p1a: Staraptor|U-turn|p2b: Whimsicott
|-damage|p2b: Whimsicott|0 fnt
|faint|p2b: Whimsicott
|
|t:|1783342387
|switch|p1a: Lopunny|Lopunny-Mega, L50, M|100/100|[from] U-turn
|move|p2a: Charizard|Heat Wave|p1a: Lopunny|[spread] p1b
|-miss|p2a: Charizard|p1a: Lopunny
|-resisted|p1b: Primarina|1
|-damage|p1b: Primarina|45/100
|-status|p1b: Primarina|brn
|move|p1b: Primarina|Hyper Voice|p2a: Charizard
|-supereffective|p2a: Charizard|1
|-damage|p2a: Charizard|0 fnt
|faint|p2a: Charizard
|
|-weather|SunnyDay|[upkeep]
|-heal|p1b: Primarina|51/100 brn|[from] item: Leftovers
|-damage|p1b: Primarina|45/100 brn|[from] brn
|upkeep
|
|t:|1783342397
|switch|p2a: Kingambit|Kingambit, L50, F|100/100
|turn|7
|-message|MrGardnHose forfeited.
|
|win|SomeKidJon
