|j|☆skar_lol
|j|☆EddyG_7889
|html|skar_lolEddyG_7889    
|uhtml|bestof|Game 1 of a best-of-3
|t:|1783837308
|gametype|doubles
|player|p1|skar_lol|hilda|
|player|p2|EddyG_7889|artist-gen4|
|gen|9
|tier|[Gen 9 Champions] VGC 2026 Reg M-B (Bo3)
|rule|Species Clause: Limit one of each Pokémon
|rule|Item Clause: Limit 1 of each item
|clearpoke
|poke|p1|Starmie, L50|
|poke|p1|Kingambit, L50, M|
|poke|p1|Sinistcha, L50|
|poke|p1|Archaludon, L50, F|
|poke|p1|Pelipper, L50, F|
|poke|p1|Basculegion, L50, M|
|poke|p2|Delphox, L50, M|
|poke|p2|Whimsicott, L50, F|
|poke|p2|Alcremie-Mint-Cream, L50, F|
|poke|p2|Ceruledge, L50, F|
|poke|p2|Pangoro, L50, F|
|poke|p2|Mimikyu, L50, F|
|teampreview|4
|showteam|p1|Starmie||Starminite|NaturalCure|Liquidation,ZenHeadbutt,AquaJet,Protect|Jolly|||||50|]Kingambit||OccaBerry|Defiant|KowtowCleave,SuckerPunch,Protect,IronHead|Adamant||M|||50|]Sinistcha||KasibBerry|Hospitality|MatchaGotcha,RagePowder,Protect|Calm|||||50|]Archaludon||Leftovers|Stamina|ElectroShot,FlashCannon,DracoMeteor,Protect|Timid||F|||50|]Pelipper||FocusSash|Drizzle|Hurricane,WeatherBall,WideGuard,Tailwind|Modest||F|||50|]Basculegion||ChoiceScarf|SwiftSwim|Liquidation,LastRespects,FlipTurn,WaveCrash|Adamant||M|||50|
|showteam|p2|Delphox||Delphoxite|Blaze|HeatWave,Psychic,Substitute,Protect|Timid||M|||50|]Whimsicott||FocusSash|Prankster|Moonblast,Tailwind,Protect,SunnyDay|Timid||F|||50|]Alcremie-Mint-Cream||SitrusBerry|SweetVeil|Decorate,DazzlingGleam,HelpingHand,Protect|Calm||F|||50|]Ceruledge||ColburBerry|FlashFire|BitterBlade,ShadowSneak,BulkUp,Protect|Adamant||F|||50|]Pangoro||ExpertBelt|IronFist|DrainPunch,KnockOff,BulletPunch,Protect|Brave||F|||50|]Mimikyu||LifeOrb|Disguise|TrickRoom,PlayRough,ShadowSneak,WoodHammer|Adamant||F|||50|
|
|t:|1783837328
|teamsize|p1|4
|teamsize|p2|4
|start
|switch|p1a: Pelipper|Pelipper, L50, F|100/100
|switch|p1b: Starmie|Starmie, L50|100/100
|switch|p2a: Madoka|Delphox, L50, M|100/100
|switch|p2b: Palomita|Whimsicott, L50, F|100/100
|-weather|RainDance|[from] ability: Drizzle|[of] p1a: Pelipper
|turn|1
|
|t:|1783837378
|detailschange|p1b: Starmie|Starmie-Mega, L50
|-mega|p1b: Starmie|Starmie|Starminite
|detailschange|p2a: Madoka|Delphox-Mega, L50, M
|-mega|p2a: Madoka|Delphox|Delphoxite
|move|p1b: Starmie|Aqua Jet|p2a: Madoka
|-supereffective|p2a: Madoka|1
|-damage|p2a: Madoka|0 fnt
|faint|p2a: Madoka
|move|p2b: Palomita|Tailwind|p2b: Palomita
|-sidestart|p2: EddyG_7889|move: Tailwind
|move|p1a: Pelipper|Tailwind|p1a: Pelipper
|-sidestart|p1: skar_lol|move: Tailwind
|
|-weather|RainDance|[upkeep]
|upkeep
|
|t:|1783837410
|switch|p2a: Kyubei|Mimikyu, L50, F|100/100
|turn|2
|
|t:|1783837427
|move|p1b: Starmie|Protect|p1b: Starmie
|-singleturn|p1b: Starmie|Protect
|move|p2b: Palomita|Sunny Day|p2b: Palomita
|-weather|SunnyDay
|move|p1a: Pelipper|Hurricane|p2b: Palomita
|-supereffective|p2b: Palomita|1
|-crit|p2b: Palomita
|-enditem|p2b: Palomita|Focus Sash
|-damage|p2b: Palomita|1/100
|-start|p2b: Palomita|confusion
|move|p2a: Kyubei|Wood Hammer|p1b: Starmie
|-activate|p1b: Starmie|move: Protect
|
|-weather|SunnyDay|[upkeep]
|upkeep
|turn|3
|
|t:|1783837467
|switch|p1b: Archaludon|Archaludon, L50, F|100/100
|switch|p2b: Made n China|Pangoro, L50, F|100/100
|move|p1a: Pelipper|Weather Ball|p2b: Made n China
|-damage|p2b: Made n China|49/100
|move|p2a: Kyubei|Trick Room|p2a: Kyubei
|-fieldstart|move: Trick Room|[of] p2a: Kyubei
|
|-weather|SunnyDay|[upkeep]
|upkeep
|turn|4
|
|t:|1783837520
|move|p1b: Archaludon|Protect|p1b: Archaludon
|-singleturn|p1b: Archaludon|Protect
|move|p2b: Made n China|Drain Punch|p1b: Archaludon
|-activate|p1b: Archaludon|move: Protect
|move|p2a: Kyubei|Play Rough|p1b: Archaludon
|-activate|p1b: Archaludon|move: Protect
|move|p1a: Pelipper|Weather Ball|p2b: Made n China
|-damage|p2b: Made n China|0 fnt
|faint|p2b: Made n China
|
|-weather|SunnyDay|[upkeep]
|-sideend|p1: skar_lol|move: Tailwind
|-sideend|p2: EddyG_7889|move: Tailwind
|upkeep
|
|t:|1783837529
|switch|p2b: Palomita|Whimsicott, L50, F|1/100
|turn|5
|
|t:|1783837568
|switch|p1a: Sinistcha|Sinistcha, L50|100/100
|move|p2b: Palomita|Protect|p2b: Palomita
|-singleturn|p2b: Palomita|Protect
|move|p2a: Kyubei|Play Rough|p1a: Sinistcha
|-damage|p1a: Sinistcha|55/100
|-damage|p2a: Kyubei|90/100|[from] item: Life Orb
|move|p1b: Archaludon|Flash Cannon|p2b: Palomita
|-activate|p2b: Palomita|move: Protect
|
|-weather|SunnyDay|[upkeep]
|upkeep
|turn|6
|
|t:|1783837631
|switch|p1a: Pelipper|Pelipper, L50, F|100/100
|-weather|RainDance|[from] ability: Drizzle|[of] p1a: Pelipper
|move|p2a: Kyubei|Play Rough|p1a: Pelipper
|-damage|p1a: Pelipper|33/100
|-damage|p2a: Kyubei|80/100|[from] item: Life Orb
|move|p1b: Archaludon|Electro Shot||[still]
|-prepare|p1b: Archaludon|Electro Shot
|-boost|p1b: Archaludon|spa|1
|-anim|p1b: Archaludon|Electro Shot|p2a: Kyubei
|-activate|p2a: Kyubei|ability: Disguise
|-damage|p2a: Kyubei|80/100
|detailschange|p2a: Kyubei|Mimikyu-Busted, L50, F
|-damage|p2a: Kyubei|67/100|[from] pokemon: Mimikyu-Busted
|move|p2b: Palomita|Moonblast|p1b: Archaludon
|-crit|p1b: Archaludon
|-damage|p1b: Archaludon|24/100
|-ability|p1b: Archaludon|Stamina|boost
|-boost|p1b: Archaludon|def|1
|
|-weather|RainDance|[upkeep]
|-heal|p1b: Archaludon|30/100|[from] item: Leftovers
|upkeep
|turn|7
|
|t:|1783837671
|switch|p1a: Sinistcha|Sinistcha, L50|55/100
|-heal|p1b: Archaludon|55/100|[from] ability: Hospitality|[of] p1a: Sinistcha
|move|p2b: Palomita|Tailwind|p2b: Palomita
|-sidestart|p2: EddyG_7889|move: Tailwind
|move|p1b: Archaludon|Flash Cannon|p2b: Palomita
|-supereffective|p2b: Palomita|1
|-damage|p2b: Palomita|0 fnt
|faint|p2b: Palomita
|move|p2a: Kyubei|Play Rough|p1a: Sinistcha
|-damage|p1a: Sinistcha|9/100
|-damage|p2a: Kyubei|58/100|[from] item: Life Orb
|
|-weather|RainDance|[upkeep]
|-heal|p1b: Archaludon|61/100|[from] item: Leftovers
|-fieldend|move: Trick Room
|upkeep
|turn|8
|
|t:|1783837696
|move|p1a: Sinistcha|Rage Powder|p1a: Sinistcha
|-singleturn|p1a: Sinistcha|move: Rage Powder
|move|p2a: Kyubei|Shadow Sneak|p1a: Sinistcha
|-supereffective|p1a: Sinistcha|1
|-enditem|p1a: Sinistcha|Kasib Berry|[eat]
|-enditem|p1a: Sinistcha|Kasib Berry|[weaken]
|-damage|p1a: Sinistcha|0 fnt
|faint|p1a: Sinistcha
|-damage|p2a: Kyubei|48/100|[from] item: Life Orb
|move|p1b: Archaludon|Electro Shot||[still]
|-prepare|p1b: Archaludon|Electro Shot
|-boost|p1b: Archaludon|spa|1
|-anim|p1b: Archaludon|Electro Shot|p2a: Kyubei
|-damage|p2a: Kyubei|0 fnt
|faint|p2a: Kyubei
|
|win|skar_lol
||EddyG_7889 is ready for game 2.
|inactive|skar_lol has 30 seconds to confirm battle start!
||skar_lol is ready for game 2.
|uhtml|next|Next: Game 2 of 3
