|j|☆treinadorzard
|j|☆Pikapoololol
|html|treinadorzardPikapoololol    
|uhtml|bestof|Game 1 of a best-of-3
|t:|1757822575
|gametype|doubles
|player|p1|treinadorzard|169|1283
|player|p2|Pikapoololol|ninjaboy|1254
|gen|9
|tier|[Gen 9] VGC 2025 Reg H (Bo3)
|rated|
|rule|Species Clause: Limit one of each Pokémon
|rule|Item Clause: Limit 1 of each item
|clearpoke
|poke|p1|Ribombee, L50, M|
|poke|p1|Kingambit, L50, F|
|poke|p1|Dragonite, L50, M|
|poke|p1|Incineroar, L50, F|
|poke|p1|Garchomp, L50, M|
|poke|p1|Archaludon, L50, M|
|poke|p2|Pelipper, L50, F|
|poke|p2|Archaludon, L50, F|
|poke|p2|Incineroar, L50, F|
|poke|p2|Kingdra, L50, M|
|poke|p2|Amoonguss, L50, M|
|poke|p2|Rillaboom, L50, M|
|teampreview|4
|showteam|p1|Ribombee||ChoiceSpecs|ShieldDust|Tailwind,Switcheroo,DazzlingGleam,Moonblast|||M|||50|,,,,,Ghost]Kingambit||AssaultVest|Defiant|KowtowCleave,SuckerPunch,IronHead,LowKick|||F|||50|,,,,,Dark]Dragonite||CovertCloak|Multiscale|TeraBlast,IceSpinner,ExtremeSpeed,Protect|||M|||50|,,,,,Flying]Incineroar||SafetyGoggles|Intimidate|FlareBlitz,KnockOff,PartingShot,FakeOut|||F|||50|,,,,,Ghost]Garchomp||ChoiceBand|RoughSkin|StompingTantrum,Earthquake,RockSlide,DragonClaw|||M|||50|,,,,,Steel]Archaludon||PowerHerb|Sturdy|ElectroShot,DracoMeteor,Protect,FlashCannon|||M|||50|,,,,,Stellar
|showteam|p2|Pelipper||FocusSash|Drizzle|Hurricane,WeatherBall,Tailwind,Protect|||F|||50|,,,,,Ground]Archaludon||AssaultVest|Stamina|ElectroShot,DragonPulse,FlashCannon,BodyPress|||F|||50|,,,,,Bug]Incineroar||SafetyGoggles|Intimidate|FlareBlitz,KnockOff,PartingShot,FakeOut|||F|||50|,,,,,Ghost]Kingdra||LifeOrb|SwiftSwim|DracoMeteor,WeatherBall,Protect,MuddyWater|||M|||50|,,,,,Stellar]Amoonguss||SitrusBerry|Regenerator|PollenPuff,Protect,RagePowder,Spore|||M|||50|,,,,,Psychic]Rillaboom||LoadedDice|GrassySurge|BulletSeed,GrassyGlide,HighHorsepower,FakeOut|||M|||50|,,,,,Fire
|inactive|Battle timer is ON: inactive players will automatically lose when time's up. (requested by treinadorzard)
|
|t:|1757822611
|teamsize|p1|4
|teamsize|p2|4
|start
|switch|p1a: Ribombee|Ribombee, L50, M|100/100
|switch|p1b: Dragonite|Dragonite, L50, M|100/100
|switch|p2a: Incineroar|Incineroar, L50, F|100/100
|switch|p2b: Kingdra|Kingdra, L50, M|100/100
|-ability|p2a: Incineroar|Intimidate|boost
|-unboost|p1a: Ribombee|atk|1
|-unboost|p1b: Dragonite|atk|1
|turn|1
|
|t:|1757822640
|switch|p2a: Pelipper|Pelipper, L50, F|100/100
|-weather|RainDance|[from] ability: Drizzle|[of] p2a: Pelipper
|-terastallize|p2b: Kingdra|Stellar
|-terastallize|p1b: Dragonite|Flying
|move|p2b: Kingdra|Draco Meteor|p1b: Dragonite
|-damage|p1b: Dragonite|48/100
|-unboost|p2b: Kingdra|spa|2
|-damage|p2b: Kingdra|91/100|[from] item: Life Orb
|move|p1a: Ribombee|Switcheroo|p2a: Pelipper
|-activate|p1a: Ribombee|move: Trick|[of] p2a: Pelipper
|-item|p2a: Pelipper|Choice Specs|[from] move: Switcheroo
|-item|p1a: Ribombee|Focus Sash|[from] move: Switcheroo
|move|p1b: Dragonite|Tera Blast|p2b: Kingdra|[anim] Tera Blast Flying
|-damage|p2b: Kingdra|38/100
|
|-weather|RainDance|[upkeep]
|upkeep
|turn|2
|inactive|treinadorzard has 30 seconds left.
|inactive|Pikapoololol has 30 seconds left.
|inactive|treinadorzard has 20 seconds left.
|inactive|treinadorzard has 15 seconds left.
|
|t:|1757822682
|switch|p2b: Incineroar|Incineroar, L50, F|100/100
|-ability|p2b: Incineroar|Intimidate|boost
|-unboost|p1a: Ribombee|atk|1
|-unboost|p1b: Dragonite|atk|1
|move|p1b: Dragonite|Extreme Speed|p2a: Pelipper
|-damage|p2a: Pelipper|79/100
|move|p1a: Ribombee|Dazzling Gleam|p2b: Incineroar|[spread] p2a,p2b
|-crit|p2b: Incineroar
|-damage|p2a: Pelipper|37/100
|-damage|p2b: Incineroar|70/100
|move|p2a: Pelipper|Weather Ball|p1b: Dragonite
|-crit|p1b: Dragonite
|-damage|p1b: Dragonite|0 fnt
|faint|p1b: Dragonite
|
|-weather|RainDance|[upkeep]
|upkeep
|
|t:|1757822699
|switch|p1b: Archaludon|Archaludon, L50, M|100/100
|turn|3
|
|t:|1757822710
|move|p1b: Archaludon|Protect|p1b: Archaludon
|-singleturn|p1b: Archaludon|Protect
|move|p2b: Incineroar|Fake Out|p1b: Archaludon
|-activate|p1b: Archaludon|move: Protect
|move|p1a: Ribombee|Tailwind|p1a: Ribombee
|-sidestart|p1: treinadorzard|move: Tailwind
|move|p2a: Pelipper|Weather Ball|p1a: Ribombee
|-enditem|p1a: Ribombee|Focus Sash
|-damage|p1a: Ribombee|1/100
|
|-weather|RainDance|[upkeep]
|upkeep
|turn|4
|
|t:|1757822730
|move|p1a: Ribombee|Moonblast|p2a: Pelipper
|-damage|p2a: Pelipper|0 fnt
|faint|p2a: Pelipper
|move|p1b: Archaludon|Electro Shot||[still]
|-prepare|p1b: Archaludon|Electro Shot
|-boost|p1b: Archaludon|spa|1
|-anim|p1b: Archaludon|Electro Shot|p2b: Incineroar
|-damage|p2b: Incineroar|11/100
|move|p2b: Incineroar|Parting Shot|p1b: Archaludon
|-unboost|p1b: Archaludon|atk|1
|-unboost|p1b: Archaludon|spa|1
|
|t:|1757822736
|switch|p2b: Archaludon|Archaludon, L50, F|100/100|[from] Parting Shot
|
|-weather|RainDance|[upkeep]
|upkeep
|
|t:|1757822739
|switch|p2a: Incineroar|Incineroar, L50, F|11/100
|-ability|p2a: Incineroar|Intimidate|boost
|-unboost|p1a: Ribombee|atk|1
|-unboost|p1b: Archaludon|atk|1
|turn|5
|
|t:|1757822752
|move|p1b: Archaludon|Protect|p1b: Archaludon
|-singleturn|p1b: Archaludon|Protect
|move|p2a: Incineroar|Fake Out|p1a: Ribombee
|-crit|p1a: Ribombee
|-damage|p1a: Ribombee|0 fnt
|faint|p1a: Ribombee
|move|p2b: Archaludon|Electro Shot||[still]
|-prepare|p2b: Archaludon|Electro Shot
|-boost|p2b: Archaludon|spa|1
|-anim|p2b: Archaludon|Electro Shot|p1b: Archaludon
|-activate|p1b: Archaludon|move: Protect
|
|-weather|none
|upkeep
|
|t:|1757822759
|switch|p1a: Kingambit|Kingambit, L50, F, shiny|100/100
|turn|6
|inactive|treinadorzard has 30 seconds left.
|inactive|Pikapoololol has 30 seconds left.
|
|t:|1757822787
|move|p1b: Archaludon|Electro Shot||[still]
|-prepare|p1b: Archaludon|Electro Shot
|-boost|p1b: Archaludon|spa|1
|-enditem|p1b: Archaludon|Power Herb
|-anim|p1b: Archaludon|Electro Shot|p2a: Incineroar
|-damage|p2a: Incineroar|0 fnt
|faint|p2a: Incineroar
|move|p1a: Kingambit|Kowtow Cleave|p2b: Archaludon
|-damage|p2b: Archaludon|65/100
|-ability|p2b: Archaludon|Stamina|boost
|-boost|p2b: Archaludon|def|1
|move|p2b: Archaludon|Body Press|p1a: Kingambit
|-supereffective|p1a: Kingambit
|-damage|p1a: Kingambit|0 fnt
|faint|p1a: Kingambit
|
|-sideend|p1: treinadorzard|move: Tailwind
|upkeep
|
|t:|1757822799
|switch|p2a: Kingdra|Kingdra, L50, M, tera:Stellar|38/100
|turn|7
|
|t:|1757822816
|move|p1b: Archaludon|Draco Meteor|p2b: Archaludon
|-damage|p2b: Archaludon|0 fnt
|-unboost|p1b: Archaludon|spa|2
|faint|p2b: Archaludon
|move|p2a: Kingdra|Draco Meteor|p1b: Archaludon|[miss]
|-miss|p2a: Kingdra|p1b: Archaludon
|
|upkeep
|turn|8
|
|t:|1757822825
|move|p1b: Archaludon|Draco Meteor|p2a: Kingdra
|-supereffective|p2a: Kingdra
|-damage|p2a: Kingdra|0 fnt
|-unboost|p1b: Archaludon|spa|2
|faint|p2a: Kingdra
|
|win|treinadorzard
||treinadorzard is ready for game 2.
||Pikapoololol is ready for game 2.
|uhtml|next|Next: Game 2 of 3
