|j|☆master 792
|j|☆Icebender
|html|master 792Icebender    
|uhtml|bestof|Game 1 of a best-of-3
|t:|1784251848
|gametype|doubles
|player|p1|master 792|red|1237
|player|p2|Icebender|birdkeeper-gen4dp|1260
|gen|9
|tier|[Gen 9 Champions] VGC 2026 Reg M-B (Bo3)
|rated|
|rule|Species Clause: Limit one of each Pokémon
|rule|Item Clause: Limit 1 of each item
|clearpoke
|poke|p1|Blastoise, L50, M|
|poke|p1|Delphox, L50, M|
|poke|p1|Incineroar, L50, M|
|poke|p1|Sneasler, L50, F|
|poke|p1|Sinistcha, L50, shiny|
|poke|p1|Maushold-Four, L50|
|poke|p2|Ceruledge, L50, M|
|poke|p2|Milotic, L50, M|
|poke|p2|Incineroar, L50, M|
|poke|p2|Sinistcha, L50|
|poke|p2|Raichu, L50, F|
|poke|p2|Scizor, L50, M|
|teampreview|4
|showteam|p1|Blastoise||Blastoisinite|RainDish|WaterSpout,DarkPulse,ShellSmash,Protect|Modest||M|||50|]Delphox||Delphoxite|Blaze|HeatWave,Psychic,NastyPlot,Protect|Timid||M|||50|]Incineroar||SitrusBerry|Intimidate|FakeOut,PartingShot,FlareBlitz,ThroatChop|Bold||M|||50|]Sneasler||FocusSash|PoisonTouch|FakeOut,DireClaw,CloseCombat,QuickGuard|Jolly||F|||50|]Sinistcha||OccaBerry|Hospitality|MatchaGotcha,LifeDew,RagePowder,Protect|Bold|||||50|]Maushold-Four||ChopleBerry|FriendGuard|FollowMe,SuperFang,Protect,Taunt|Bold|||||50|
|showteam|p2|Ceruledge||ColburBerry|FlashFire|BitterBlade,ShadowSneak,BulkUp,Protect|Adamant||M|||50|]Milotic||Leftovers|Competitive|MuddyWater,Coil,Hypnosis,Protect|Calm||M|||50|]Incineroar||SitrusBerry|Intimidate|FakeOut,FlareBlitz,ThroatChop,PartingShot|Impish||M|||50|]Sinistcha||KasibBerry|Hospitality|MatchaGotcha,Protect,RagePowder,LifeDew|Relaxed|||||50|]Raichu||RaichuniteY|LightningRod|FakeOut,ZapCannon,FocusBlast,Protect|Timid||F|||50|]Scizor||Scizorite|Technician|BulletPunch,BugBite,SwordsDance,CloseCombat|Adamant||M|||50|
|inactive|Battle timer is ON: inactive players will automatically lose when time's up. (requested by master 792)
|
|t:|1784251888
|teamsize|p1|4
|teamsize|p2|4
|start
|switch|p1a: Sneasler|Sneasler, L50, F|100/100
|switch|p1b: Delphox|Delphox, L50, M|100/100
|switch|p2a: Milotic|Milotic, L50, M|100/100
|switch|p2b: Raichu|Raichu, L50, F|100/100
|turn|1
|
|t:|1784251899
|detailschange|p2b: Raichu|Raichu-Mega-Y, L50, F
|-mega|p2b: Raichu|Raichu|Raichunite Y
|detailschange|p1b: Delphox|Delphox-Mega, L50, M
|-mega|p1b: Delphox|Delphox|Delphoxite
|move|p2b: Raichu|Fake Out|p1a: Sneasler
|-damage|p1a: Sneasler|85/100
|cant|p1a: Sneasler|flinch
|move|p1b: Delphox|Nasty Plot|p1b: Delphox
|-boost|p1b: Delphox|spa|2
|move|p2a: Milotic|Coil|p2a: Milotic
|-boost|p2a: Milotic|atk|1
|-boost|p2a: Milotic|def|1
|-boost|p2a: Milotic|accuracy|1
|
|upkeep
|turn|2
|
|t:|1784251920
|move|p1b: Delphox|Protect|p1b: Delphox
|-singleturn|p1b: Delphox|Protect
|move|p2b: Raichu|Zap Cannon|p1a: Sneasler
|-damage|p1a: Sneasler|3/100
|-status|p1a: Sneasler|par
|move|p2a: Milotic|Hypnosis|p1b: Delphox
|-activate|p1b: Delphox|move: Protect
|move|p1a: Sneasler|Dire Claw|p2a: Milotic
|-damage|p2a: Milotic|77/100
|
|-heal|p2a: Milotic|83/100|[from] item: Leftovers
|upkeep
|turn|3
|inactive|Icebender has 30 seconds left.
|
|t:|1784251948
|switch|p2b: Sinistcha|Sinistcha, L50|100/100
|-heal|p2a: Milotic|100/100|[from] ability: Hospitality|[of] p2b: Sinistcha
|move|p1b: Delphox|Psychic|p2a: Milotic
|-damage|p2a: Milotic|36/100
|move|p2a: Milotic|Hypnosis|p1b: Delphox
|-status|p1b: Delphox|slp|[from] move: Hypnosis
|move|p1a: Sneasler|Close Combat|p2b: Sinistcha
|-immune|p2b: Sinistcha
|
|-heal|p2a: Milotic|42/100|[from] item: Leftovers
|upkeep
|turn|4
|
|t:|1784251964
|cant|p1b: Delphox|slp
|move|p2a: Milotic|Muddy Water|p1a: Sneasler|[spread] p1a,p1b
|-supereffective|p1b: Delphox|1
|-damage|p1a: Sneasler|0 fnt
|-damage|p1b: Delphox|62/100 slp
|faint|p1a: Sneasler
|move|p2b: Sinistcha|Life Dew||[still]|[spread] p2a,p2b
|-heal|p2a: Milotic|67/100
|-fail|p2b: Sinistcha|heal
|
|-heal|p2a: Milotic|73/100|[from] item: Leftovers
|upkeep
|
|t:|1784251969
|switch|p1a: Sinistcha|Sinistcha, L50, shiny|100/100
|-heal|p1b: Delphox|87/100 slp|[from] ability: Hospitality|[of] p1a: Sinistcha
|turn|5
|
|t:|1784251989
|switch|p2b: Ceruledge|Ceruledge, L50, M|100/100
|cant|p1b: Delphox|slp
|move|p2a: Milotic|Coil|p2a: Milotic
|-boost|p2a: Milotic|atk|1
|-boost|p2a: Milotic|def|1
|-boost|p2a: Milotic|accuracy|1
|move|p1a: Sinistcha|Matcha Gotcha|p2a: Milotic|[spread] p2a,p2b
|-supereffective|p2a: Milotic|1
|-resisted|p2b: Ceruledge|1
|-damage|p2a: Milotic|37/100
|-damage|p2b: Ceruledge|88/100
|
|-heal|p2a: Milotic|43/100|[from] item: Leftovers
|upkeep
|turn|6
|
|t:|1784252007
|switch|p2b: Sinistcha|Sinistcha, L50|100/100
|-heal|p2a: Milotic|68/100|[from] ability: Hospitality|[of] p2b: Sinistcha
|move|p1a: Sinistcha|Rage Powder|p1a: Sinistcha
|-singleturn|p1a: Sinistcha|move: Rage Powder
|-curestatus|p1b: Delphox|slp|[msg]
|move|p1b: Delphox|Psychic|p2a: Milotic
|-damage|p2a: Milotic|5/100
|move|p2a: Milotic|Hypnosis|p1a: Sinistcha
|-status|p1a: Sinistcha|slp|[from] move: Hypnosis
|
|-heal|p2a: Milotic|11/100|[from] item: Leftovers
|upkeep
|turn|7
|inactive|Icebender has 30 seconds left.
|
|t:|1784252041
|move|p2a: Milotic|Protect|p2a: Milotic
|-singleturn|p2a: Milotic|Protect
|move|p1b: Delphox|Heat Wave|p2a: Milotic|[spread] p2b
|-activate|p2a: Milotic|move: Protect
|-supereffective|p2b: Sinistcha|1
|-damage|p2b: Sinistcha|0 fnt
|faint|p2b: Sinistcha
|cant|p1a: Sinistcha|slp
|
|-heal|p2a: Milotic|17/100|[from] item: Leftovers
|upkeep
|inactive|Icebender has 30 seconds left.
|
|t:|1784252069
|switch|p2b: Ceruledge|Ceruledge, L50, M|88/100
|turn|8
|
|t:|1784252079
|cant|p1a: Sinistcha|slp
|move|p1b: Delphox|Psychic|p2a: Milotic
|-damage|p2a: Milotic|0 fnt
|faint|p2a: Milotic
|move|p2b: Ceruledge|Bulk Up|p2b: Ceruledge
|-boost|p2b: Ceruledge|atk|1
|-boost|p2b: Ceruledge|def|1
|
|upkeep
|
|t:|1784252083
|switch|p2a: Raichu|Raichu-Mega-Y, L50, F|100/100
|turn|9
|
|t:|1784252093
|switch|p1a: Incineroar|Incineroar, L50, M|100/100
|-ability|p1a: Incineroar|Intimidate|boost
|-unboost|p2a: Raichu|atk|1
|-unboost|p2b: Ceruledge|atk|1
|move|p1b: Delphox|Protect|p1b: Delphox
|-singleturn|p1b: Delphox|Protect
|move|p2a: Raichu|Fake Out|p1b: Delphox
|-activate|p1b: Delphox|move: Protect
|move|p2b: Ceruledge|Bitter Blade|p1a: Incineroar
|-resisted|p1a: Incineroar|1
|-damage|p1a: Incineroar|79/100
|-heal|p2b: Ceruledge|100/100|[from] drain|[of] p1a: Incineroar
|
|upkeep
|turn|10
|
|t:|1784252106
|move|p2a: Raichu|Protect|p2a: Raichu
|-singleturn|p2a: Raichu|Protect
|move|p1a: Incineroar|Fake Out|p2a: Raichu
|-activate|p2a: Raichu|move: Protect
|move|p2b: Ceruledge|Shadow Sneak|p1b: Delphox
|-supereffective|p1b: Delphox|1
|-damage|p1b: Delphox|32/100
|move|p1b: Delphox|Psychic|p2b: Ceruledge
|-damage|p2b: Ceruledge|2/100
|
|upkeep
|turn|11
|
|t:|1784252131
|switch|p1a: Sinistcha|Sinistcha, L50, shiny|100/100 slp
|-heal|p1b: Delphox|57/100|[from] ability: Hospitality|[of] p1a: Sinistcha
|move|p2b: Ceruledge|Protect|p2b: Ceruledge
|-singleturn|p2b: Ceruledge|Protect
|move|p1b: Delphox|Heat Wave|p2a: Raichu|[spread] p2a
|-activate|p2b: Ceruledge|move: Protect
|-damage|p2a: Raichu|0 fnt
|faint|p2a: Raichu
|
|upkeep
|turn|12
|
|t:|1784252146
|switch|p1b: Incineroar|Incineroar, L50, M|79/100
|-ability|p1b: Incineroar|Intimidate|boost
|-unboost|p2b: Ceruledge|atk|1
|move|p2b: Ceruledge|Shadow Sneak|p1b: Incineroar
|-resisted|p1b: Incineroar|1
|-damage|p1b: Incineroar|73/100
|-curestatus|p1a: Sinistcha|slp|[msg]
|move|p1a: Sinistcha|Matcha Gotcha|p2b: Ceruledge
|-resisted|p2b: Ceruledge|1
|-damage|p2b: Ceruledge|0 fnt
|faint|p2b: Ceruledge
|
|win|master 792
||Icebender is ready for game 2.
||master 792 is ready for game 2.
|uhtml|next|Next: Game 2 of 3
|l|☆Icebender
|player|p2|
