|j|☆mackerjuan
|j|☆TreyBayBay
|html|mackerjuanTreyBayBay    
|uhtml|bestof|Game 1 of a best-of-3
|t:|1757938180
|gametype|doubles
|player|p1|mackerjuan|169|1204
|player|p2|TreyBayBay|ninjaboy|1119
|gen|9
|tier|[Gen 9] VGC 2025 Reg H (Bo3)
|rated|
|rule|Species Clause: Limit one of each Pokémon
|rule|Item Clause: Limit 1 of each item
|clearpoke
|poke|p1|Indeedee-F, L50, F|
|poke|p1|Armarouge, L50, M|
|poke|p1|Whimsicott, L50, F|
|poke|p1|Annihilape, L50, M|
|poke|p1|Ursaluna-Bloodmoon, L50, M|
|poke|p1|Gholdengo, L50|
|poke|p2|Ninetales-Alola, L50, M|
|poke|p2|Farigiraf, L50, F|
|poke|p2|Sneasler, L50, M|
|poke|p2|Incineroar, L50, F|
|poke|p2|Archaludon, L50, M|
|poke|p2|Hydreigon, L50, M|
|teampreview|4
|showteam|p1|Indeedee-F||SafetyGoggles|PsychicSurge|TrickRoom,Psychic,HelpingHand,FollowMe|||F|||50|,,,,,Fairy]Armarouge||LifeOrb|FlashFire|ExpandingForce,HeatWave,Protect,TrickRoom|||M|||50|,,,,,Grass]Whimsicott||FocusSash|Prankster|Moonblast,Tailwind,SunnyDay,BeatUp|||F|||50|,,,,,Ghost]Annihilape||SitrusBerry|Defiant|DrainPunch,RageFist,Protect,BulkUp|||M|||50|,,,,,Fire]Ursaluna-Bloodmoon||SilkScarf|MindsEye|BloodMoon,HyperVoice,EarthPower,Protect|||M|||50|,,,,,Normal]Gholdengo||ChoiceSpecs|GoodasGold|MakeItRain,ShadowBall,PowerGem,Trick||||||50|,,,,,Steel
|showteam|p2|Ninetales-Alola||LightClay|SnowWarning|Protect,Blizzard,Moonblast,AuroraVeil|||M|||50|,,,,,Ghost]Farigiraf||ThroatSpray|ArmorTail|ExpandingForce,HyperVoice,TrickRoom,Imprison|||F|||50|,,,,,Fairy]Sneasler||FocusSash|PoisonTouch|FakeOut,DireClaw,CloseCombat,Taunt|||M|||50|,,,,,Stellar]Incineroar||SafetyGoggles|Intimidate|FakeOut,FlareBlitz,KnockOff,WillOWisp|||F|||50|,,,,,Ghost]Archaludon||AssaultVest|Stamina|DracoMeteor,FlashCannon,BodyPress,Thunderbolt|||M|||50|,,,,,Bug]Hydreigon||CovertCloak|Levitate|Snarl,EarthPower,HeatWave,Tailwind|||M|||50|,,,,,Ghost
|inactive|Battle timer is ON: inactive players will automatically lose when time's up. (requested by mackerjuan)
|inactive|mackerjuan has 60 seconds left.
|inactive|TreyBayBay has 60 seconds left.
|
|t:|1757938233
|teamsize|p1|4
|teamsize|p2|4
|start
|switch|p1a: Annihilape|Annihilape, L50, M|100/100
|switch|p1b: Armarouge|Armarouge, L50, M|100/100
|switch|p2a: Farigiraf|Farigiraf, L50, F, shiny|100/100
|switch|p2b: Hydreigon|Hydreigon, L50, M, shiny|100/100
|turn|1
|inactive|mackerjuan has 30 seconds left.
|inactive|mackerjuan has 20 seconds left.
|inactive|TreyBayBay has 30 seconds left.
|
|t:|1757938273
|-terastallize|p1a: Annihilape|Fire
|move|p1a: Annihilape|Bulk Up|p1a: Annihilape
|-boost|p1a: Annihilape|atk|1
|-boost|p1a: Annihilape|def|1
|move|p2b: Hydreigon|Earth Power|p1b: Armarouge
|-supereffective|p1b: Armarouge
|-damage|p1b: Armarouge|26/100
|move|p1b: Armarouge|Heat Wave|p2b: Hydreigon|[spread] p2a,p2b
|-resisted|p2b: Hydreigon
|-damage|p2a: Farigiraf|47/100
|-damage|p2b: Hydreigon|70/100
|-damage|p1b: Armarouge|16/100|[from] item: Life Orb
|move|p2a: Farigiraf|Imprison|p2a: Farigiraf
|-start|p2a: Farigiraf|move: Imprison
|
|upkeep
|turn|2
|inactive|mackerjuan has 30 seconds left.
|inactive|TreyBayBay has 30 seconds left.
|
|t:|1757938299
|switch|p1b: Indeedee|Indeedee-F, L50, F|100/100
|-fieldstart|move: Psychic Terrain|[from] ability: Psychic Surge|[of] p1b: Indeedee
|move|p1a: Annihilape|Drain Punch|p2a: Farigiraf
|-damage|p2a: Farigiraf|15/100
|move|p2b: Hydreigon|Tailwind|p2b: Hydreigon
|-sidestart|p2: TreyBayBay|move: Tailwind
|move|p2a: Farigiraf|Hyper Voice|p1b: Indeedee|[spread] p1a,p1b
|-damage|p1a: Annihilape|78/100
|-damage|p1b: Indeedee|77/100
|-enditem|p2a: Farigiraf|Throat Spray
|-boost|p2a: Farigiraf|spa|1|[from] item: Throat Spray
|
|upkeep
|turn|3
|inactive|mackerjuan has 30 seconds left.
|
|t:|1757938325
|move|p1b: Indeedee|Follow Me|p1b: Indeedee
|-singleturn|p1b: Indeedee|move: Follow Me
|move|p2b: Hydreigon|Earth Power|p1b: Indeedee
|-damage|p1b: Indeedee|49/100
|move|p2a: Farigiraf|Expanding Force|p1a: Annihilape|[spread] p1a,p1b
|-resisted|p1b: Indeedee
|-damage|p1a: Annihilape|14/100
|-damage|p1b: Indeedee|16/100
|-enditem|p1a: Annihilape|Sitrus Berry|[eat]
|-heal|p1a: Annihilape|39/100|[from] item: Sitrus Berry
|move|p1a: Annihilape|Drain Punch|p2b: Hydreigon
|-supereffective|p2b: Hydreigon
|-damage|p2b: Hydreigon|0 fnt
|-heal|p1a: Annihilape|67/100|[from] drain|[of] p2b: Hydreigon
|faint|p2b: Hydreigon
|
|upkeep
|
|t:|1757938339
|switch|p2b: Ninetales|Ninetales-Alola, L50, M, shiny|100/100
|-weather|Snowscape|[from] ability: Snow Warning|[of] p2b: Ninetales
|turn|4
|inactive|mackerjuan has 30 seconds left.
|inactive|TreyBayBay has 30 seconds left.
|
|t:|1757938370
|move|p1a: Annihilape|Protect|p1a: Annihilape
|-singleturn|p1a: Annihilape|Protect
|move|p2b: Ninetales|Blizzard|p1a: Annihilape|[spread] p1b
|-activate|p1a: Annihilape|move: Protect
|-damage|p1b: Indeedee|0 fnt
|faint|p1b: Indeedee
|move|p2a: Farigiraf|Expanding Force|p1a: Annihilape
|-activate|p1a: Annihilape|move: Protect
|
|-weather|Snowscape|[upkeep]
|upkeep
|
|t:|1757938386
|switch|p1b: Armarouge|Armarouge, L50, M|16/100
|turn|5
|
|t:|1757938401
|switch|p1a: Ursaluna|Ursaluna-Bloodmoon, L50, M|100/100
|move|p2b: Ninetales|Moonblast|p1a: Ursaluna
|-damage|p1a: Ursaluna|57/100
|move|p2a: Farigiraf|Expanding Force|p1b: Armarouge|[spread] p1a,p1b
|-resisted|p1b: Armarouge
|-damage|p1a: Ursaluna|0 fnt
|-damage|p1b: Armarouge|0 fnt
|faint|p1a: Ursaluna
|faint|p1b: Armarouge
|
|-weather|Snowscape|[upkeep]
|-sideend|p2: TreyBayBay|move: Tailwind
|upkeep
|
|t:|1757938413
|switch|p1b: Annihilape|Annihilape, L50, M, tera:Fire|67/100
|turn|6
|
|t:|1757938428
|move|p2b: Ninetales|Blizzard|p1b: Annihilape
|-resisted|p1b: Annihilape
|-damage|p1b: Annihilape|47/100
|move|p1b: Annihilape|Drain Punch|p2a: Farigiraf
|-damage|p2a: Farigiraf|0 fnt
|-heal|p1b: Annihilape|55/100|[from] drain|[of] p2a: Farigiraf
|faint|p2a: Farigiraf
|
|-weather|Snowscape|[upkeep]
|-fieldend|move: Psychic Terrain
|upkeep
|
|t:|1757938437
|switch|p2a: Incineroar|Incineroar, L50, F|100/100
|-ability|p2a: Incineroar|Intimidate|boost
|-unboost|p1b: Annihilape|atk|1
|-ability|p1b: Annihilape|Defiant|boost
|-boost|p1b: Annihilape|atk|2
|turn|7
|
|t:|1757938450
|move|p1b: Annihilape|Protect|p1b: Annihilape
|-singleturn|p1b: Annihilape|Protect
|move|p2a: Incineroar|Fake Out|p1b: Annihilape
|-activate|p1b: Annihilape|move: Protect
|move|p2b: Ninetales|Aurora Veil|p2b: Ninetales
|-sidestart|p2: TreyBayBay|move: Aurora Veil
|
|-weather|Snowscape|[upkeep]
|upkeep
|turn|8
|
|t:|1757938460
|move|p2b: Ninetales|Blizzard|p1b: Annihilape
|-resisted|p1b: Annihilape
|-damage|p1b: Annihilape|37/100
|move|p1b: Annihilape|Rage Fist|p2a: Incineroar
|-resisted|p2a: Incineroar
|-damage|p2a: Incineroar|55/100
|move|p2a: Incineroar|Knock Off|p1b: Annihilape
|-damage|p1b: Annihilape|12/100
|
|-weather|none
|upkeep
|turn|9
|inactive|TreyBayBay has 30 seconds left.
|
|t:|1757938491
|-terastallize|p2a: Incineroar|Ghost
|move|p1b: Annihilape|Protect|p1b: Annihilape
|-singleturn|p1b: Annihilape|Protect
|move|p2b: Ninetales|Moonblast|p1b: Annihilape
|-activate|p1b: Annihilape|move: Protect
|move|p2a: Incineroar|Flare Blitz|p1b: Annihilape
|-activate|p1b: Annihilape|move: Protect
|
|upkeep
|turn|10
|
|t:|1757938503
|move|p2b: Ninetales|Moonblast|p1b: Annihilape
|-resisted|p1b: Annihilape
|-damage|p1b: Annihilape|0 fnt
|faint|p1b: Annihilape
|
|win|TreyBayBay
||mackerjuan is ready for game 2.
