|j|☆Ltlauti
|j|☆JareMase
|html|LtlautiJareMase    
|uhtml|bestof|Game 1 of a best-of-3
|t:|1786089591
|gametype|doubles
|player|p1|Ltlauti|101|1134
|player|p2|JareMase|265|1247
|gen|9
|tier|[Gen 9 Champions] VGC 2026 Reg M-B (Bo3)
|rated|
|rule|Species Clause: Limit one of each Pokémon
|rule|Item Clause: Limit 1 of each item
|clearpoke
|poke|p1|Swampert, L50, M|
|poke|p1|Pelipper, L50, F|
|poke|p1|Archaludon, L50, F|
|poke|p1|Sinistcha, L50|
|poke|p1|Grimmsnarl, L50, M|
|poke|p1|Metagross, L50|
|poke|p2|Scrafty, L50, M|
|poke|p2|Talonflame, L50, F|
|poke|p2|Glimmora, L50, F|
|poke|p2|Metagross, L50|
|poke|p2|Ninetales-Alola, L50, M|
|poke|p2|Farigiraf, L50, M|
|teampreview|4
|showteam|p1|Swampert||Swampertite|Torrent|WaveCrash,Earthquake,IcePunch,Protect|Adamant||M|||50|]Pelipper||DampRock|Drizzle|WeatherBall,Hurricane,Tailwind,WideGuard|Modest||F|||50|]Archaludon||Leftovers|Stamina|ElectroShot,FlashCannon,DracoMeteor,Protect|Modest||F|||50|]Sinistcha||SitrusBerry|Hospitality|MatchaGotcha,RagePowder,LifeDew,Protect|Bold|||||50|]Grimmsnarl||LightClay|Prankster|Reflect,LightScreen,PartingShot,SpiritBreak|Impish||M|||50|]Metagross||Metagrossite|ClearBody|IronHead,PsychicFangs,BulletPunch,Protect|Jolly|||||50|
|showteam|p2|Scrafty||Scraftinite|Intimidate|CloseCombat,KnockOff,FakeOut,IcePunch|Adamant||M|||50|]Talonflame||SharpBeak|GaleWings|Protect,Tailwind,DualWingbeat,FlareBlitz|Jolly||F|||50|]Glimmora||FocusSash|ToxicDebris|SpikyShield,EarthPower,SludgeBomb,PowerGem|Modest||F|||50|]Metagross||Metagrossite|ClearBody|Protect,HardPress,PsychicFangs,StompingTantrum|Jolly|||||50|]Ninetales-Alola||NeverMeltIce|SnowWarning|Protect,Encore,FreezeDry,Blizzard|Timid||M|||50|]Farigiraf||SitrusBerry|ArmorTail|Protect,HelpingHand,Roar,Psychic|Bold||M|||50|
|
|t:|1786089609
|teamsize|p1|4
|teamsize|p2|4
|start
|switch|p1a: Swampert|Swampert, L50, M|100/100
|switch|p1b: Pelipper|Pelipper, L50, F|100/100
|switch|p2a: Glimmora|Glimmora, L50, F|100/100
|switch|p2b: Talonflame|Talonflame, L50, F|100/100
|-weather|RainDance|[from] ability: Drizzle|[of] p1b: Pelipper
|turn|1
|
|t:|1786089622
|detailschange|p1a: Swampert|Swampert-Mega, L50, M
|-mega|p1a: Swampert|Swampert|Swampertite
|move|p2b: Talonflame|Tailwind|p2b: Talonflame
|-sidestart|p2: JareMase|move: Tailwind
|move|p2a: Glimmora|Power Gem|p1b: Pelipper
|-supereffective|p1b: Pelipper|1
|-damage|p1b: Pelipper|0 fnt
|faint|p1b: Pelipper
|move|p1a: Swampert|Earthquake|p2a: Glimmora|[spread] p2a
|-immune|p2b: Talonflame
|-supereffective|p2a: Glimmora|2
|-enditem|p2a: Glimmora|Focus Sash
|-damage|p2a: Glimmora|1/100
|-activate|p2a: Glimmora|ability: Toxic Debris
|-sidestart|p1: Ltlauti|move: Toxic Spikes
|
|-weather|RainDance|[upkeep]
|upkeep
|
|t:|1786089641
|switch|p1b: Archaludon|Archaludon, L50, F|100/100
|turn|2
|
|t:|1786089661
|switch|p2b: Ninetales|Ninetales-Alola, L50, M|100/100
|-weather|Snowscape|[from] ability: Snow Warning|[of] p2b: Ninetales
|move|p2a: Glimmora|Earth Power|p1b: Archaludon
|-supereffective|p1b: Archaludon|1
|-damage|p1b: Archaludon|10/100
|-ability|p1b: Archaludon|Stamina|boost
|-boost|p1b: Archaludon|def|1
|move|p1a: Swampert|Wave Crash|p2b: Ninetales
|-damage|p2b: Ninetales|26/100
|-damage|p1a: Swampert|76/100|[from] Recoil
|move|p1b: Archaludon|Electro Shot||[still]
|-prepare|p1b: Archaludon|Electro Shot
|-boost|p1b: Archaludon|spa|1
|
|-weather|Snowscape|[upkeep]
|-heal|p1b: Archaludon|16/100|[from] item: Leftovers
|upkeep
|turn|3
|
|t:|1786089682
|move|p1a: Swampert|Protect|p1a: Swampert
|-singleturn|p1a: Swampert|Protect
|move|p2b: Ninetales|Freeze-Dry|p1a: Swampert
|-activate|p1a: Swampert|move: Protect
|move|p2a: Glimmora|Earth Power|p1b: Archaludon
|-supereffective|p1b: Archaludon|1
|-damage|p1b: Archaludon|0 fnt
|faint|p1b: Archaludon
|
|-weather|Snowscape|[upkeep]
|upkeep
|
|t:|1786089689
|switch|p1b: Sinistcha|Sinistcha, L50|100/100
|-status|p1b: Sinistcha|psn
|-heal|p1a: Swampert|100/100|[from] ability: Hospitality|[of] p1b: Sinistcha
|turn|4
|
|t:|1786089707
|move|p1b: Sinistcha|Rage Powder|p1b: Sinistcha
|-singleturn|p1b: Sinistcha|move: Rage Powder
|move|p2b: Ninetales|Blizzard|p1a: Swampert|[spread] p1a,p1b
|-crit|p1a: Swampert
|-supereffective|p1b: Sinistcha|1
|-damage|p1a: Swampert|55/100
|-damage|p1b: Sinistcha|19/100 psn
|-enditem|p1b: Sinistcha|Sitrus Berry|[eat]
|-heal|p1b: Sinistcha|43/100 psn|[from] item: Sitrus Berry
|move|p2a: Glimmora|Sludge Bomb|p1b: Sinistcha
|-damage|p1b: Sinistcha|0 fnt
|faint|p1b: Sinistcha
|move|p1a: Swampert|Earthquake|p2a: Glimmora|[spread] p2a,p2b
|-supereffective|p2a: Glimmora|2
|-damage|p2a: Glimmora|0 fnt
|-damage|p2b: Ninetales|0 fnt
|-activate|p2a: Glimmora|ability: Toxic Debris
|-sidestart|p1: Ltlauti|move: Toxic Spikes
|faint|p2a: Glimmora
|faint|p2b: Ninetales
|
|-weather|Snowscape|[upkeep]
|-sideend|p2: JareMase|move: Tailwind
|upkeep
|
|t:|1786089710
|switch|p2b: Talonflame|Talonflame, L50, F|100/100
|switch|p2a: Scrafty|Scrafty, L50, M|100/100
|-ability|p2a: Scrafty|Intimidate|boost
|-unboost|p1a: Swampert|atk|1
|turn|5
|
|t:|1786089724
|detailschange|p2a: Scrafty|Scrafty-Mega, L50, M
|-mega|p2a: Scrafty|Scrafty|Scraftinite
|-ability|p2a: Scrafty|Intimidate|boost
|-unboost|p1a: Swampert|atk|1
|move|p2a: Scrafty|Fake Out|p1a: Swampert
|-damage|p1a: Swampert|40/100
|move|p2b: Talonflame|Dual Wingbeat|p1a: Swampert|[miss]
|-miss|p2b: Talonflame|p1a: Swampert
|cant|p1a: Swampert|flinch
|
|-weather|Snowscape|[upkeep]
|upkeep
|turn|6
|
|t:|1786089734
|move|p2b: Talonflame|Dual Wingbeat|p1a: Swampert
|-damage|p1a: Swampert|21/100
|-damage|p1a: Swampert|1/100
|-hitcount|p1a: Swampert|2
|move|p1a: Swampert|Wave Crash|p2b: Talonflame
|-supereffective|p2b: Talonflame|1
|-damage|p2b: Talonflame|0 fnt
|faint|p2b: Talonflame
|-damage|p1a: Swampert|0 fnt|[from] Recoil
|faint|p1a: Swampert
|
|win|JareMase
||Ltlauti is ready for game 2.
||JareMase is ready for game 2.
|uhtml|next|Next: Game 2 of 3
