|j|☆jay142
|j|☆exposniffer
|html|jay142exposniffer    
|uhtml|bestof|Game 2 of a best-of-3
|t:|1757120218
|gametype|doubles
|player|p1|jay142|266|1103
|player|p2|exposniffer|blue|1116
|gen|9
|tier|[Gen 9] VGC 2025 Reg H (Bo3)
|rated|
|rule|Species Clause: Limit one of each Pokémon
|rule|Item Clause: Limit 1 of each item
|clearpoke
|poke|p1|Kingambit, L50, F|
|poke|p1|Rillaboom, L50, F|
|poke|p1|Electabuzz, L50, M|
|poke|p1|Volcarona, L50, M|
|poke|p1|Sneasler, L50, M|
|poke|p1|Dragonite, L50, M|
|poke|p2|Gholdengo, L50|
|poke|p2|Dragonite, L50, M|
|poke|p2|Ursaluna-Bloodmoon, L50, M|
|poke|p2|Ninetales-Alola, L50, F|
|poke|p2|Annihilape, L50, M|
|poke|p2|Incineroar, L50, M|
|teampreview|4
|showteam|p1|Kingambit||BlackGlasses|Defiant|Protect,KowtowCleave,SuckerPunch,SwordsDance|||F|||50|,,,,,Dark]Rillaboom||AssaultVest|GrassySurge|WoodHammer,GrassyGlide,HighHorsepower,FakeOut|||F|||50|,,,,,Fire]Electabuzz||Eviolite|VitalSpirit|Protect,Thunderbolt,HelpingHand,FollowMe|||M|||50|,,,,,Ghost]Volcarona||CovertCloak|FlameBody|Protect,HeatWave,TeraBlast,QuiverDance|||M|||50|,,,,,Fairy]Sneasler||FocusSash|Unburden|CloseCombat,DireClaw,Coaching,FakeOut|||M|||50|,,,,,Stellar]Dragonite||LoadedDice|Multiscale|ScaleShot,Haze,ExtremeSpeed,Protect|||M|||50|,,,,,Fairy
|showteam|p2|Gholdengo||MetalCoat|GoodasGold|MakeItRain,ShadowBall,NastyPlot,Protect||||||50|,,,,,Water]Dragonite||LoadedDice|Multiscale|ScaleShot,ExtremeSpeed,Haze,Protect|||M|||50|,,,,,Steel]Ursaluna-Bloodmoon||AssaultVest|MindsEye|BloodMoon,HyperVoice,EarthPower,VacuumWave|||M|||50|,,,,,Water]Ninetales-Alola||FocusSash|SnowWarning|Blizzard,IcyWind,AuroraVeil,IcicleSpear|||F|||50|,,,,,Ghost]Annihilape||SafetyGoggles|Defiant|CloseCombat,RageFist,Coaching,Taunt|||M|||50|,,,,,Fire]Incineroar||RockyHelmet|Intimidate|KnockOff,FlareBlitz,PartingShot,FakeOut|||M|||50|,,,,,Ghost
|inactive|Battle timer is ON: inactive players will automatically lose when time's up. (requested by exposniffer)
|inactive|exposniffer has 60 seconds left.
|
|t:|1757120254
|teamsize|p1|4
|teamsize|p2|4
|start
|switch|p1a: Djed|Volcarona, L50, M|100/100
|switch|p1b: Kudus|Sneasler, L50, M|100/100
|switch|p2a: Dragonite|Dragonite, L50, M|100/100
|switch|p2b: Annihilape|Annihilape, L50, M|100/100
|turn|1
|
|t:|1757120268
|-terastallize|p2b: Annihilape|Fire
|-terastallize|p1a: Djed|Fairy
|move|p1b: Kudus|Coaching|p1a: Djed
|-boost|p1a: Djed|atk|1
|-boost|p1a: Djed|def|1
|move|p2b: Annihilape|Coaching|p2a: Dragonite
|-boost|p2a: Dragonite|atk|1
|-boost|p2a: Dragonite|def|1
|move|p1a: Djed|Tera Blast|p2b: Annihilape|[anim] Tera Blast Fairy
|-resisted|p2b: Annihilape
|-damage|p2b: Annihilape|80/100
|move|p2a: Dragonite|Scale Shot|p1b: Kudus
|-damage|p1b: Kudus|60/100
|-damage|p1b: Kudus|25/100
|-damage|p1b: Kudus|0 fnt
|faint|p1b: Kudus
|-hitcount|p1: Kudus|3
|-unboost|p2a: Dragonite|def|1
|-boost|p2a: Dragonite|spe|1
|
|upkeep
|
|t:|1757120280
|switch|p1b: Joao|Rillaboom, L50, F|100/100
|-fieldstart|move: Grassy Terrain|[from] ability: Grassy Surge|[of] p1b: Joao
|turn|2
|
|t:|1757120294
|move|p1b: Joao|Fake Out|p2b: Annihilape
|-damage|p2b: Annihilape|64/100
|move|p2a: Dragonite|Scale Shot|p1b: Joao
|-crit|p1b: Joao
|-damage|p1b: Joao|67/100
|-damage|p1b: Joao|45/100
|-damage|p1b: Joao|26/100
|-damage|p1b: Joao|5/100
|-hitcount|p1b: Joao|4
|-unboost|p2a: Dragonite|def|1
|-boost|p2a: Dragonite|spe|1
|cant|p2b: Annihilape|flinch
|move|p1a: Djed|Tera Blast|p2a: Dragonite|[anim] Tera Blast Fairy
|-supereffective|p2a: Dragonite
|-damage|p2a: Dragonite|61/100
|
|-heal|p2b: Annihilape|70/100|[from] Grassy Terrain
|-heal|p1b: Joao|11/100|[from] Grassy Terrain
|upkeep
|turn|3
|inactive|jay142 has 30 seconds left.
|
|t:|1757120320
|move|p2a: Dragonite|Extreme Speed|p1b: Joao
|-damage|p1b: Joao|0 fnt
|faint|p1b: Joao
|move|p2b: Annihilape|Rage Fist|p1a: Djed
|-damage|p1a: Djed|44/100
|move|p1a: Djed|Quiver Dance|p1a: Djed
|-boost|p1a: Djed|spa|1
|-boost|p1a: Djed|spd|1
|-boost|p1a: Djed|spe|1
|
|-heal|p1a: Djed|50/100|[from] Grassy Terrain
|-heal|p2b: Annihilape|75/100|[from] Grassy Terrain
|upkeep
|
|t:|1757120323
|switch|p1b: Bergvall|Electabuzz, L50, M|100/100
|turn|4
|
|t:|1757120338
|move|p2a: Dragonite|Protect|p2a: Dragonite
|-singleturn|p2a: Dragonite|Protect
|move|p1b: Bergvall|Follow Me|p1b: Bergvall
|-singleturn|p1b: Bergvall|move: Follow Me
|move|p1a: Djed|Tera Blast|p2a: Dragonite|[anim] Tera Blast Fairy
|-activate|p2a: Dragonite|move: Protect
|move|p2b: Annihilape|Coaching|p2a: Dragonite
|-boost|p2a: Dragonite|atk|1
|-boost|p2a: Dragonite|def|1
|
|-heal|p1a: Djed|57/100|[from] Grassy Terrain
|-heal|p2b: Annihilape|81/100|[from] Grassy Terrain
|upkeep
|turn|5
|
|t:|1757120356
|move|p2a: Dragonite|Extreme Speed|p1a: Djed
|-damage|p1a: Djed|8/100
|-status|p2a: Dragonite|brn|[from] ability: Flame Body|[of] p1a: Djed
|move|p1b: Bergvall|Follow Me|p1b: Bergvall
|-singleturn|p1b: Bergvall|move: Follow Me
|move|p1a: Djed|Tera Blast|p2a: Dragonite|[anim] Tera Blast Fairy
|-supereffective|p2a: Dragonite
|-damage|p2a: Dragonite|0 fnt
|faint|p2a: Dragonite
|move|p2b: Annihilape|Rage Fist|p1b: Bergvall
|-damage|p1b: Bergvall|47/100
|
|-heal|p1a: Djed|15/100|[from] Grassy Terrain
|-heal|p2b: Annihilape|87/100|[from] Grassy Terrain
|-heal|p1b: Bergvall|53/100|[from] Grassy Terrain
|upkeep
|
|t:|1757120363
|switch|p2a: Ursaluna|Ursaluna-Bloodmoon, L50, M|100/100
|turn|6
|
|t:|1757120372
|move|p1b: Bergvall|Helping Hand|p1a: Djed
|-singleturn|p1a: Djed|Helping Hand|[of] p1b: Bergvall
|move|p1a: Djed|Heat Wave|p2a: Ursaluna|[spread] p2a
|-miss|p1a: Djed|p2b: Annihilape
|-damage|p2a: Ursaluna|36/100
|move|p2b: Annihilape|Rage Fist|p1b: Bergvall
|-damage|p1b: Bergvall|0 fnt
|faint|p1b: Bergvall
|move|p2a: Ursaluna|Hyper Voice|p1a: Djed
|-damage|p1a: Djed|0 fnt
|faint|p1a: Djed
|
|win|exposniffer
||jay142 is ready for game 3.
