|j|☆Lewis Hamilton Fan
|j|☆myshirtisdirty
|html|Lewis Hamilton Fanmyshirtisdirty    
|uhtml|bestof|Game 1 of a best-of-3
|t:|1783388151
|gametype|doubles
|player|p1|Lewis Hamilton Fan|benga|1154
|player|p2|myshirtisdirty|102|1244
|gen|9
|tier|[Gen 9 Champions] VGC 2026 Reg M-B (Bo3)
|rated|
|rule|Species Clause: Limit one of each Pokémon
|rule|Item Clause: Limit 1 of each item
|clearpoke
|poke|p1|Kingambit, L50, M|
|poke|p1|Incineroar, L50, F|
|poke|p1|Basculegion, L50, M|
|poke|p1|Garchomp, L50, F|
|poke|p1|Venusaur, L50, M|
|poke|p1|Floette-Eternal, L50, F|
|poke|p2|Aerodactyl, L50, M|
|poke|p2|Kingambit, L50, F, shiny|
|poke|p2|Milotic, L50, F|
|poke|p2|Garchomp, L50, F|
|poke|p2|Meganium, L50, F|
|poke|p2|Delphox, L50, M|
|teampreview|4
|showteam|p1|Kingambit||BlackGlasses|Defiant|KowtowCleave,SuckerPunch,IronHead,Protect|Adamant||M|||50|]Incineroar||SitrusBerry|Intimidate|FakeOut,PartingShot,FlareBlitz,ThroatChop|Careful||F|||50|]Basculegion||ChoiceScarf|Adaptability|LastRespects,AquaJet,WaveCrash,FlipTurn|Jolly||M|||50|]Garchomp||LifeOrb|RoughSkin|DragonClaw,Protect,StompingTantrum,RockSlide|Jolly||F|||50|]Venusaur||Venusaurite|Overgrow|Protect,SludgeBomb,EarthPower,GigaDrain|Modest||M|||50|]Floette-Eternal||Floettite|FlowerVeil|Protect,DazzlingGleam,Moonblast,CalmMind|Modest||F|||50|
|showteam|p2|Aerodactyl||FocusSash|Unnerve|PsychicFangs,RockSlide,Tailwind,Taunt|Jolly||M|||50|]Kingambit||BlackGlasses|Defiant|LowKick,SuckerPunch,KowtowCleave,IronHead|Adamant||F|||50|]Milotic||Leftovers|Competitive|MuddyWater,IceBeam,Scald,Protect|Modest||F|||50|]Garchomp||LifeOrb|RoughSkin|RockSlide,Earthquake,DragonClaw,Protect|Adamant||F|||50|]Meganium||Meganiumite|Overgrow|SolarBeam,DazzlingGleam,WeatherBall,Protect|Modest||F|||50|]Delphox||Delphoxite|Blaze|HeatWave,Psychic,NastyPlot,Protect|Timid||M|||50|
|inactive|Battle timer is ON: inactive players will automatically lose when time's up. (requested by Lewis Hamilton Fan)
|inactive|myshirtisdirty has 60 seconds left.
|inactive|myshirtisdirty has 30 seconds left.
|inactive|myshirtisdirty has 20 seconds left.
|inactive|myshirtisdirty has 15 seconds left.
|
|t:|1783388240
|teamsize|p1|4
|teamsize|p2|4
|start
|switch|p1a: Incineroar|Incineroar, L50, F|100/100
|switch|p1b: Floette|Floette-Eternal, L50, F|100/100
|switch|p2a: Delphox|Delphox, L50, M|100/100
|switch|p2b: Aerodactyl|Aerodactyl, L50, M|100/100
|-ability|p2b: Aerodactyl|Unnerve
|-ability|p1a: Incineroar|Intimidate|boost
|-unboost|p2a: Delphox|atk|1
|-unboost|p2b: Aerodactyl|atk|1
|turn|1
|
|t:|1783388262
|detailschange|p2a: Delphox|Delphox-Mega, L50, M
|-mega|p2a: Delphox|Delphox|Delphoxite
|detailschange|p1b: Floette|Floette-Mega, L50, F
|-mega|p1b: Floette|Floette|Floettite
|-ability|p1b: Floette|Fairy Aura
|move|p1a: Incineroar|Fake Out|p2b: Aerodactyl
|-resisted|p2b: Aerodactyl|1
|-damage|p2b: Aerodactyl|91/100
|move|p2a: Delphox|Nasty Plot|p2a: Delphox
|-boost|p2a: Delphox|spa|2
|cant|p2b: Aerodactyl|flinch
|move|p1b: Floette|Calm Mind|p1b: Floette
|-boost|p1b: Floette|spa|1
|-boost|p1b: Floette|spd|1
|
|upkeep
|turn|2
|inactive|myshirtisdirty has 30 seconds left.
|
|t:|1783388292
|move|p2a: Delphox|Protect|p2a: Delphox
|-singleturn|p2a: Delphox|Protect
|move|p2b: Aerodactyl|Rock Slide|p1b: Floette|[spread] p1a,p1b
|-supereffective|p1a: Incineroar|1
|-damage|p1a: Incineroar|73/100
|-damage|p1b: Floette|78/100
|move|p1b: Floette|Dazzling Gleam|p2b: Aerodactyl|[spread] p2b
|-activate|p2a: Delphox|move: Protect
|-damage|p2b: Aerodactyl|0 fnt
|faint|p2b: Aerodactyl
|move|p1a: Incineroar|Throat Chop|p2a: Delphox
|-activate|p2a: Delphox|move: Protect
|
|upkeep
|
|t:|1783388307
|switch|p2b: Milotic|Milotic, L50, F|100/100
|turn|3
|
|t:|1783388318
|move|p2a: Delphox|Psychic|p1b: Floette
|-damage|p1b: Floette|20/100y
|-unboost|p1b: Floette|spd|1
|move|p1b: Floette|Calm Mind|p1b: Floette
|-boost|p1b: Floette|spa|1
|-boost|p1b: Floette|spd|1
|move|p2b: Milotic|Muddy Water|p1b: Floette|[spread] p1a
|-miss|p2b: Milotic|p1b: Floette
|-supereffective|p1a: Incineroar|1
|-damage|p1a: Incineroar|31/100
|-enditem|p1a: Incineroar|Sitrus Berry|[eat]
|-heal|p1a: Incineroar|56/100|[from] item: Sitrus Berry
|move|p1a: Incineroar|Throat Chop|p2a: Delphox
|-supereffective|p2a: Delphox|1
|-damage|p2a: Delphox|7/100
|-start|p2a: Delphox|Throat Chop|[silent]
|
|upkeep
|turn|4
|inactive|Lewis Hamilton Fan has 30 seconds left.
|
|t:|1783388346
|move|p1b: Floette|Protect|p1b: Floette
|-singleturn|p1b: Floette|Protect
|move|p2a: Delphox|Heat Wave|p1b: Floette|[spread] 
|-activate|p1b: Floette|move: Protect
|-miss|p2a: Delphox|p1a: Incineroar
|move|p2b: Milotic|Scald|p1a: Incineroar
|-supereffective|p1a: Incineroar|1
|-damage|p1a: Incineroar|11/100
|move|p1a: Incineroar|Parting Shot|p2a: Delphox
|-unboost|p2a: Delphox|atk|1
|-unboost|p2a: Delphox|spa|1
|
|t:|1783388358
|switch|p1a: Basculegion|Basculegion, L50, M|100/100|[from] Parting Shot
|
|-end|p2a: Delphox|Throat Chop|[silent]
|upkeep
|turn|5
|
|t:|1783388371
|move|p2a: Delphox|Protect|p2a: Delphox
|-singleturn|p2a: Delphox|Protect
|move|p1a: Basculegion|Flip Turn|p2a: Delphox
|-activate|p2a: Delphox|move: Protect
|move|p1b: Floette|Moonblast|p2b: Milotic
|-damage|p2b: Milotic|0 fnt
|faint|p2b: Milotic
|
|upkeep
|
|t:|1783388380
|switch|p2b: Kingambit|Kingambit, L50, F, shiny|100/100
|turn|6
|
|t:|1783388395
|move|p1b: Floette|Protect|p1b: Floette
|-singleturn|p1b: Floette|Protect
|move|p2b: Kingambit|Sucker Punch|p1a: Basculegion
|-supereffective|p1a: Basculegion|1
|-damage|p1a: Basculegion|0 fnt
|faint|p1a: Basculegion
|move|p2a: Delphox|Psychic|p1b: Floette
|-activate|p1b: Floette|move: Protect
|
|upkeep
|
|t:|1783388413
|switch|p1a: Incineroar|Incineroar, L50, F|11/100
|-ability|p1a: Incineroar|Intimidate|boost
|-unboost|p2a: Delphox|atk|1
|-unboost|p2b: Kingambit|atk|1
|-ability|p2b: Kingambit|Defiant|boost
|-boost|p2b: Kingambit|atk|2
|turn|7
|
|t:|1783388435
|move|p2a: Delphox|Protect|p2a: Delphox
|-singleturn|p2a: Delphox|Protect
|move|p1a: Incineroar|Fake Out|p2a: Delphox
|-activate|p2a: Delphox|move: Protect
|move|p2b: Kingambit|Sucker Punch||[still]
|-fail|p2b: Kingambit
|move|p1b: Floette|Calm Mind|p1b: Floette
|-boost|p1b: Floette|spa|1
|-boost|p1b: Floette|spd|1
|
|upkeep
|turn|8
|
|t:|1783388450
|switch|p1a: Garchomp|Garchomp, L50, F|100/100
|move|p1b: Floette|Protect|p1b: Floette
|-singleturn|p1b: Floette|Protect
|move|p2b: Kingambit|Sucker Punch||[still]
|-fail|p2b: Kingambit
|move|p2a: Delphox|Heat Wave|p1b: Floette|[spread] p1a
|-activate|p1b: Floette|move: Protect
|-resisted|p1a: Garchomp|1
|-damage|p1a: Garchomp|65/100
|
|upkeep
|turn|9
|
|t:|1783388467
|move|p2b: Kingambit|Sucker Punch|p1a: Garchomp
|-damage|p1a: Garchomp|0 fnt
|-damage|p2b: Kingambit|87/100|[from] ability: Rough Skin|[of] p1a: Garchomp
|faint|p1a: Garchomp
|move|p2a: Delphox|Heat Wave|p1b: Floette
|-damage|p1b: Floette|0 fnt
|faint|p1b: Floette
|
|upkeep
|
|t:|1783388477
|switch|p1a: Incineroar|Incineroar, L50, F|11/100
|-ability|p1a: Incineroar|Intimidate|boost
|-unboost|p2a: Delphox|atk|1
|-unboost|p2b: Kingambit|atk|1
|-ability|p2b: Kingambit|Defiant|boost
|-boost|p2b: Kingambit|atk|2
|turn|10
|
|t:|1783388487
|move|p2a: Delphox|Protect|p2a: Delphox
|-singleturn|p2a: Delphox|Protect
|move|p1a: Incineroar|Flare Blitz|p2b: Kingambit
|-supereffective|p2b: Kingambit|1
|-damage|p2b: Kingambit|16/100
|-damage|p1a: Incineroar|0 fnt|[from] Recoil
|faint|p1a: Incineroar
|
|win|myshirtisdirty
