|j|☆Genn22Vgc
|j|☆Advertisementish
|html|Genn22VgcAdvertisementish    
|uhtml|bestof|Game 2 of a best-of-3
|t:|1785243610
|gametype|doubles
|player|p1|Genn22Vgc|1|1460
|player|p2|Advertisementish|ghetsis|1387
|gen|9
|tier|[Gen 9 Champions] VGC 2026 Reg M-B (Bo3)
|rated|
|rule|Species Clause: Limit one of each Pokémon
|rule|Item Clause: Limit 1 of each item
|clearpoke
|poke|p1|Medicham, L50, F|
|poke|p1|Farigiraf, L50, M|
|poke|p1|Basculegion, L50, M|
|poke|p1|Kingambit, L50, F|
|poke|p1|Talonflame, L50, F|
|poke|p1|Floette-Eternal, L50, F|
|poke|p2|Froslass, L50, F|
|poke|p2|Scovillain, L50, M|
|poke|p2|Lycanroc-Dusk, L50, M, shiny|
|poke|p2|Kingambit, L50, F|
|poke|p2|Sneasler, L50, M|
|poke|p2|Basculegion, L50, M|
|teampreview|4
|showteam|p1|Medicham||Medichamite|PurePower|CloseCombat,PsychoCut,FakeOut,RockSlide|Adamant||F|||50|]Farigiraf||ColburBerry|ArmorTail|Thunderbolt,TwinBeam,HelpingHand,TrickRoom|Calm||M|||50|]Basculegion||MysticWater|Adaptability|LastRespects,WaveCrash,AquaJet,Protect|Adamant||M|||50|]Kingambit||FocusSash|Defiant|LowKick,IronHead,KowtowCleave,SuckerPunch|Adamant||F|||50|]Talonflame||LifeOrb|GaleWings|DualWingbeat,Tailwind,FlareBlitz,Taunt|Jolly||F|||50|]Floette-Eternal||Floettite|FlowerVeil|LightofRuin,Moonblast,DazzlingGleam,Protect|Modest||F|||50|
|showteam|p2|Froslass||Froslassite|CursedBody|Blizzard,ShadowBall,AuroraVeil,Protect|Modest||F|||50|]Scovillain||Scovillainite|Moody|Overheat,GigaDrain,RagePowder,Protect|Bold||M|||50|]Lycanroc-Dusk||FocusSash|ToughClaws|RockSlide,CloseCombat,Accelerock,Protect|Adamant||M|||50|]Kingambit||BlackGlasses|Defiant|KowtowCleave,SuckerPunch,SwordsDance,Protect|Adamant||F|||50|]Sneasler||WhiteHerb|Unburden|FakeOut,CloseCombat,GunkShot,Protect|Adamant||M|||50|]Basculegion||SitrusBerry|Adaptability|WaveCrash,LastRespects,AquaJet,Protect|Adamant||M|||50|
|inactive|Battle timer is ON: inactive players will automatically lose when time's up. (requested by Advertisementish)
|
|t:|1785243626
|teamsize|p1|4
|teamsize|p2|4
|start
|switch|p1a: Medicham|Medicham, L50, F|100/100
|switch|p1b: Talonflame|Talonflame, L50, F|100/100
|switch|p2a: Scovillain|Scovillain, L50, M|100/100
|switch|p2b: Basculegion|Basculegion, L50, M|100/100
|turn|1
|inactive|Genn22Vgc has 30 seconds left.
|
|t:|1785243655
|switch|p1b: Basculegion|Basculegion, L50, M|100/100
|detailschange|p1a: Medicham|Medicham-Mega, L50, F
|-mega|p1a: Medicham|Medicham|Medichamite
|move|p2a: Scovillain|Protect|p2a: Scovillain
|-singleturn|p2a: Scovillain|Protect
|move|p2b: Basculegion|Aqua Jet|p1b: Basculegion
|-resisted|p1b: Basculegion|1
|-damage|p1b: Basculegion|85/100
|move|p1a: Medicham|Rock Slide|p2a: Scovillain|[spread] p2b
|-activate|p2a: Scovillain|move: Protect
|-damage|p2b: Basculegion|59/100
|
|-ability|p2a: Scovillain|Moody|boost
|-boost|p2a: Scovillain|spd|2
|-unboost|p2a: Scovillain|spa|1
|upkeep
|turn|2
|
|t:|1785243677
|detailschange|p2a: Scovillain|Scovillain-Mega, L50, M
|-mega|p2a: Scovillain|Scovillain|Scovillainite
|move|p2a: Scovillain|Rage Powder|p2a: Scovillain
|-singleturn|p2a: Scovillain|move: Rage Powder
|move|p1b: Basculegion|Aqua Jet|p2a: Scovillain
|-damage|p2a: Scovillain|68/100
|-status|p1b: Basculegion|brn|[from] ability: Spicy Spray|[of] p2a: Scovillain
|move|p1a: Medicham|Rock Slide|p2a: Scovillain|[spread] p2a,p2b
|-supereffective|p2a: Scovillain|1
|-damage|p2a: Scovillain|0 fnt
|-damage|p2b: Basculegion|20/100y
|-status|p1a: Medicham|brn|[from] ability: Spicy Spray|[of] p2a: Scovillain
|-enditem|p2b: Basculegion|Sitrus Berry|[eat]
|-heal|p2b: Basculegion|45/100|[from] item: Sitrus Berry
|faint|p2a: Scovillain
|cant|p2b: Basculegion|flinch
|
|-damage|p1a: Medicham|93/100 brn|[from] brn
|-damage|p1b: Basculegion|79/100 brn|[from] brn
|upkeep
|
|t:|1785243694
|switch|p2a: Sneasler|Sneasler, L50, M|100/100
|turn|3
|
|t:|1785243706
|switch|p1a: Talonflame|Talonflame, L50, F|100/100
|switch|p1b: Kingambit|Kingambit, L50, F|100/100
|move|p2a: Sneasler|Fake Out|p1a: Talonflame
|-damage|p1a: Talonflame|79/100
|move|p2b: Basculegion|Last Respects|p1b: Kingambit
|-resisted|p1b: Kingambit|1
|-damage|p1b: Kingambit|73/100
|
|upkeep
|turn|4
|inactive|Genn22Vgc has 30 seconds left.
|
|t:|1785243734
|switch|p1b: Basculegion|Basculegion, L50, M|79/100 brn
|move|p2b: Basculegion|Aqua Jet|p1a: Talonflame
|-supereffective|p1a: Talonflame|1
|-damage|p1a: Talonflame|0 fnt
|faint|p1a: Talonflame
|move|p2a: Sneasler|Close Combat|p1b: Basculegion
|-immune|p1b: Basculegion
|
|-damage|p1b: Basculegion|73/100 brn|[from] brn
|upkeep
|
|t:|1785243745
|switch|p1a: Medicham|Medicham-Mega, L50, F|93/100 brn
|turn|5
|
|t:|1785243760
|move|p2b: Basculegion|Protect|p2b: Basculegion
|-singleturn|p2b: Basculegion|Protect
|move|p2a: Sneasler|Gunk Shot|p1a: Medicham|[miss]
|-miss|p2a: Sneasler|p1a: Medicham
|move|p1a: Medicham|Psycho Cut|p2a: Sneasler
|-supereffective|p2a: Sneasler|2
|-damage|p2a: Sneasler|0 fnt
|faint|p2a: Sneasler
|move|p1b: Basculegion|Last Respects|p2b: Basculegion
|-activate|p2b: Basculegion|move: Protect
|
|-damage|p1a: Medicham|87/100 brn|[from] brn
|-damage|p1b: Basculegion|67/100 brn|[from] brn
|upkeep
|
|t:|1785243764
|switch|p2a: Kingambit|Kingambit, L50, F|100/100
|turn|6
|
|t:|1785243781
|move|p2a: Kingambit|Sucker Punch|p1b: Basculegion
|-supereffective|p1b: Basculegion|1
|-damage|p1b: Basculegion|0 fnt
|faint|p1b: Basculegion
|move|p1a: Medicham|Psycho Cut|p2b: Basculegion
|-damage|p2b: Basculegion|4/100
|move|p2b: Basculegion|Last Respects|p1a: Medicham
|-supereffective|p1a: Medicham|1
|-damage|p1a: Medicham|0 fnt
|faint|p1a: Medicham
|
|upkeep
|
|t:|1785243790
|switch|p1b: Kingambit|Kingambit, L50, F|73/100
|turn|7
|
|t:|1785243801
|move|p2b: Basculegion|Aqua Jet|p1b: Kingambit
|-damage|p1b: Kingambit|50/100g
|move|p2a: Kingambit|Sucker Punch|p1b: Kingambit
|-resisted|p1b: Kingambit|1
|-damage|p1b: Kingambit|28/100
|move|p1b: Kingambit|Kowtow Cleave|p2b: Basculegion
|-supereffective|p2b: Basculegion|1
|-damage|p2b: Basculegion|0 fnt
|faint|p2b: Basculegion
|
|upkeep
|turn|8
|
|t:|1785243807
|move|p2a: Kingambit|Sucker Punch|p1b: Kingambit
|-resisted|p1b: Kingambit|1
|-damage|p1b: Kingambit|9/100
|move|p1b: Kingambit|Low Kick|p2a: Kingambit
|-supereffective|p2a: Kingambit|2
|-damage|p2a: Kingambit|0 fnt
|faint|p2a: Kingambit
|
|win|Genn22Vgc
|raw|Genn22Vgc's rating: 1460 → 1476(+16 for winning)
|raw|Advertisementish's rating: 1387 → 1371(-16 for losing)
|l|☆Advertisementish
|player|p2|
