|j|☆wittraid
|j|☆Neofalcon
|html|wittraidNeofalcon    
|uhtml|bestof|Game 1 of a best-of-3
|t:|1757157085
|gametype|doubles
|player|p1|wittraid|2|1298
|player|p2|Neofalcon|265|1197
|gen|9
|tier|[Gen 9] VGC 2025 Reg H (Bo3)
|rated|
|rule|Species Clause: Limit one of each Pokémon
|rule|Item Clause: Limit 1 of each item
|clearpoke
|poke|p1|Pelipper, L50, F|
|poke|p1|Archaludon, L50, F|
|poke|p1|Basculegion, L50, M|
|poke|p1|Incineroar, L50, F|
|poke|p1|Sinistcha-Masterpiece, L50|
|poke|p1|Dragonite, L50, F|
|poke|p2|Talonflame, L50, F|
|poke|p2|Garchomp, L50, F|
|poke|p2|Tyranitar, L50, F|
|poke|p2|Milotic, L50, F|
|poke|p2|Amoonguss, L50, M|
|poke|p2|Gholdengo, L50|
|teampreview|4
|showteam|p1|Pelipper||FocusSash|Drizzle|Tailwind,WideGuard,Hurricane,Protect|||F|||50|,,,,,Ghost]Archaludon||AssaultVest|Stamina|ElectroShot,DragonPulse,BodyPress,Snarl|||F|||50|,,,,,Grass]Basculegion||ChoiceBand|SwiftSwim|WaveCrash,LastRespects,AquaJet,FlipTurn|||M|||50|,,,,,Grass]Incineroar||SafetyGoggles|Intimidate|FakeOut,KnockOff,Taunt,PartingShot|||F|||50|,,,,,Ghost]Sinistcha-Masterpiece||SitrusBerry|Hospitality|RagePowder,MatchaGotcha,TrickRoom,Protect||||||50|,,,,,Dark]Dragonite||LoadedDice|InnerFocus|ScaleShot,ExtremeSpeed,Haze,Protect|||F|||50|,,,,,Normal
|showteam|p2|Talonflame||CovertCloak|GaleWings|DualWingbeat,Tailwind,WillOWisp,Taunt|||F|||50|,,,,,Ghost]Garchomp||LifeOrb|RoughSkin|Protect,StompingTantrum,Earthquake,DragonClaw|||F|||50|,,,,,Steel]Tyranitar||AssaultVest|SandStream|RockSlide,KnockOff,LowKick,TeraBlast|||F|||50|,,,,,Flying]Milotic||SafetyGoggles|Competitive|Scald,IcyWind,Haze,Protect|||F|||50|,,,,,Dragon]Amoonguss||SitrusBerry|Regenerator|Protect,RagePowder,Spore,PollenPuff|||M|||50|,,,,,Water]Gholdengo||IronPlate|GoodasGold|MakeItRain,ShadowBall,NastyPlot,Protect||||||50|,,,,,Flying
|inactive|Battle timer is ON: inactive players will automatically lose when time's up. (requested by wittraid)
|inactive|wittraid has 60 seconds left.
|inactive|Neofalcon has 60 seconds left.
|inactive|Neofalcon has 30 seconds left.
|inactive|Neofalcon has 20 seconds left.
|inactive|Neofalcon has 15 seconds left.
|inactive|Neofalcon has 10 seconds left.
|
|t:|1757157166
|teamsize|p1|4
|teamsize|p2|4
|start
|switch|p1a: Archaludon|Archaludon, L50, F|100/100
|switch|p1b: Basculegion|Basculegion, L50, M|100/100
|switch|p2a: Milotic|Milotic, L50, F|100/100
|switch|p2b: Gholdengo|Gholdengo, L50|100/100
|turn|1
|inactive|wittraid has 30 seconds left.
|inactive|Neofalcon has 30 seconds left.
|
|t:|1757157194
|-terastallize|p1b: Basculegion|Grass
|-terastallize|p2a: Milotic|Dragon
|move|p2b: Gholdengo|Protect|p2b: Gholdengo
|-singleturn|p2b: Gholdengo|Protect
|move|p1b: Basculegion|Flip Turn|p2b: Gholdengo
|-activate|p2b: Gholdengo|move: Protect
|move|p2a: Milotic|Icy Wind|p1a: Archaludon|[spread] p1a,p1b
|-supereffective|p1b: Basculegion
|-damage|p1a: Archaludon|93/100
|-damage|p1b: Basculegion|75/100
|-unboost|p1a: Archaludon|spe|1
|-unboost|p1b: Basculegion|spe|1
|-ability|p1a: Archaludon|Stamina|boost
|-boost|p1a: Archaludon|def|1
|move|p1a: Archaludon|Electro Shot||[still]
|-prepare|p1a: Archaludon|Electro Shot
|-boost|p1a: Archaludon|spa|1
|
|upkeep
|turn|2
|inactive|Neofalcon has 30 seconds left.
|
|t:|1757157226
|move|p2b: Gholdengo|Shadow Ball|p1b: Basculegion
|-damage|p1b: Basculegion|34/100
|move|p2a: Milotic|Icy Wind|p1b: Basculegion|[spread] p1a,p1b
|-supereffective|p1b: Basculegion
|-damage|p1a: Archaludon|85/100
|-damage|p1b: Basculegion|12/100
|-unboost|p1a: Archaludon|spe|1
|-unboost|p1b: Basculegion|spe|1
|-ability|p1a: Archaludon|Stamina|boost
|-boost|p1a: Archaludon|def|1
|move|p1b: Basculegion|Flip Turn|p2b: Gholdengo
|-damage|p2b: Gholdengo|49/100
|
|t:|1757157242
|switch|p1b: Sinistcha|Sinistcha-Masterpiece, L50|100/100|[from] Flip Turn
|-heal|p1a: Archaludon|100/100|[from] ability: Hospitality|[of] p1b: Sinistcha
|move|p1a: Archaludon|Electro Shot|p2a: Milotic|[from] lockedmove
|-resisted|p2a: Milotic
|-damage|p2a: Milotic|80/100
|
|upkeep
|turn|3
|inactive|Neofalcon has 30 seconds left.
|inactive|Neofalcon has 20 seconds left.
|
|t:|1757157279
|move|p1b: Sinistcha|Protect|p1b: Sinistcha
|-singleturn|p1b: Sinistcha|Protect
|move|p2b: Gholdengo|Shadow Ball|p1b: Sinistcha
|-activate|p1b: Sinistcha|move: Protect
|move|p2a: Milotic|Icy Wind|p1b: Sinistcha|[spread] p1a
|-activate|p1b: Sinistcha|move: Protect
|-damage|p1a: Archaludon|93/100
|-unboost|p1a: Archaludon|spe|1
|-ability|p1a: Archaludon|Stamina|boost
|-boost|p1a: Archaludon|def|1
|move|p1a: Archaludon|Dragon Pulse|p2a: Milotic
|-supereffective|p2a: Milotic
|-damage|p2a: Milotic|0 fnt
|faint|p2a: Milotic
|
|upkeep
|
|t:|1757157294
|switch|p2a: Tyranitar|Tyranitar, L50, F|100/100
|-weather|Sandstorm|[from] ability: Sand Stream|[of] p2a: Tyranitar
|turn|4
|
|t:|1757157309
|switch|p2a: Garchomp|Garchomp, L50, F|100/100
|switch|p1b: Pelipper|Pelipper, L50, F|100/100
|-weather|RainDance|[from] ability: Drizzle|[of] p1b: Pelipper
|move|p2b: Gholdengo|Nasty Plot|p2b: Gholdengo
|-boost|p2b: Gholdengo|spa|2
|move|p1a: Archaludon|Body Press|p2a: Garchomp
|-damage|p2a: Garchomp|39/100
|-damage|p1a: Archaludon|81/100|[from] ability: Rough Skin|[of] p2a: Garchomp
|
|-weather|RainDance|[upkeep]
|upkeep
|turn|5
|inactive|Neofalcon has 30 seconds left.
|inactive|Neofalcon has 20 seconds left.
|inactive|Neofalcon has 15 seconds left.
|
|t:|1757157351
|switch|p1b: Sinistcha|Sinistcha-Masterpiece, L50|100/100
|-heal|p1a: Archaludon|100/100|[from] ability: Hospitality|[of] p1b: Sinistcha
|move|p2a: Garchomp|Stomping Tantrum|p1a: Archaludon
|-supereffective|p1a: Archaludon
|-damage|p1a: Archaludon|76/100
|-ability|p1a: Archaludon|Stamina|boost
|-boost|p1a: Archaludon|def|1
|-damage|p2a: Garchomp|29/100|[from] item: Life Orb
|move|p2b: Gholdengo|Shadow Ball|p1a: Archaludon
|-damage|p1a: Archaludon|22/100
|-ability|p1a: Archaludon|Stamina|boost
|-boost|p1a: Archaludon|def|1
|move|p1a: Archaludon|Snarl|p2b: Gholdengo|[spread] p2a,p2b
|-supereffective|p2b: Gholdengo
|-damage|p2a: Garchomp|10/100
|-damage|p2b: Gholdengo|10/100
|-unboost|p2a: Garchomp|spa|1
|-unboost|p2b: Gholdengo|spa|1
|
|-weather|RainDance|[upkeep]
|upkeep
|turn|6
|inactive|wittraid has 30 seconds left.
|inactive|Neofalcon has 30 seconds left.
|inactive|Neofalcon has 20 seconds left.
|inactive|Neofalcon has 15 seconds left.
|inactive|Neofalcon has 10 seconds left.
|
|t:|1757157400
|switch|p2a: Tyranitar|Tyranitar, L50, F|100/100
|-weather|Sandstorm|[from] ability: Sand Stream|[of] p2a: Tyranitar
|move|p2b: Gholdengo|Protect|p2b: Gholdengo
|-singleturn|p2b: Gholdengo|Protect
|move|p1b: Sinistcha|Matcha Gotcha|p2a: Tyranitar|[spread] p2a
|-activate|p2b: Gholdengo|move: Protect
|-supereffective|p2a: Tyranitar
|-damage|p2a: Tyranitar|82/100
|move|p1a: Archaludon|Snarl|p2b: Gholdengo|[spread] p2a
|-activate|p2b: Gholdengo|move: Protect
|-resisted|p2a: Tyranitar
|-damage|p2a: Tyranitar|79/100
|-unboost|p2a: Tyranitar|spa|1
|
|-weather|Sandstorm|[upkeep]
|-damage|p1b: Sinistcha|94/100|[from] Sandstorm
|upkeep
|turn|7
|inactive|wittraid has 30 seconds left.
|inactive|Neofalcon has 30 seconds left.
|inactive|wittraid has 20 seconds left.
|
|t:|1757157438
|move|p1b: Sinistcha|Rage Powder|p1b: Sinistcha
|-singleturn|p1b: Sinistcha|move: Rage Powder
|move|p2b: Gholdengo|Shadow Ball|p1b: Sinistcha
|-supereffective|p1b: Sinistcha
|-damage|p1b: Sinistcha|0 fnt
|faint|p1b: Sinistcha
|move|p2a: Tyranitar|Knock Off|p1a: Archaludon
|-damage|p1a: Archaludon|11/100
|-ability|p1a: Archaludon|Stamina|boost
|-boost|p1a: Archaludon|def|1
|-enditem|p1a: Archaludon|Assault Vest|[from] move: Knock Off|[of] p2a: Tyranitar
|move|p1a: Archaludon|Snarl|p2a: Tyranitar|[spread] p2a,p2b
|-resisted|p2a: Tyranitar
|-supereffective|p2b: Gholdengo
|-damage|p2a: Tyranitar|75/100
|-damage|p2b: Gholdengo|0 fnt
|-unboost|p2a: Tyranitar|spa|1
|faint|p2b: Gholdengo
|
|-weather|Sandstorm|[upkeep]
|upkeep
|
|t:|1757157454
|switch|p2b: Garchomp|Garchomp, L50, F|10/100
|switch|p1b: Pelipper|Pelipper, L50, F|100/100
|-weather|RainDance|[from] ability: Drizzle|[of] p1b: Pelipper
|turn|8
|
|t:|1757157472
|move|p2b: Garchomp|Dragon Claw|p1a: Archaludon
|-damage|p1a: Archaludon|2/100
|-damage|p2b: Garchomp|0 fnt|[from] item: Life Orb
|faint|p2b: Garchomp
|move|p2a: Tyranitar|Low Kick|p1a: Archaludon
|-supereffective|p1a: Archaludon
|-damage|p1a: Archaludon|0 fnt
|faint|p1a: Archaludon
|move|p1b: Pelipper|Hurricane|p2a: Tyranitar
|-resisted|p2a: Tyranitar
|-damage|p2a: Tyranitar|61/100
|
|-weather|RainDance|[upkeep]
|upkeep
|
|t:|1757157486
|switch|p1a: Basculegion|Basculegion, L50, M, tera:Grass|12/100
|turn|9
|
|t:|1757157492
|move|p1a: Basculegion|Wave Crash|p2a: Tyranitar
|-supereffective|p2a: Tyranitar
|-damage|p2a: Tyranitar|0 fnt
|faint|p2a: Tyranitar
|-damage|p1a: Basculegion|0 fnt|[from] Recoil
|faint|p1a: Basculegion
|
|win|wittraid
||Neofalcon is ready for game 2.
||wittraid is ready for game 2.
|uhtml|next|Next: Game 2 of 3
|l|☆Neofalcon
|player|p2|
