|j|☆mudkipc4
|j|☆NicoHax
|html|mudkipc4NicoHax    
|uhtml|bestof|Game 2 of a best-of-3
|t:|1756166596
|gametype|doubles
|player|p1|mudkipc4|norman|1192
|player|p2|NicoHax|ethan|1247
|gen|9
|tier|[Gen 9] VGC 2025 Reg H (Bo3)
|rated|
|rule|Species Clause: Limit one of each Pokémon
|rule|Item Clause: Limit 1 of each item
|clearpoke
|poke|p1|Incineroar, L50, M|
|poke|p1|Garchomp, L50, M|
|poke|p1|Talonflame, L50, F|
|poke|p1|Tyranitar, L50, F|
|poke|p1|Gothitelle, L50, F|
|poke|p1|Gholdengo, L50|
|poke|p2|Sneasler, L50, F|
|poke|p2|Volcarona, L50, F|
|poke|p2|Baxcalibur, L50, M|
|poke|p2|Rillaboom, L50, M|
|poke|p2|Kingambit, L50, M|
|poke|p2|Dondozo, L50, M|
|teampreview|4
|showteam|p1|Incineroar||RockyHelmet|Intimidate|FakeOut,KnockOff,FlareBlitz,PartingShot|||M|||50|,,,,,Grass]Garchomp||ClearAmulet|SandVeil|SwordsDance,Protect,Earthquake,DragonClaw|||M|||50|,,,,,Ground]Talonflame||SafetyGoggles|GaleWings|Tailwind,BraveBird,WillOWisp,QuickGuard|||F|||50|,,,,,Ghost]Tyranitar||AssaultVest|SandStream|RockSlide,KnockOff,LowKick,TeraBlast|||F|||50|,,,,,Flying]Gothitelle||SitrusBerry|ShadowTag|FakeOut,Psychic,Taunt,Protect|||F|||50|,,,,,Grass]Gholdengo||Leftovers|GoodasGold|NastyPlot,MakeItRain,ShadowBall,Protect||||||50|,,,,,Steel
|showteam|p2|Sneasler||FocusSash|Unburden|Protect,CloseCombat,DireClaw,Coaching|||F|||50|,,,,,Stellar]Volcarona||CovertCloak|FlameBody|QuiverDance,HeatWave,TeraBlast,Protect|||F|||50|,,,,,Fairy]Baxcalibur||LoadedDice|ThermalExchange|Protect,IceShard,ScaleShot,IcicleSpear|||M|||50|,,,,,Ghost]Rillaboom||AssaultVest|GrassySurge|WoodHammer,GrassyGlide,HighHorsepower,FakeOut|||M|||50|,,,,,Water]Kingambit||SafetyGoggles|Defiant|KowtowCleave,SuckerPunch,SwordsDance,Protect|||M|||50|,,,,,Ghost]Dondozo||Leftovers|Unaware|Protect,Yawn,Liquidation,Fissure|||M|||50|,,,,,Poison
|inactive|Battle timer is ON: inactive players will automatically lose when time's up. (requested by mudkipc4)
|
|t:|1756166622
|teamsize|p1|4
|teamsize|p2|4
|start
|switch|p1a: Talonflame|Talonflame, L50, F|100/100
|switch|p1b: Tyranitar|Tyranitar, L50, F, shiny|100/100
|switch|p2a: Siddartha|Baxcalibur, L50, M|100/100
|switch|p2b: Jonathan|Rillaboom, L50, M|100/100
|-fieldstart|move: Grassy Terrain|[from] ability: Grassy Surge|[of] p2b: Jonathan
|-weather|Sandstorm|[from] ability: Sand Stream|[of] p1b: Tyranitar
|turn|1
|
|t:|1756166634
|move|p2b: Jonathan|Fake Out|p1b: Tyranitar
|-resisted|p1b: Tyranitar
|-damage|p1b: Tyranitar|95/100
|move|p1a: Talonflame|Will-O-Wisp|p2b: Jonathan
|-status|p2b: Jonathan|brn
|move|p2a: Siddartha|Icicle Spear|p1b: Tyranitar
|-damage|p1b: Tyranitar|81/100
|-damage|p1b: Tyranitar|68/100
|-damage|p1b: Tyranitar|53/100
|-damage|p1b: Tyranitar|40/100
|-damage|p1b: Tyranitar|27/100
|-hitcount|p1b: Tyranitar|5
|cant|p1b: Tyranitar|flinch
|
|-weather|Sandstorm|[upkeep]
|-damage|p2a: Siddartha|95/100|[from] Sandstorm
|-damage|p2b: Jonathan|94/100 brn|[from] Sandstorm
|-heal|p2a: Siddartha|100/100|[from] Grassy Terrain
|-heal|p2b: Jonathan|100/100 brn|[from] Grassy Terrain
|-heal|p1b: Tyranitar|33/100|[from] Grassy Terrain
|-damage|p2b: Jonathan|94/100 brn|[from] brn
|upkeep
|turn|2
|
|t:|1756166654
|move|p1a: Talonflame|Tailwind|p1a: Talonflame
|-sidestart|p1: mudkipc4|move: Tailwind
|move|p2a: Siddartha|Ice Shard|p1b: Tyranitar
|-damage|p1b: Tyranitar|11/100
|move|p2b: Jonathan|Grassy Glide|p1b: Tyranitar
|-supereffective|p1b: Tyranitar
|-damage|p1b: Tyranitar|0 fnt
|faint|p1b: Tyranitar
|
|-weather|Sandstorm|[upkeep]
|-damage|p2a: Siddartha|95/100|[from] Sandstorm
|-damage|p2b: Jonathan|88/100 brn|[from] Sandstorm
|-heal|p2a: Siddartha|100/100|[from] Grassy Terrain
|-heal|p2b: Jonathan|94/100 brn|[from] Grassy Terrain
|-damage|p2b: Jonathan|88/100 brn|[from] brn
|upkeep
|
|t:|1756166661
|switch|p1b: Gholdengo|Gholdengo, L50|100/100
|turn|3
|inactive|NicoHax has 30 seconds left.
|
|t:|1756166690
|switch|p2a: Kaisen|Kingambit, L50, M|100/100
|move|p1a: Talonflame|Brave Bird|p2b: Jonathan
|-supereffective|p2b: Jonathan
|-damage|p2b: Jonathan|19/100 brn
|-damage|p1a: Talonflame|75/100|[from] Recoil
|move|p1b: Gholdengo|Nasty Plot|p1b: Gholdengo
|-boost|p1b: Gholdengo|spa|2
|move|p2b: Jonathan|High Horsepower|p1b: Gholdengo
|-supereffective|p1b: Gholdengo
|-damage|p1b: Gholdengo|74/100
|
|-weather|Sandstorm|[upkeep]
|-damage|p2b: Jonathan|13/100 brn|[from] Sandstorm
|-heal|p1b: Gholdengo|80/100|[from] Grassy Terrain
|-heal|p1b: Gholdengo|86/100|[from] item: Leftovers
|-heal|p2b: Jonathan|19/100 brn|[from] Grassy Terrain
|-damage|p2b: Jonathan|13/100 brn|[from] brn
|upkeep
|turn|4
|inactive|NicoHax has 30 seconds left.
|
|t:|1756166724
|move|p1b: Gholdengo|Protect|p1b: Gholdengo
|-singleturn|p1b: Gholdengo|Protect
|move|p2b: Jonathan|Grassy Glide|p1a: Talonflame
|-resisted|p1a: Talonflame
|-damage|p1a: Talonflame|70/100
|move|p1a: Talonflame|Will-O-Wisp|p2a: Kaisen
|-status|p2a: Kaisen|brn
|move|p2a: Kaisen|Swords Dance|p2a: Kaisen
|-boost|p2a: Kaisen|atk|2
|
|-weather|Sandstorm|[upkeep]
|-damage|p2b: Jonathan|7/100 brn|[from] Sandstorm
|-heal|p1b: Gholdengo|93/100|[from] Grassy Terrain
|-heal|p1b: Gholdengo|99/100|[from] item: Leftovers
|-heal|p2b: Jonathan|13/100 brn|[from] Grassy Terrain
|-damage|p2b: Jonathan|7/100 brn|[from] brn
|-damage|p2a: Kaisen|95/100 brn|[from] brn
|upkeep
|turn|5
|
|t:|1756166744
|-terastallize|p1b: Gholdengo|Steel
|move|p1a: Talonflame|Quick Guard|p1a: Talonflame
|-singleturn|p1a: Talonflame|Quick Guard
|move|p2b: Jonathan|Grassy Glide|p1b: Gholdengo
|-activate|p1b: Gholdengo|move: Quick Guard
|move|p1b: Gholdengo|Make It Rain|p2b: Jonathan|[spread] p2a,p2b
|-resisted|p2a: Kaisen
|-damage|p2a: Kaisen|39/100 brn
|-damage|p2b: Jonathan|0 fnt
|-unboost|p1b: Gholdengo|spa|1
|faint|p2b: Jonathan
|move|p2a: Kaisen|Kowtow Cleave|p1b: Gholdengo
|-damage|p1b: Gholdengo|60/100
|
|-weather|none
|-heal|p1b: Gholdengo|66/100|[from] Grassy Terrain
|-heal|p1b: Gholdengo|72/100|[from] item: Leftovers
|-heal|p2a: Kaisen|44/100 brn|[from] Grassy Terrain
|-damage|p2a: Kaisen|39/100 brn|[from] brn
|-sideend|p1: mudkipc4|move: Tailwind
|-fieldend|move: Grassy Terrain
|upkeep
|
|t:|1756166760
|switch|p2b: Laertes|Sneasler, L50, F|100/100
|turn|6
|
|t:|1756166770
|move|p1b: Gholdengo|Protect|p1b: Gholdengo
|-singleturn|p1b: Gholdengo|Protect
|move|p2a: Kaisen|Protect|p2a: Kaisen
|-singleturn|p2a: Kaisen|Protect
|move|p1a: Talonflame|Tailwind|p1a: Talonflame
|-sidestart|p1: mudkipc4|move: Tailwind
|move|p2b: Laertes|Close Combat|p1b: Gholdengo
|-activate|p1b: Gholdengo|move: Protect
|
|-heal|p1b: Gholdengo|79/100|[from] item: Leftovers
|-damage|p2a: Kaisen|33/100 brn|[from] brn
|upkeep
|turn|7
|
|t:|1756166791
|move|p2a: Kaisen|Sucker Punch|p1a: Talonflame
|-damage|p1a: Talonflame|23/100
|move|p1a: Talonflame|Brave Bird|p2b: Laertes
|-supereffective|p2b: Laertes
|-enditem|p2b: Laertes|Focus Sash
|-damage|p2b: Laertes|1/100
|-damage|p1a: Talonflame|0 fnt|[from] Recoil
|faint|p1a: Talonflame
|move|p2b: Laertes|Close Combat|p1b: Gholdengo
|-supereffective|p1b: Gholdengo
|-damage|p1b: Gholdengo|0 fnt
|-unboost|p2b: Laertes|def|1
|-unboost|p2b: Laertes|spd|1
|faint|p1b: Gholdengo
|
|-damage|p2a: Kaisen|27/100 brn|[from] brn
|upkeep
|
|t:|1756166807
|switch|p1a: Garchomp|Garchomp, L50, M|100/100
|turn|8
|
|t:|1756166824
|move|p2a: Kaisen|Sucker Punch|p1a: Garchomp
|-damage|p1a: Garchomp|61/100
|move|p2b: Laertes|Dire Claw|p1a: Garchomp
|-resisted|p1a: Garchomp
|-damage|p1a: Garchomp|40/100
|-status|p1a: Garchomp|par
|cant|p1a: Garchomp|par
|
|-damage|p2a: Kaisen|21/100 brn|[from] brn
|upkeep
|turn|9
|-message|mudkipc4 forfeited.
|
|win|NicoHax
||NicoHax is ready for game 3.
||mudkipc4 is ready for game 3.
|uhtml|next|Next: Game 3 of 3
