|j|☆wizzcoaster
|j|☆acmilanvgc
|html|wizzcoasteracmilanvgc    
|uhtml|bestof|Game 2 of a best-of-3
|t:|1782354648
|gametype|doubles
|player|p1|wizzcoaster|adaman-masters|1161
|player|p2|acmilanvgc|misty|1040
|gen|9
|tier|[Gen 9 Champions] VGC 2026 Reg M-B (Bo3)
|rated|
|rule|Species Clause: Limit one of each Pokémon
|rule|Item Clause: Limit 1 of each item
|clearpoke
|poke|p1|Staraptor, L50, F|
|poke|p1|Garchomp, L50, M|
|poke|p1|Milotic, L50, M|
|poke|p1|Grimmsnarl, L50, M|
|poke|p1|Gholdengo, L50|
|poke|p1|Venusaur, L50, M|
|poke|p2|Sceptile, L50, M, shiny|
|poke|p2|Rotom-Heat, L50|
|poke|p2|Tyranitar, L50, F|
|poke|p2|Excadrill, L50, M|
|poke|p2|Sinistcha, L50|
|poke|p2|Primarina, L50, M|
|teampreview|4
|showteam|p1|Staraptor||Staraptite|Intimidate|BraveBird,CloseCombat,Roost,Protect|Adamant||F|||50|]Garchomp||ExpertBelt|RoughSkin|DragonClaw,StompingTantrum,PoisonJab,RockSlide|Adamant||M|||50|]Milotic||Leftovers|Competitive|MuddyWater,Hypnosis,Coil,LifeDew|Modest||M|||50|]Grimmsnarl||LightClay|Prankster|SpiritBreak,Reflect,LightScreen,PartingShot|Careful||M|||50|]Gholdengo||SitrusBerry|GoodasGold|MakeItRain,ShadowBall,NastyPlot,Protect|Modest|||||50|]Venusaur||Venusaurite|Chlorophyll|GigaDrain,SludgeBomb,EarthPower,Protect|Modest||M|||50|
|showteam|p2|Sceptile||Sceptilite|Overgrow|LeafStorm,DragonPulse,EarthPower,Protect|Timid||M|||50|]Rotom-Heat||ChoiceScarf|Levitate|Discharge,Electroweb,Overheat,Trick|Timid|||||50|]Tyranitar||Tyranitarite|SandStream|RockSlide,Assurance,LowKick,Protect|Adamant||F|||50|]Excadrill||FocusSash|SandRush|RockSlide,IronHead,Earthquake,Protect|Adamant||M|||50|]Sinistcha||Leftovers|Hospitality|RagePowder,MatchaGotcha,Protect,TrickRoom|Calm|||||50|]Primarina||LifeOrb|LiquidVoice|HyperVoice,Moonblast,CalmMind,Protect|Modest||M|||50|
|inactive|Battle timer is ON: inactive players will automatically lose when time's up. (requested by acmilanvgc)
|inactive|acmilanvgc has 60 seconds left.
|
|t:|1782354693
|teamsize|p1|4
|teamsize|p2|4
|start
|switch|p1a: Venusaur|Venusaur, L50, M|100/100
|switch|p1b: Grimmsnarl|Grimmsnarl, L50, M|100/100
|switch|p2a: Rotom|Rotom-Heat, L50|100/100
|switch|p2b: Excadrill|Excadrill, L50, M|100/100
|turn|1
|
|t:|1782354707
|switch|p1a: Garchomp|Garchomp, L50, M|100/100
|move|p1b: Grimmsnarl|Reflect|p1b: Grimmsnarl
|-sidestart|p1: wizzcoaster|Reflect
|move|p2a: Rotom|Overheat|p1a: Garchomp
|-resisted|p1a: Garchomp|1
|-damage|p1a: Garchomp|76/100
|-unboost|p2a: Rotom|spa|2
|move|p2b: Excadrill|Earthquake|p1b: Grimmsnarl|[spread] p1a,p1b
|-immune|p2a: Rotom|[from] ability: Levitate
|-damage|p1a: Garchomp|47/100
|-damage|p1b: Grimmsnarl|67/100
|
|upkeep
|turn|2
|
|t:|1782354727
|switch|p2a: Tyranitar|Tyranitar, L50, F|100/100
|-weather|Sandstorm|[from] ability: Sand Stream|[of] p2a: Tyranitar
|move|p2b: Excadrill|Protect|p2b: Excadrill
|-singleturn|p2b: Excadrill|Protect
|move|p1b: Grimmsnarl|Reflect||[still]
|-fail|p1b: Grimmsnarl
|move|p1a: Garchomp|Stomping Tantrum|p2b: Excadrill
|-activate|p2b: Excadrill|move: Protect
|
|-weather|Sandstorm|[upkeep]
|-damage|p1b: Grimmsnarl|61/100|[from] Sandstorm
|upkeep
|turn|3
|inactive|acmilanvgc has 30 seconds left.
|inactive|acmilanvgc has 20 seconds left.
|inactive|acmilanvgc has 15 seconds left.
|
|t:|1782354770
|switch|p2a: Rotom|Rotom-Heat, L50|100/100
|move|p1b: Grimmsnarl|Parting Shot|p2b: Excadrill
|-unboost|p2b: Excadrill|atk|1
|-unboost|p2b: Excadrill|spa|1
|
|t:|1782354777
|switch|p1b: Venusaur|Venusaur, L50, M|100/100|[from] Parting Shot
|move|p2b: Excadrill|Earthquake|p1b: Venusaur|[spread] p1a,p1b
|-immune|p2a: Rotom|[from] ability: Levitate
|-damage|p1a: Garchomp|30/100
|-damage|p1b: Venusaur|81/100
|move|p1a: Garchomp|Stomping Tantrum|p2a: Rotom
|-immune|p2a: Rotom|[from] ability: Levitate
|
|-weather|Sandstorm|[upkeep]
|-damage|p2a: Rotom|94/100|[from] Sandstorm
|-damage|p1b: Venusaur|75/100|[from] Sandstorm
|upkeep
|turn|4
|
|t:|1782354800
|detailschange|p1b: Venusaur|Venusaur-Mega, L50, M
|-mega|p1b: Venusaur|Venusaur|Venusaurite
|move|p1b: Venusaur|Protect|p1b: Venusaur
|-singleturn|p1b: Venusaur|Protect
|move|p2b: Excadrill|Iron Head|p1b: Venusaur
|-activate|p1b: Venusaur|move: Protect
|move|p2a: Rotom|Overheat|p1a: Garchomp
|-resisted|p1a: Garchomp|1
|-damage|p1a: Garchomp|6/100
|-unboost|p2a: Rotom|spa|2
|move|p1a: Garchomp|Rock Slide|p2b: Excadrill|[spread] p2a,p2b
|-supereffective|p2a: Rotom|1
|-resisted|p2b: Excadrill|2
|-damage|p2a: Rotom|48/100
|-damage|p2b: Excadrill|93/100
|
|-weather|Sandstorm|[upkeep]
|-damage|p2a: Rotom|42/100|[from] Sandstorm
|-damage|p1b: Venusaur|69/100|[from] Sandstorm
|upkeep
|turn|5
|inactive|wizzcoaster has 30 seconds left.
|
|t:|1782354834
|switch|p2b: Sceptile|Sceptile, L50, M, shiny|100/100
|switch|p2a: Tyranitar|Tyranitar, L50, F|100/100
|move|p1a: Garchomp|Stomping Tantrum|p2b: Sceptile
|-resisted|p2b: Sceptile|1
|-damage|p2b: Sceptile|65/100
|move|p1b: Venusaur|Giga Drain|p2b: Sceptile
|-resisted|p2b: Sceptile|1
|-damage|p2b: Sceptile|38/100
|-heal|p1b: Venusaur|80/100|[from] drain|[of] p2b: Sceptile
|
|-weather|Sandstorm|[upkeep]
|-damage|p2b: Sceptile|32/100|[from] Sandstorm
|-damage|p1b: Venusaur|74/100|[from] Sandstorm
|upkeep
|turn|6
|inactive|acmilanvgc has 30 seconds left.
|inactive|acmilanvgc has 20 seconds left.
|
|t:|1782354870
|detailschange|p2b: Sceptile|Sceptile-Mega, L50, M, shiny
|-mega|p2b: Sceptile|Sceptile|Sceptilite
|move|p2b: Sceptile|Protect|p2b: Sceptile
|-singleturn|p2b: Sceptile|Protect
|move|p1a: Garchomp|Stomping Tantrum|p2a: Tyranitar
|-supereffective|p2a: Tyranitar|1
|-damage|p2a: Tyranitar|27/100
|move|p1b: Venusaur|Sludge Bomb|p2b: Sceptile
|-activate|p2b: Sceptile|move: Protect
|move|p2a: Tyranitar|Low Kick|p1b: Venusaur
|-resisted|p1b: Venusaur|1
|-damage|p1b: Venusaur|64/100
|
|-weather|none
|upkeep
|turn|7
|inactive|wizzcoaster has 30 seconds left.
|inactive|acmilanvgc has 30 seconds left.
|
|t:|1782354898
|switch|p2a: Rotom|Rotom-Heat, L50|42/100
|move|p2b: Sceptile|Dragon Pulse|p1a: Garchomp
|-supereffective|p1a: Garchomp|1
|-damage|p1a: Garchomp|0 fnt
|faint|p1a: Garchomp
|move|p1b: Venusaur|Sludge Bomb|p2b: Sceptile
|-supereffective|p2b: Sceptile|1
|-damage|p2b: Sceptile|0 fnt
|faint|p2b: Sceptile
|
|upkeep
|
|t:|1782354905
|switch|p2b: Excadrill|Excadrill, L50, M|93/100
|switch|p1a: Grimmsnarl|Grimmsnarl, L50, M|61/100
|turn|8
|
|t:|1782354917
|move|p1a: Grimmsnarl|Light Screen|p1a: Grimmsnarl
|-sidestart|p1: wizzcoaster|move: Light Screen
|move|p2a: Rotom|Overheat|p1b: Venusaur
|-supereffective|p1b: Venusaur|1
|-damage|p1b: Venusaur|36/100
|-unboost|p2a: Rotom|spa|2
|move|p2b: Excadrill|Iron Head|p1a: Grimmsnarl
|-supereffective|p1a: Grimmsnarl|1
|-damage|p1a: Grimmsnarl|0 fnt
|faint|p1a: Grimmsnarl
|move|p1b: Venusaur|Giga Drain|p2b: Excadrill
|-damage|p2b: Excadrill|41/100
|-heal|p1b: Venusaur|62/100|[from] drain|[of] p2b: Excadrill
|
|-sideend|p1: wizzcoaster|Reflect
|upkeep
|
|t:|1782354929
|switch|p1a: Gholdengo|Gholdengo, L50|100/100
|turn|9
|
|t:|1782354942
|move|p2a: Rotom|Overheat|p1a: Gholdengo
|-supereffective|p1a: Gholdengo|1
|-damage|p1a: Gholdengo|67/100
|-unboost|p2a: Rotom|spa|2
|move|p2b: Excadrill|Earthquake|p1b: Venusaur|[spread] p1a,p1b
|-immune|p2a: Rotom|[from] ability: Levitate
|-supereffective|p1a: Gholdengo|1
|-damage|p1a: Gholdengo|0 fnt
|-damage|p1b: Venusaur|26/100
|faint|p1a: Gholdengo
|move|p1b: Venusaur|Giga Drain|p2b: Excadrill
|-damage|p2b: Excadrill|0 fnt
|-heal|p1b: Venusaur|47/100|[from] drain|[of] p2b: Excadrill
|faint|p2b: Excadrill
|
|upkeep
|
|t:|1782354950
|switch|p2b: Tyranitar|Tyranitar, L50, F|27/100
|-weather|Sandstorm|[from] ability: Sand Stream|[of] p2b: Tyranitar
|turn|10
|
|t:|1782354965
|move|p2a: Rotom|Overheat|p1b: Venusaur
|-supereffective|p1b: Venusaur|1
|-damage|p1b: Venusaur|38/100
|-unboost|p2a: Rotom|spa|2
|move|p1b: Venusaur|Giga Drain|p2b: Tyranitar
|-supereffective|p2b: Tyranitar|1
|-damage|p2b: Tyranitar|0 fnt
|-heal|p1b: Venusaur|53/100|[from] drain|[of] p2b: Tyranitar
|faint|p2b: Tyranitar
|
|-weather|Sandstorm|[upkeep]
|-damage|p2a: Rotom|36/100|[from] Sandstorm
|-damage|p1b: Venusaur|47/100|[from] Sandstorm
|upkeep
|turn|11
|
|t:|1782354973
|move|p2a: Rotom|Overheat|p1b: Venusaur
|-supereffective|p1b: Venusaur|1
|-damage|p1b: Venusaur|40/100
|move|p1b: Venusaur|Sludge Bomb|p2a: Rotom
|-damage|p2a: Rotom|0 fnt
|faint|p2a: Rotom
|
|win|wizzcoaster
|raw|wizzcoaster's rating: 1161 → 1178(+17 for winning)
|raw|acmilanvgc's rating: 1040 → 1029(-11 for losing)
|c|☆wizzcoaster|Gg
|c|☆acmilanvgc|gg
