|j|☆homerj71
|j|☆zzbenjxd
|html|homerj71zzbenjxd    
|uhtml|bestof|Game 2 of a best-of-3
|t:|1785681237
|gametype|doubles
|player|p1|homerj71|169|1099
|player|p2|zzbenjxd|102|1036
|gen|9
|tier|[Gen 9 Champions] VGC 2026 Reg M-B (Bo3)
|rated|
|rule|Species Clause: Limit one of each Pokémon
|rule|Item Clause: Limit 1 of each item
|clearpoke
|poke|p1|Tyranitar, L50, M|
|poke|p1|Staraptor, L50, F|
|poke|p1|Gholdengo, L50|
|poke|p1|Excadrill, L50, M|
|poke|p1|Sinistcha, L50|
|poke|p1|Milotic, L50, F|
|poke|p2|Mawile, L50, F|
|poke|p2|Gholdengo, L50|
|poke|p2|Farigiraf, L50, M|
|poke|p2|Pelipper, L50, F|
|poke|p2|Blastoise, L50, F|
|poke|p2|Garchomp, L50, M|
|teampreview|4
|showteam|p1|Tyranitar||Tyranitarite|SandStream|KnockOff,RockSlide,Protect,LowKick|Jolly||M|||50|]Staraptor||Staraptite|Intimidate|DualWingbeat,CloseCombat,Protect,Tailwind|Jolly||F|||50|]Gholdengo||LifeOrb|GoodasGold|MakeItRain,NastyPlot,Protect,ShadowBall|Timid|||||50|]Excadrill||FocusSash|SandRush|HighHorsepower,IronHead,RockSlide,Protect|Adamant||M|||50|]Sinistcha||SitrusBerry|Hospitality|MatchaGotcha,RagePowder,ShadowBall,Protect|Calm|||||50|]Milotic||Leftovers|Competitive|Scald,IcyWind,Protect,IceBeam|Modest||F|||50|
|showteam|p2|Mawile||Mawilite|Intimidate|SwordsDance,PlayRough,KnockOff,SuckerPunch|Adamant||F|||50|]Gholdengo||Leftovers|GoodasGold|Protect,NastyPlot,MakeItRain,ShadowBall|Timid|||||50|]Farigiraf||SitrusBerry|ArmorTail|DazzlingGleam,TrickRoom,HelpingHand,RainDance|Sassy||M|||50|]Pelipper||FocusSash|Drizzle|WeatherBall,Hurricane,Tailwind,WideGuard|Modest||F|||50|]Blastoise||Blastoisinite|Torrent|WaterSpout,IceBeam,Surf,FakeOut|Modest||F|||50|]Garchomp||LifeOrb|SandVeil|Earthquake,RockSlide,DragonClaw,Protect|Jolly||M|||50|
|inactive|Battle timer is ON: inactive players will automatically lose when time's up. (requested by homerj71)
|
|t:|1785681266
|teamsize|p1|4
|teamsize|p2|4
|start
|switch|p1a: Sinistcha|Sinistcha, L50|100/100
|switch|p1b: Milotic|Milotic, L50, F|100/100
|switch|p2a: Pelipper|Pelipper, L50, F|100/100
|switch|p2b: Gholdengo|Gholdengo, L50|100/100
|-weather|RainDance|[from] ability: Drizzle|[of] p2a: Pelipper
|turn|1
|
|t:|1785681290
|move|p2b: Gholdengo|Nasty Plot|p2b: Gholdengo
|-boost|p2b: Gholdengo|spa|2
|move|p1b: Milotic|Scald|p2b: Gholdengo
|-damage|p2b: Gholdengo|35/100
|move|p1a: Sinistcha|Shadow Ball|p2b: Gholdengo
|-supereffective|p2b: Gholdengo|1
|-damage|p2b: Gholdengo|0 fnt
|faint|p2b: Gholdengo
|move|p2a: Pelipper|Tailwind|p2a: Pelipper
|-sidestart|p2: zzbenjxd|move: Tailwind
|
|-weather|RainDance|[upkeep]
|upkeep
|
|t:|1785681301
|switch|p2b: Mawile|Mawile, L50, F|100/100
|-ability|p2b: Mawile|Intimidate|boost
|-unboost|p1a: Sinistcha|atk|1
|-unboost|p1b: Milotic|atk|1
|-ability|p1b: Milotic|Competitive|boost
|-boost|p1b: Milotic|spa|2
|turn|2
|
|t:|1785681319
|detailschange|p2b: Mawile|Mawile-Mega, L50, F
|-mega|p2b: Mawile|Mawile|Mawilite
|move|p1a: Sinistcha|Rage Powder|p1a: Sinistcha
|-singleturn|p1a: Sinistcha|move: Rage Powder
|move|p2b: Mawile|Sucker Punch||[still]
|-fail|p2b: Mawile
|move|p2a: Pelipper|Hurricane|p1a: Sinistcha
|-supereffective|p1a: Sinistcha|1
|-damage|p1a: Sinistcha|1/100
|-start|p1a: Sinistcha|confusion
|-enditem|p1a: Sinistcha|Sitrus Berry|[eat]
|-heal|p1a: Sinistcha|25/100|[from] item: Sitrus Berry
|move|p1b: Milotic|Scald|p2b: Mawile
|-damage|p2b: Mawile|0 fnt
|faint|p2b: Mawile
|
|-weather|RainDance|[upkeep]
|upkeep
|
|t:|1785681334
|switch|p2b: Farigiraf|Farigiraf, L50, M|100/100
|turn|3
|
|t:|1785681344
|move|p2a: Pelipper|Wide Guard|p2a: Pelipper
|-singleturn|p2a: Pelipper|Wide Guard
|-activate|p1a: Sinistcha|confusion
|move|p1a: Sinistcha|Rage Powder|p1a: Sinistcha
|-singleturn|p1a: Sinistcha|move: Rage Powder
|move|p2b: Farigiraf|Dazzling Gleam|p1b: Milotic|[spread] p1a,p1b
|-damage|p1a: Sinistcha|11/100
|-damage|p1b: Milotic|89/100
|move|p1b: Milotic|Scald|p2b: Farigiraf
|-damage|p2b: Farigiraf|25/100
|-enditem|p2b: Farigiraf|Sitrus Berry|[eat]
|-heal|p2b: Farigiraf|50/100g|[from] item: Sitrus Berry
|
|-weather|RainDance|[upkeep]
|-heal|p1b: Milotic|95/100|[from] item: Leftovers
|upkeep
|turn|4
|
|t:|1785681362
|move|p2a: Pelipper|Hurricane|p1b: Milotic
|-damage|p1b: Milotic|56/100
|move|p2b: Farigiraf|Dazzling Gleam|p1b: Milotic|[spread] p1a,p1b
|-damage|p1a: Sinistcha|0 fnt
|-damage|p1b: Milotic|46/100
|faint|p1a: Sinistcha
|move|p1b: Milotic|Scald|p2b: Farigiraf
|-damage|p2b: Farigiraf|0 fnt
|faint|p2b: Farigiraf
|
|-weather|RainDance|[upkeep]
|-heal|p1b: Milotic|51/100|[from] item: Leftovers
|-sideend|p2: zzbenjxd|move: Tailwind
|upkeep
|
|t:|1785681370
|switch|p1a: Gholdengo|Gholdengo, L50|100/100
|turn|5
|
|t:|1785681377
|move|p2a: Pelipper|Wide Guard|p2a: Pelipper
|-singleturn|p2a: Pelipper|Wide Guard
|move|p1a: Gholdengo|Shadow Ball|p2a: Pelipper
|-damage|p2a: Pelipper|22/100
|-damage|p1a: Gholdengo|90/100|[from] item: Life Orb
|move|p1b: Milotic|Scald|p2a: Pelipper
|-resisted|p2a: Pelipper|1
|-damage|p2a: Pelipper|0 fnt
|faint|p2a: Pelipper
|
|win|homerj71
|raw|homerj71's rating: 1099 → 1120(+21 for winning)
|raw|zzbenjxd's rating: 1036 → 1023(-13 for losing)
