|j|☆zardingit
|j|☆BVSelf
|html|zardingitBVSelf    
|uhtml|bestof|Game 3 of a best-of-3
|t:|1783850679
|gametype|doubles
|player|p1|zardingit|265|1315
|player|p2|BVSelf|juan|1427
|gen|9
|tier|[Gen 9 Champions] VGC 2026 Reg M-B (Bo3)
|rated|
|rule|Species Clause: Limit one of each Pokémon
|rule|Item Clause: Limit 1 of each item
|clearpoke
|poke|p1|Charizard, L50, F|
|poke|p1|Garchomp, L50, M|
|poke|p1|Venusaur, L50, M|
|poke|p1|Grimmsnarl, L50, M|
|poke|p1|Aegislash, L50, M|
|poke|p1|Farigiraf, L50, M|
|poke|p2|Delphox, L50, M|
|poke|p2|Incineroar, L50, F|
|poke|p2|Maushold-Four, L50|
|poke|p2|Sinistcha, L50|
|poke|p2|Sneasler, L50, F|
|poke|p2|Blastoise, L50, F|
|teampreview|4
|showteam|p1|Charizard||CharizarditeY|Blaze|WeatherBall,HeatWave,HelpingHand,Protect|Modest||F|||50|]Garchomp||ChoiceScarf|RoughSkin|Earthquake,RockSlide,DragonClaw,StompingTantrum|Adamant||M|||50|]Venusaur||LifeOrb|Chlorophyll|SludgeBomb,LeafStorm,SleepPowder,Protect|Timid||M|||50|]Grimmsnarl||LightClay|Prankster|Reflect,LightScreen,PartingShot,SpiritBreak|Careful||M|||50|]Aegislash||FocusSash|StanceChange|Poltergeist,ShadowSneak,CloseCombat,WideGuard|Adamant||M|||50|]Farigiraf||SitrusBerry|ArmorTail|TrickRoom,TwinBeam,Thunderbolt,Protect|Calm||M|||50|
|showteam|p2|Delphox||Delphoxite|Blaze|HeatWave,Psyshock,NastyPlot,Protect|Modest||M|||50|]Incineroar||SitrusBerry|Intimidate|FlareBlitz,FakeOut,ThroatChop,PartingShot|Impish||F|||50|]Maushold-Four||ChopleBerry|FriendGuard|Feint,HelpingHand,FollowMe,Protect|Impish|||||50|]Sinistcha||KasibBerry|Hospitality|Protect,MatchaGotcha,RagePowder,TrickRoom|Relaxed|||||50|]Sneasler||FocusSash|Unburden|CloseCombat,DireClaw,QuickGuard,FakeOut|Adamant||F|||50|]Blastoise||Blastoisinite|RainDish|Protect,ShellSmash,WaterSpout,DarkPulse|Modest||F|||50|
|
|t:|1783850700
|teamsize|p1|4
|teamsize|p2|4
|start
|switch|p1a: Charizard|Charizard, L50, F|100/100
|switch|p1b: Aegislash|Aegislash, L50, M|100/100
|switch|p2a: Incineroar|Incineroar, L50, F|100/100
|switch|p2b: Delphox|Delphox, L50, M|100/100
|-ability|p2a: Incineroar|Intimidate|boost
|-unboost|p1a: Charizard|atk|1
|-unboost|p1b: Aegislash|atk|1
|turn|1
|
|t:|1783850725
|detailschange|p1a: Charizard|Charizard-Mega-Y, L50, F
|-mega|p1a: Charizard|Charizard|Charizardite Y
|-weather|SunnyDay|[from] ability: Drought|[of] p1a: Charizard
|move|p2b: Delphox|Protect|p2b: Delphox
|-singleturn|p2b: Delphox|Protect
|move|p1a: Charizard|Weather Ball|p2a: Incineroar
|-resisted|p2a: Incineroar|1
|-damage|p2a: Incineroar|56/100
|-formechange|p1b: Aegislash|Aegislash-Blade|
|move|p1b: Aegislash|Poltergeist|p2b: Delphox
|-activate|p2b: Delphox|move: Protect
|move|p2a: Incineroar|Parting Shot|p1b: Aegislash
|-unboost|p1b: Aegislash|atk|1
|-unboost|p1b: Aegislash|spa|1
|
|t:|1783850738
|switch|p2a: Maushold|Maushold-Four, L50|100/100|[from] Parting Shot
|
|-weather|SunnyDay|[upkeep]
|upkeep
|turn|2
|
|t:|1783850745
|detailschange|p2b: Delphox|Delphox-Mega, L50, M
|-mega|p2b: Delphox|Delphox|Delphoxite
|move|p2a: Maushold|Follow Me|p2a: Maushold
|-singleturn|p2a: Maushold|move: Follow Me
|move|p2b: Delphox|Nasty Plot|p2b: Delphox
|-boost|p2b: Delphox|spa|2
|move|p1a: Charizard|Weather Ball|p2a: Maushold
|-damage|p2a: Maushold|0 fnt
|faint|p2a: Maushold
|move|p1b: Aegislash|Poltergeist|p2b: Delphox
|-activate|p2b: Delphox|move: Poltergeist|Delphoxite
|-supereffective|p2b: Delphox|1
|-damage|p2b: Delphox|16/100
|
|-weather|SunnyDay|[upkeep]
|upkeep
|
|t:|1783850760
|switch|p2a: Sinistcha|Sinistcha, L50|100/100
|-heal|p2b: Delphox|40/100|[from] ability: Hospitality|[of] p2a: Sinistcha
|turn|3
|
|t:|1783850787
|move|p2a: Sinistcha|Rage Powder|p2a: Sinistcha
|-singleturn|p2a: Sinistcha|move: Rage Powder
|move|p2b: Delphox|Psyshock|p1a: Charizard
|-damage|p1a: Charizard|0 fnt
|faint|p1a: Charizard
|move|p1b: Aegislash|Poltergeist|p2a: Sinistcha
|-activate|p2a: Sinistcha|move: Poltergeist|Kasib Berry
|-supereffective|p2a: Sinistcha|1
|-enditem|p2a: Sinistcha|Kasib Berry|[eat]
|-enditem|p2a: Sinistcha|Kasib Berry|[weaken]
|-damage|p2a: Sinistcha|70/100
|
|-weather|SunnyDay|[upkeep]
|upkeep
|
|t:|1783850799
|switch|p1a: Venusaur|Venusaur, L50, M|100/100
|turn|4
|
|t:|1783850818
|switch|p2a: Incineroar|Incineroar, L50, F|56/100
|-ability|p2a: Incineroar|Intimidate|boost
|-unboost|p1a: Venusaur|atk|1
|-unboost|p1b: Aegislash|atk|1
|move|p2b: Delphox|Protect|p2b: Delphox
|-singleturn|p2b: Delphox|Protect
|move|p1a: Venusaur|Sludge Bomb|p2a: Incineroar
|-damage|p2a: Incineroar|6/100
|-enditem|p2a: Incineroar|Sitrus Berry|[eat]
|-heal|p2a: Incineroar|31/100|[from] item: Sitrus Berry
|-damage|p1a: Venusaur|90/100|[from] item: Life Orb
|move|p1b: Aegislash|Poltergeist||[still]
|-fail|p1b: Aegislash
|
|-weather|SunnyDay|[upkeep]
|upkeep
|turn|5
|
|t:|1783850836
|move|p1a: Venusaur|Sludge Bomb|p2b: Delphox
|-damage|p2b: Delphox|0 fnt
|faint|p2b: Delphox
|-damage|p1a: Venusaur|80/100|[from] item: Life Orb
|move|p1b: Aegislash|Poltergeist||[still]
|-fail|p1b: Aegislash
|move|p2a: Incineroar|Flare Blitz|p1a: Venusaur
|-supereffective|p1a: Venusaur|1
|-damage|p1a: Venusaur|0 fnt
|faint|p1a: Venusaur
|-damage|p2a: Incineroar|10/100|[from] Recoil
|
|-weather|none
|upkeep
|
|t:|1783850845
|switch|p2b: Sinistcha|Sinistcha, L50|70/100
|switch|p1a: Garchomp|Garchomp, L50, M|100/100
|-heal|p2a: Incineroar|35/100|[from] ability: Hospitality|[of] p2b: Sinistcha
|turn|6
|
|t:|1783850858
|move|p1a: Garchomp|Rock Slide|p2b: Sinistcha|[spread] p2a,p2b
|-supereffective|p2a: Incineroar|1
|-damage|p2a: Incineroar|3/100
|-damage|p2b: Sinistcha|55/100
|move|p1b: Aegislash|Poltergeist||[still]
|-fail|p1b: Aegislash
|cant|p2a: Incineroar|flinch
|cant|p2b: Sinistcha|flinch
|
|upkeep
|turn|7
|c|☆zardingit|I'm sorry
|
|t:|1783850870
|move|p1b: Aegislash|Shadow Sneak|p2b: Sinistcha
|-supereffective|p2b: Sinistcha|1
|-damage|p2b: Sinistcha|38/100
|move|p1a: Garchomp|Rock Slide|p2b: Sinistcha|[spread] p2a,p2b
|-supereffective|p2a: Incineroar|1
|-damage|p2a: Incineroar|0 fnt
|-damage|p2b: Sinistcha|23/100
|faint|p2a: Incineroar
|cant|p2b: Sinistcha|flinch
|
|upkeep
|turn|8
|c|☆BVSelf|ahahahah
|
|t:|1783850881
|move|p1b: Aegislash|Shadow Sneak|p2b: Sinistcha
|-supereffective|p2b: Sinistcha|1
|-damage|p2b: Sinistcha|6/100
|move|p1a: Garchomp|Rock Slide|p2b: Sinistcha
|-damage|p2b: Sinistcha|0 fnt
|faint|p2b: Sinistcha
|
|win|zardingit
|raw|zardingit's rating: 1315 → 1341(+26 for winning)
|raw|BVSelf's rating: 1427 → 1401(-26 for losing)
|c|☆zardingit|ggwp
|c|☆BVSelf|gg wp
|l|☆zardingit
|player|p1|
