|j|☆lopsarrob
|j|☆PikaTROD
|html|lopsarrobPikaTROD    
|uhtml|bestof|Game 2 of a best-of-3
|t:|1782484686
|gametype|doubles
|player|p1|lopsarrob|pilot|1304
|player|p2|PikaTROD|101|1306
|gen|9
|tier|[Gen 9 Champions] VGC 2026 Reg M-B (Bo3)
|rated|
|rule|Species Clause: Limit one of each Pokémon
|rule|Item Clause: Limit 1 of each item
|clearpoke
|poke|p1|Aerodactyl, L50, F|
|poke|p1|Garchomp, L50, F|
|poke|p1|Kingambit, L50, F|
|poke|p1|Charizard, L50, F, shiny|
|poke|p1|Sylveon, L50, M|
|poke|p1|Farigiraf, L50, M|
|poke|p2|Whimsicott, L50, M|
|poke|p2|Torkoal, L50, M|
|poke|p2|Pyroar, L50, M|
|poke|p2|Farigiraf, L50, F|
|poke|p2|Scrafty, L50, F|
|poke|p2|Basculegion, L50, M|
|teampreview|4
|showteam|p1|Aerodactyl||Aerodactylite|Unnerve|IceFang,RockSlide,Tailwind,DualWingbeat|Jolly||F|||50|]Garchomp||LifeOrb|RoughSkin|DragonClaw,StompingTantrum,Earthquake,Protect|Jolly||F|||50|]Kingambit||FocusSash|Defiant|KowtowCleave,SuckerPunch,IronHead,LowKick|Adamant||F|||50|]Charizard||CharizarditeY|Blaze|Protect,WeatherBall,HeatWave,SolarBeam|Modest||F|||50|]Sylveon||FairyFeather|Pixilate|Protect,HyperVoice,HyperBeam,QuickAttack|Modest||M|||50|]Farigiraf||SitrusBerry|ArmorTail|TrickRoom,Thunderbolt,Roar,Psychic|Bold||M|||50|
|showteam|p2|Whimsicott||FairyFeather|Prankster|Tailwind,Moonblast,Protect,SunnyDay|Timid||M|||50|]Torkoal||Charcoal|Drought|Eruption,WeatherBall,HelpingHand,Protect|Quiet||M|||50|]Pyroar||Pyroarite|Unnerve|HeatWave,Overheat,SolarBeam,Protect|Timid||M|||50|]Farigiraf||SitrusBerry|ArmorTail|TrickRoom,Protect,HelpingHand,Psychic|Quiet||F|||50|]Scrafty||Scraftinite|Intimidate|FakeOut,RockSlide,ThroatChop,CloseCombat|Adamant||F|||50|]Basculegion||FocusSash|Adaptability|LastRespects,Liquidation,AquaJet,Protect|Adamant||M|||50|
|inactive|Battle timer is ON: inactive players will automatically lose when time's up. (requested by lopsarrob)
|
|t:|1782484732
|teamsize|p1|4
|teamsize|p2|4
|start
|switch|p1a: Aerodactyl|Aerodactyl, L50, F|100/100
|switch|p1b: Kingambit|Kingambit, L50, F|100/100
|switch|p2a: Farigiraf|Farigiraf, L50, F|100/100
|switch|p2b: Scrafty|Scrafty, L50, F|100/100
|-ability|p1a: Aerodactyl|Unnerve
|-ability|p2b: Scrafty|Intimidate|boost
|-unboost|p1a: Aerodactyl|atk|1
|-unboost|p1b: Kingambit|atk|1
|-ability|p1b: Kingambit|Defiant|boost
|-boost|p1b: Kingambit|atk|2
|turn|1
|inactive|lopsarrob has 30 seconds left.
|inactive|lopsarrob has 20 seconds left.
|inactive|lopsarrob has 15 seconds left.
|inactive|lopsarrob has 10 seconds left.
|
|t:|1782484778
|move|p2b: Scrafty|Fake Out|p1b: Kingambit
|-resisted|p1b: Kingambit|1
|-damage|p1b: Kingambit|94/100
|move|p1a: Aerodactyl|Rock Slide|p2a: Farigiraf|[spread] p2a,p2b
|-resisted|p2b: Scrafty|1
|-damage|p2a: Farigiraf|86/100
|-damage|p2b: Scrafty|93/100
|cant|p1b: Kingambit|flinch
|cant|p2a: Farigiraf|flinch
|
|upkeep
|turn|2
|c|☆PikaTROD|guh haha
|inactive|lopsarrob has 30 seconds left.
|
|t:|1782484812
|switch|p1b: Charizard|Charizard, L50, F, shiny|100/100
|detailschange|p2b: Scrafty|Scrafty-Mega, L50, F
|-mega|p2b: Scrafty|Scrafty|Scraftinite
|-ability|p2b: Scrafty|Intimidate|boost
|-unboost|p1a: Aerodactyl|atk|1
|-unboost|p1b: Charizard|atk|1
|move|p2a: Farigiraf|Protect|p2a: Farigiraf
|-singleturn|p2a: Farigiraf|Protect
|move|p1a: Aerodactyl|Rock Slide|p2a: Farigiraf|[spread] p2b
|-activate|p2a: Farigiraf|move: Protect
|-resisted|p2b: Scrafty|1
|-crit|p2b: Scrafty
|-damage|p2b: Scrafty|80/100
|move|p2b: Scrafty|Close Combat|p1b: Charizard
|-resisted|p1b: Charizard|1
|-damage|p1b: Charizard|67/100
|-unboost|p2b: Scrafty|def|1
|-unboost|p2b: Scrafty|spd|1
|
|upkeep
|turn|3
|inactive|lopsarrob has 30 seconds left.
|inactive|lopsarrob has 20 seconds left.
|inactive|lopsarrob has 15 seconds left.
|inactive|lopsarrob has 10 seconds left.
|
|t:|1782484858
|detailschange|p1b: Charizard|Charizard-Mega-Y, L50, F, shiny
|-mega|p1b: Charizard|Charizard|Charizardite Y
|-weather|SunnyDay|[from] ability: Drought|[of] p1b: Charizard
|move|p1a: Aerodactyl|Rock Slide|p2b: Scrafty|[spread] p2a,p2b
|-resisted|p2b: Scrafty|1
|-damage|p2a: Farigiraf|76/100
|-damage|p2b: Scrafty|74/100
|move|p1b: Charizard|Heat Wave|p2a: Farigiraf|[spread] p2a,p2b
|-damage|p2a: Farigiraf|21/100
|-damage|p2b: Scrafty|2/100
|cant|p2b: Scrafty|flinch
|move|p2a: Farigiraf|Trick Room|p2a: Farigiraf
|-fieldstart|move: Trick Room|[of] p2a: Farigiraf
|
|-weather|SunnyDay|[upkeep]
|upkeep
|turn|4
|inactive|lopsarrob has 30 seconds left.
|inactive|PikaTROD has 30 seconds left.
|inactive|lopsarrob has 20 seconds left.
|inactive|lopsarrob has 15 seconds left.
|
|t:|1782484899
|switch|p1a: Garchomp|Garchomp, L50, F|100/100
|-enditem|p2a: Farigiraf|Sitrus Berry|[eat]
|-heal|p2a: Farigiraf|46/100|[from] item: Sitrus Berry
|move|p1b: Charizard|Protect|p1b: Charizard
|-singleturn|p1b: Charizard|Protect
|move|p2a: Farigiraf|Psychic|p1a: Garchomp
|-damage|p1a: Garchomp|54/100
|move|p2b: Scrafty|Rock Slide|p1a: Garchomp|[spread] p1a
|-activate|p1b: Charizard|move: Protect
|-resisted|p1a: Garchomp|1
|-damage|p1a: Garchomp|44/100
|
|-weather|SunnyDay|[upkeep]
|upkeep
|turn|5
|inactive|lopsarrob has 30 seconds left.
|inactive|PikaTROD has 30 seconds left.
|inactive|PikaTROD has 20 seconds left.
|
|t:|1782484937
|switch|p1b: Kingambit|Kingambit, L50, F|94/100
|move|p1a: Garchomp|Protect|p1a: Garchomp
|-singleturn|p1a: Garchomp|Protect
|move|p2a: Farigiraf|Psychic|p1b: Kingambit
|-immune|p1b: Kingambit
|move|p2b: Scrafty|Close Combat|p1b: Kingambit
|-supereffective|p1b: Kingambit|2
|-damage|p1b: Kingambit|0 fnt
|-unboost|p2b: Scrafty|def|1
|-unboost|p2b: Scrafty|spd|1
|faint|p1b: Kingambit
|
|-weather|SunnyDay|[upkeep]
|upkeep
|inactive|lopsarrob has 30 seconds left.
|inactive|lopsarrob has 20 seconds left.
|
|t:|1782484974
|switch|p1b: Aerodactyl|Aerodactyl, L50, F|100/100
|-ability|p1b: Aerodactyl|Unnerve
|turn|6
|inactive|lopsarrob has 30 seconds left.
|inactive|lopsarrob has 20 seconds left.
|inactive|lopsarrob has 15 seconds left.
|inactive|lopsarrob has 10 seconds left.
|
|t:|1782485020
|move|p2a: Farigiraf|Psychic|p1a: Garchomp
|-damage|p1a: Garchomp|0 fnt
|faint|p1a: Garchomp
|move|p2b: Scrafty|Rock Slide|p1b: Aerodactyl
|-supereffective|p1b: Aerodactyl|1
|-damage|p1b: Aerodactyl|15/100
|move|p1b: Aerodactyl|Rock Slide|p2b: Scrafty|[spread] p2a,p2b
|-resisted|p2b: Scrafty|1
|-damage|p2a: Farigiraf|26/100
|-damage|p2b: Scrafty|0 fnt
|faint|p2b: Scrafty
|
|-weather|SunnyDay|[upkeep]
|upkeep
|
|t:|1782485032
|switch|p2b: Basculegion|Basculegion, L50, M|100/100
|switch|p1a: Charizard|Charizard-Mega-Y, L50, F, shiny|67/100
|turn|7
|inactive|lopsarrob has 30 seconds left.
|inactive|lopsarrob has 20 seconds left.
|inactive|lopsarrob has 15 seconds left.
|
|t:|1782485073
|move|p2a: Farigiraf|Psychic|p1b: Aerodactyl
|-damage|p1b: Aerodactyl|0 fnt
|faint|p1b: Aerodactyl
|move|p2b: Basculegion|Last Respects|p1a: Charizard
|-damage|p1a: Charizard|0 fnt
|faint|p1a: Charizard
|
|win|PikaTROD
||lopsarrob is ready for game 3.
||PikaTROD is ready for game 3.
|uhtml|next|Next: Game 3 of 3
|l|☆lopsarrob
|player|p1|
