|j|☆nachorg14
|j|☆No.1 Bug Fan
|html|nachorg14No.1 Bug Fan    
|uhtml|bestof|Game 1 of a best-of-3
|t:|1785265553
|gametype|doubles
|player|p1|nachorg14|102|1043
|player|p2|No.1 Bug Fan|burgh-masters|1000
|gen|9
|tier|[Gen 9 Champions] VGC 2026 Reg M-B (Bo3)
|rated|
|rule|Species Clause: Limit one of each Pokémon
|rule|Item Clause: Limit 1 of each item
|clearpoke
|poke|p1|Whimsicott, L50, F|
|poke|p1|Sylveon, L50, M|
|poke|p1|Kingambit, L50, M|
|poke|p1|Charizard, L50, M|
|poke|p1|Basculegion, L50, M|
|poke|p1|Garchomp, L50, F|
|poke|p2|Staraptor, L50, M|
|poke|p2|Delphox, L50, F|
|poke|p2|Whimsicott, L50, F|
|poke|p2|Kingambit, L50, M|
|poke|p2|Garchomp, L50, M|
|poke|p2|Glimmora, L50, F|
|teampreview|4
|showteam|p1|Whimsicott||FocusSash|Prankster|Protect,Encore,Tailwind,Moonblast|Timid||F|||50|]Sylveon||FairyFeather|Pixilate|HyperBeam,HyperVoice,Detect,QuickAttack|Modest||M|||50|]Kingambit||ChopleBerry|Defiant|KowtowCleave,SuckerPunch,IronHead,LowKick|Adamant||M|||50|]Charizard||CharizarditeY|Blaze|WeatherBall,HeatWave,Protect,SolarBeam|Modest||M|||50|]Basculegion||MysticWater|Adaptability|LastRespects,AquaJet,Protect,WaveCrash|Adamant||M|||50|]Garchomp||LifeOrb|RoughSkin|Protect,Earthquake,DragonClaw,RockSlide|Jolly||F|||50|
|showteam|p2|Staraptor||Staraptite|Intimidate|CloseCombat,DualWingbeat,Roost,Protect|Jolly||M|||50|]Delphox||Delphoxite|Blaze|HeatWave,Psychic,Encore,Protect|Timid||F|||50|]Whimsicott||OccaBerry|Prankster|Tailwind,Moonblast,Charm,LightScreen|Timid||F|||50|]Kingambit||ChopleBerry|Defiant|KowtowCleave,IronHead,LowKick,SuckerPunch|Adamant||M|||50|]Garchomp||ChoiceScarf|RoughSkin|Earthquake,DragonClaw,RockSlide,StompingTantrum|Adamant||M|||50|]Glimmora||FocusSash|ToxicDebris|PowerGem,SludgeBomb,EarthPower,SpikyShield|Modest||F|||50|
|inactive|Battle timer is ON: inactive players will automatically lose when time's up. (requested by No.1 Bug Fan)
|inactive|No.1 Bug Fan has 60 seconds left.
|
|t:|1785265593
|teamsize|p1|4
|teamsize|p2|4
|start
|switch|p1a: Sra.Fidelia|Whimsicott, L50, F|100/100
|switch|p1b: La Pulga|Garchomp, L50, F|100/100
|switch|p2a: Whimsicott|Whimsicott, L50, F|100/100
|switch|p2b: Kingambit|Kingambit, L50, M|100/100
|turn|1
|
|t:|1785265609
|move|p1b: La Pulga|Protect|p1b: La Pulga
|-singleturn|p1b: La Pulga|Protect
|move|p1a: Sra.Fidelia|Tailwind|p1a: Sra.Fidelia
|-sidestart|p1: nachorg14|move: Tailwind
|move|p2a: Whimsicott|Charm|p1b: La Pulga
|-activate|p1b: La Pulga|move: Protect
|move|p2b: Kingambit|Iron Head|p1a: Sra.Fidelia
|-supereffective|p1a: Sra.Fidelia|1
|-enditem|p1a: Sra.Fidelia|Focus Sash
|-damage|p1a: Sra.Fidelia|1/100
|
|upkeep
|turn|2
|
|t:|1785265629
|switch|p1b: Cheeto|Charizard, L50, M|100/100
|move|p1a: Sra.Fidelia|Encore|p2a: Whimsicott
|-start|p2a: Whimsicott|Encore
|move|p2a: Whimsicott|Charm|p1b: Cheeto
|-unboost|p1b: Cheeto|atk|2
|move|p2b: Kingambit|Iron Head|p1a: Sra.Fidelia
|-supereffective|p1a: Sra.Fidelia|1
|-damage|p1a: Sra.Fidelia|0 fnt
|faint|p1a: Sra.Fidelia
|
|upkeep
|
|t:|1785265641
|switch|p1a: La Pulga|Garchomp, L50, F|100/100
|turn|3
|inactive|No.1 Bug Fan has 30 seconds left.
|
|t:|1785265676
|switch|p2b: Staraptor|Staraptor, L50, M|100/100
|-ability|p2b: Staraptor|Intimidate|boost
|-unboost|p1a: La Pulga|atk|1
|-unboost|p1b: Cheeto|atk|1
|detailschange|p1b: Cheeto|Charizard-Mega-Y, L50, M
|-mega|p1b: Cheeto|Charizard|Charizardite Y
|-weather|SunnyDay|[from] ability: Drought|[of] p1b: Cheeto
|move|p1a: La Pulga|Protect|p1a: La Pulga
|-singleturn|p1a: La Pulga|Protect
|move|p2a: Whimsicott|Charm|p1a: La Pulga
|-activate|p1a: La Pulga|move: Protect
|move|p1b: Cheeto|Heat Wave|p2a: Whimsicott|[spread] p2a,p2b
|-supereffective|p2a: Whimsicott|1
|-enditem|p2a: Whimsicott|Occa Berry|[eat]
|-enditem|p2a: Whimsicott|Occa Berry|[weaken]
|-damage|p2a: Whimsicott|14/100
|-damage|p2b: Staraptor|6/100
|
|-weather|SunnyDay|[upkeep]
|upkeep
|turn|4
|inactive|No.1 Bug Fan has 30 seconds left.
|
|t:|1785265709
|switch|p1a: Petunia|Sylveon, L50, M|100/100
|switch|p2a: Kingambit|Kingambit, L50, M|100/100
|detailschange|p2b: Staraptor|Staraptor-Mega, L50, M
|-mega|p2b: Staraptor|Staraptor|Staraptite
|move|p2b: Staraptor|Protect|p2b: Staraptor
|-singleturn|p2b: Staraptor|Protect
|move|p1b: Cheeto|Heat Wave|p2b: Staraptor|[spread] p2a
|-activate|p2b: Staraptor|move: Protect
|-supereffective|p2a: Kingambit|1
|-damage|p2a: Kingambit|0 fnt
|faint|p2a: Kingambit
|
|-weather|SunnyDay|[upkeep]
|-sideend|p1: nachorg14|move: Tailwind
|upkeep
|
|t:|1785265720
|switch|p2a: Glimmora|Glimmora, L50, F|100/100
|turn|5
|
|t:|1785265734
|move|p2b: Staraptor|Dual Wingbeat|p1a: Petunia
|-damage|p1a: Petunia|77/100
|-damage|p1a: Petunia|55/100
|-hitcount|p1a: Petunia|2
|move|p2a: Glimmora|Sludge Bomb|p1a: Petunia
|-supereffective|p1a: Petunia|1
|-damage|p1a: Petunia|0 fnt
|faint|p1a: Petunia
|move|p1b: Cheeto|Solar Beam||[still]
|-prepare|p1b: Cheeto|Solar Beam
|-anim|p1b: Cheeto|Solar Beam|p2a: Glimmora
|-damage|p2a: Glimmora|34/100
|
|-weather|SunnyDay|[upkeep]
|upkeep
|
|t:|1785265746
|switch|p1a: La Pulga|Garchomp, L50, F|100/100
|turn|6
|
|t:|1785265757
|move|p2b: Staraptor|Protect|p2b: Staraptor
|-singleturn|p2b: Staraptor|Protect
|move|p2a: Glimmora|Spiky Shield|p2a: Glimmora
|-singleturn|p2a: Glimmora|move: Protect
|move|p1b: Cheeto|Protect|p1b: Cheeto
|-singleturn|p1b: Cheeto|Protect
|move|p1a: La Pulga|Rock Slide|p2a: Glimmora|[spread] 
|-activate|p2a: Glimmora|move: Protect
|-activate|p2b: Staraptor|move: Protect
|
|-weather|SunnyDay|[upkeep]
|upkeep
|turn|7
|inactive|No.1 Bug Fan has 30 seconds left.
|
|t:|1785265788
|switch|p2a: Whimsicott|Whimsicott, L50, F|14/100
|move|p2b: Staraptor|Close Combat|p1a: La Pulga
|-damage|p1a: La Pulga|43/100
|-boost|p2b: Staraptor|def|1
|-boost|p2b: Staraptor|spd|1
|-damage|p2b: Staraptor|0 fnt|[from] ability: Rough Skin|[of] p1a: La Pulga
|faint|p2b: Staraptor
|move|p1a: La Pulga|Earthquake|p2a: Whimsicott|[spread] p2a
|-immune|p1b: Cheeto
|-resisted|p2a: Whimsicott|1
|-damage|p2a: Whimsicott|0 fnt
|faint|p2a: Whimsicott
|-damage|p1a: La Pulga|33/100|[from] item: Life Orb
|move|p1b: Cheeto|Weather Ball|p2: Whimsicott|[notarget]
|-fail|p1b: Cheeto
|
|-weather|none
|upkeep
|-message|No.1 Bug Fan forfeited.
|
|win|nachorg14
