|j|☆Witcher_Bozydar
|j|☆porygon-epilepz
|html|Witcher_Bozydarporygon-epilepz    
|uhtml|bestof|Game 2 of a best-of-3
|t:|1756918561
|gametype|doubles
|player|p1|Witcher_Bozydar|102|1058
|player|p2|porygon-epilepz|ghetsis-gen5bw|1095
|gen|9
|tier|[Gen 9] VGC 2025 Reg H (Bo3)
|rated|
|rule|Species Clause: Limit one of each Pokémon
|rule|Item Clause: Limit 1 of each item
|clearpoke
|poke|p1|Incineroar, L50, F|
|poke|p1|Archaludon, L50, F|
|poke|p1|Pelipper, L50, M|
|poke|p1|Arbok, L50, F|
|poke|p1|Blaziken, L50, M|
|poke|p1|Sylveon, L50, M|
|poke|p2|Farigiraf, L50, F|
|poke|p2|Incineroar, L50, M|
|poke|p2|Sneasler, L50, F|
|poke|p2|Pelipper, L50, F|
|poke|p2|Archaludon, L50, M|
|poke|p2|Porygon-Z, L50|
|teampreview|4
|showteam|p1|Incineroar||SafetyGoggles|Intimidate|KnockOff,FakeOut,PartingShot,FlareBlitz|||F|||50|,,,,,Ghost]Archaludon||ClearAmulet|Stamina|BodyPress,DracoMeteor,ElectroShot,Protect|||F|||50|,,,,,Flying]Pelipper||CovertCloak|Drizzle|Tailwind,Hurricane,WeatherBall,Protect|||M|||50|,,,,,Ground]Arbok||FocusSash|Intimidate|Glare,Protect,PoisonJab,ToxicSpikes|||F|||50|,,,,,Dark]Blaziken||Leftovers|SpeedBoost|Protect,CloseCombat,FlareBlitz,SwordsDance|||M|||50|,,,,,Steel]Sylveon||LifeOrb|Pixilate|Protect,DazzlingGleam,DrainingKiss,Psychic|||M|||50|,,,,,Fairy
|showteam|p2|Farigiraf||ThroatSpray|ArmorTail|TrickRoom,HyperVoice,Psychic,HelpingHand|||F|||50|,,,,,Fairy]Incineroar||SafetyGoggles|Intimidate|FakeOut,KnockOff,PartingShot,Taunt|||M|||50|,,,,,Ghost]Sneasler||WhiteHerb|Unburden|DireClaw,CloseCombat,ThroatChop,FakeOut|||F|||50|,,,,,Dark]Pelipper||FocusSash|Drizzle|Hurricane,WeatherBall,Tailwind,Protect|||F|||50|,,,,,Grass]Archaludon||AssaultVest|Stamina|ElectroShot,FlashCannon,DracoMeteor,BodyPress|||M|||50|,,,,,Bug]Porygon-Z||ChoiceScarf|Adaptability|TeraBlast,HyperBeam,ShadowBall,IceBeam||||||50|,,,,,Fairy
|
|t:|1756918615
|teamsize|p1|4
|teamsize|p2|4
|start
|switch|p1a: kolo|Pelipper, L50, M|100/100
|switch|p1b: nie daj pierdolnąć|Blaziken, L50, M|100/100
|switch|p2a: Porygon-Z|Porygon-Z, L50|100/100
|switch|p2b: Sneasler|Sneasler, L50, F|100/100
|-weather|RainDance|[from] ability: Drizzle|[of] p1a: kolo
|turn|1
|
|t:|1756918653
|-terastallize|p2b: Sneasler|Dark
|move|p1a: kolo|Protect|p1a: kolo
|-singleturn|p1a: kolo|Protect
|move|p1b: nie daj pierdolnąć|Protect|p1b: nie daj pierdolnąć
|-singleturn|p1b: nie daj pierdolnąć|Protect
|move|p2a: Porygon-Z|Hyper Beam|p1b: nie daj pierdolnąć
|-activate|p1b: nie daj pierdolnąć|move: Protect
|move|p2b: Sneasler|Dire Claw|p1a: kolo
|-activate|p1a: kolo|move: Protect
|
|-weather|RainDance|[upkeep]
|-ability|p1b: nie daj pierdolnąć|Speed Boost|boost
|-boost|p1b: nie daj pierdolnąć|spe|1
|upkeep
|turn|2
|
|t:|1756918675
|switch|p2b: Pelipper|Pelipper, L50, F|100/100
|move|p2a: Porygon-Z|Hyper Beam|p1b: nie daj pierdolnąć
|-damage|p1b: nie daj pierdolnąć|0 fnt
|-mustrecharge|p2a: Porygon-Z
|faint|p1b: nie daj pierdolnąć
|move|p1a: kolo|Tailwind|p1a: kolo
|-sidestart|p1: Witcher_Bozydar|move: Tailwind
|
|-weather|RainDance|[upkeep]
|upkeep
|
|t:|1756918683
|switch|p1b: Kladka na wiśle|Archaludon, L50, F|100/100
|turn|3
|
|t:|1756918701
|move|p1b: Kladka na wiśle|Electro Shot||[still]
|-prepare|p1b: Kladka na wiśle|Electro Shot
|-boost|p1b: Kladka na wiśle|spa|1
|-anim|p1b: Kladka na wiśle|Electro Shot|p2a: Porygon-Z
|-damage|p2a: Porygon-Z|22/100
|cant|p2a: Porygon-Z|recharge
|move|p1a: kolo|Hurricane|p2a: Porygon-Z
|-damage|p2a: Porygon-Z|0 fnt
|faint|p2a: Porygon-Z
|move|p2b: Pelipper|Tailwind|p2b: Pelipper
|-sidestart|p2: porygon-epilepz|move: Tailwind
|
|-weather|RainDance|[upkeep]
|upkeep
|
|t:|1756918713
|switch|p2a: Sneasler|Sneasler, L50, F, tera:Dark|100/100
|turn|4
|
|t:|1756918743
|switch|p1a: Sylveon|Sylveon, L50, M|100/100
|move|p1b: Kladka na wiśle|Protect|p1b: Kladka na wiśle
|-singleturn|p1b: Kladka na wiśle|Protect
|move|p2a: Sneasler|Close Combat|p1b: Kladka na wiśle
|-activate|p1b: Kladka na wiśle|move: Protect
|move|p2b: Pelipper|Weather Ball|p1b: Kladka na wiśle
|-activate|p1b: Kladka na wiśle|move: Protect
|
|-weather|RainDance|[upkeep]
|upkeep
|turn|5
|
|t:|1756918761
|move|p2a: Sneasler|Dire Claw|p1a: Sylveon
|-supereffective|p1a: Sylveon
|-crit|p1a: Sylveon
|-damage|p1a: Sylveon|0 fnt
|faint|p1a: Sylveon
|move|p1b: Kladka na wiśle|Electro Shot||[still]
|-prepare|p1b: Kladka na wiśle|Electro Shot
|-boost|p1b: Kladka na wiśle|spa|1
|-anim|p1b: Kladka na wiśle|Electro Shot|p2b: Pelipper
|-supereffective|p2b: Pelipper
|-enditem|p2b: Pelipper|Focus Sash
|-damage|p2b: Pelipper|1/100
|move|p2b: Pelipper|Weather Ball|p1b: Kladka na wiśle
|-resisted|p1b: Kladka na wiśle
|-damage|p1b: Kladka na wiśle|62/100
|-ability|p1b: Kladka na wiśle|Stamina|boost
|-boost|p1b: Kladka na wiśle|def|1
|
|-weather|none
|-sideend|p1: Witcher_Bozydar|move: Tailwind
|upkeep
|
|t:|1756918777
|switch|p1a: kolo|Pelipper, L50, M|100/100
|-weather|RainDance|[from] ability: Drizzle|[of] p1a: kolo
|turn|6
|
|t:|1756918791
|move|p1b: Kladka na wiśle|Protect|p1b: Kladka na wiśle
|-singleturn|p1b: Kladka na wiśle|Protect
|move|p1a: kolo|Protect|p1a: kolo
|-singleturn|p1a: kolo|Protect
|move|p2a: Sneasler|Dire Claw|p1a: kolo
|-activate|p1a: kolo|move: Protect
|move|p2b: Pelipper|Weather Ball|p1a: kolo
|-activate|p1a: kolo|move: Protect
|
|-weather|RainDance|[upkeep]
|-sideend|p2: porygon-epilepz|move: Tailwind
|upkeep
|turn|7
|
|t:|1756918806
|move|p2a: Sneasler|Close Combat|p1b: Kladka na wiśle
|-supereffective|p1b: Kladka na wiśle
|-damage|p1b: Kladka na wiśle|0 fnt
|-unboost|p2a: Sneasler|def|1
|-unboost|p2a: Sneasler|spd|1
|faint|p1b: Kladka na wiśle
|-enditem|p2a: Sneasler|White Herb
|-clearnegativeboost|p2a: Sneasler|[silent]
|move|p2b: Pelipper|Tailwind|p2b: Pelipper
|-sidestart|p2: porygon-epilepz|move: Tailwind
|move|p1a: kolo|Tailwind|p1a: kolo
|-sidestart|p1: Witcher_Bozydar|move: Tailwind
|
|-weather|RainDance|[upkeep]
|upkeep
|turn|8
|-message|Witcher_Bozydar forfeited.
|
|win|porygon-epilepz
|raw|Witcher_Bozydar's rating: 1058 → 1041(-17 for losing)
|raw|porygon-epilepz's rating: 1095 → 1118(+23 for winning)
