|j|☆bearlover997
|j|☆lux raymundi
|html|bearlover997lux raymundi    
|uhtml|bestof|Game 2 of a best-of-3
|t:|1786160977
|gametype|doubles
|player|p1|bearlover997|sage|1107
|player|p2|lux raymundi|169|1263
|gen|9
|tier|[Gen 9 Champions] VGC 2026 Reg M-B (Bo3)
|rated|
|rule|Species Clause: Limit one of each Pokémon
|rule|Item Clause: Limit 1 of each item
|clearpoke
|poke|p1|Dragalge, L50, F, shiny|
|poke|p1|Sinistcha, L50|
|poke|p1|Incineroar, L50, F|
|poke|p1|Grimmsnarl, L50, M|
|poke|p1|Lopunny, L50, F, shiny|
|poke|p1|Tyrantrum, L50, F, shiny|
|poke|p2|Staraptor, L50, F|
|poke|p2|Arcanine-Hisui, L50, F|
|poke|p2|Kingambit, L50, F|
|poke|p2|Raichu, L50, M|
|poke|p2|Farigiraf, L50, M|
|poke|p2|Sylveon, L50, M|
|teampreview|4
|showteam|p1|Dragalge||Dragalgite|PoisonPoint|DracoMeteor,SludgeBomb,FlipTurn,Toxic|Calm||F|||50|]Sinistcha||ColburBerry|Hospitality|MatchaGotcha,StrengthSap,RagePowder,Protect|Bold|||||50|]Incineroar||SitrusBerry|Intimidate|FakeOut,PartingShot,WillOWisp,FlareBlitz|Adamant||F|||50|]Grimmsnarl||LightClay|Prankster|LightScreen,Reflect,PartingShot,SpiritBreak|Careful||M|||50|]Lopunny||Lopunnite|Limber|CloseCombat,Encore,FakeOut,Uturn|Jolly||F|||50|]Tyrantrum||LifeOrb|RockHead|HeadSmash,DragonDance,DragonClaw,Protect|Adamant||F|||50|
|showteam|p2|Staraptor||Staraptite|Intimidate|DualWingbeat,CloseCombat,Tailwind,Protect|Jolly||F|||50|]Arcanine-Hisui||FocusSash|RockHead|FlareBlitz,HeadSmash,ExtremeSpeed,Protect|Jolly||F|||50|]Kingambit||LifeOrb|Defiant|KowtowCleave,SuckerPunch,SwordsDance,Protect|Adamant||F|||50|]Raichu||RaichuniteY|LightningRod|ZapCannon,FocusBlast,FakeOut,Protect|Timid||M|||50|]Farigiraf||SitrusBerry|ArmorTail|Psychic,HelpingHand,TrickRoom,Protect|Calm||M|||50|]Sylveon||FairyFeather|Pixilate|HyperVoice,HyperBeam,QuickAttack,Detect|Modest||M|||50|
|inactive|Battle timer is ON: inactive players will automatically lose when time's up. (requested by bearlover997)
|l|☆bearlover997
|inactive|bearlover997 disconnected and has a minute to reconnect!
|player|p1|
|j|☆bearlover997
|inactive|bearlover997 reconnected and has 75 seconds left.
|player|p1|bearlover997|sage|
|
|t:|1786161004
|teamsize|p1|4
|teamsize|p2|4
|start
|switch|p1a: Incineroar|Incineroar, L50, F|100/100
|switch|p1b: Grimmsnarl|Grimmsnarl, L50, M|100/100
|switch|p2a: Kingambit|Kingambit, L50, F|100/100
|switch|p2b: Staraptor|Staraptor, L50, F|100/100
|-ability|p2b: Staraptor|Intimidate|boost
|-unboost|p1a: Incineroar|atk|1
|-unboost|p1b: Grimmsnarl|atk|1
|-ability|p1a: Incineroar|Intimidate|boost
|-unboost|p2a: Kingambit|atk|1
|-ability|p2a: Kingambit|Defiant|boost
|-boost|p2a: Kingambit|atk|2
|-unboost|p2b: Staraptor|atk|1
|turn|1
|
|t:|1786161020
|switch|p2b: Sylveon|Sylveon, L50, M|100/100
|move|p2a: Kingambit|Protect|p2a: Kingambit
|-singleturn|p2a: Kingambit|Protect
|move|p1b: Grimmsnarl|Reflect|p1b: Grimmsnarl
|-sidestart|p1: bearlover997|Reflect
|move|p1a: Incineroar|Will-O-Wisp|p2b: Sylveon
|-status|p2b: Sylveon|brn
|
|-damage|p2b: Sylveon|93/100 brn|[from] brn
|upkeep
|turn|2
|
|t:|1786161036
|switch|p2a: Farigiraf|Farigiraf, L50, M|100/100
|move|p1b: Grimmsnarl|Light Screen|p1b: Grimmsnarl
|-sidestart|p1: bearlover997|move: Light Screen
|move|p2b: Sylveon|Hyper Voice|p1b: Grimmsnarl|[spread] p1a,p1b
|-supereffective|p1b: Grimmsnarl|1
|-damage|p1a: Incineroar|78/100
|-damage|p1b: Grimmsnarl|54/100
|move|p1a: Incineroar|Will-O-Wisp|p2a: Farigiraf|[miss]
|-miss|p1a: Incineroar|p2a: Farigiraf
|
|-damage|p2b: Sylveon|87/100 brn|[from] brn
|upkeep
|turn|3
|
|t:|1786161047
|move|p2a: Farigiraf|Helping Hand|p2b: Sylveon
|-singleturn|p2b: Sylveon|Helping Hand|[of] p2a: Farigiraf
|move|p2b: Sylveon|Hyper Voice|p1a: Incineroar|[spread] p1a,p1b
|-crit|p1a: Incineroar
|-supereffective|p1b: Grimmsnarl|1
|-damage|p1a: Incineroar|1/100
|-damage|p1b: Grimmsnarl|0 fnt
|-enditem|p1a: Incineroar|Sitrus Berry|[eat]
|-heal|p1a: Incineroar|25/100|[from] item: Sitrus Berry
|faint|p1b: Grimmsnarl
|move|p1a: Incineroar|Flare Blitz|p2a: Farigiraf
|-damage|p2a: Farigiraf|70/100
|-damage|p1a: Incineroar|15/100|[from] Recoil
|
|-damage|p2b: Sylveon|81/100 brn|[from] brn
|upkeep
|
|t:|1786161055
|switch|p1b: Tyrantrum|Tyrantrum, L50, F, shiny|100/100
|turn|4
|
|t:|1786161068
|move|p2a: Farigiraf|Helping Hand|p2b: Sylveon
|-singleturn|p2b: Sylveon|Helping Hand|[of] p2a: Farigiraf
|move|p1b: Tyrantrum|Head Smash|p2b: Sylveon
|-damage|p2b: Sylveon|0 fnt
|faint|p2b: Sylveon
|-damage|p1b: Tyrantrum|90/100|[from] item: Life Orb
|move|p1a: Incineroar|Parting Shot|p2a: Farigiraf
|-unboost|p2a: Farigiraf|atk|1
|-unboost|p2a: Farigiraf|spa|1
|
|t:|1786161075
|switch|p1a: Lopunny|Lopunny, L50, F, shiny|100/100|[from] Parting Shot
|
|upkeep
|
|t:|1786161079
|switch|p2b: Staraptor|Staraptor, L50, F|100/100
|-ability|p2b: Staraptor|Intimidate|boost
|-unboost|p1a: Lopunny|atk|1
|-unboost|p1b: Tyrantrum|atk|1
|turn|5
|
|t:|1786161095
|switch|p1b: Incineroar|Incineroar, L50, F|15/100
|-ability|p1b: Incineroar|Intimidate|boost
|-unboost|p2a: Farigiraf|atk|1
|-unboost|p2b: Staraptor|atk|1
|detailschange|p1a: Lopunny|Lopunny-Mega, L50, F, shiny
|-mega|p1a: Lopunny|Lopunny|Lopunnite
|detailschange|p2b: Staraptor|Staraptor-Mega, L50, F
|-mega|p2b: Staraptor|Staraptor|Staraptite
|move|p1a: Lopunny|Close Combat|p2a: Farigiraf
|-damage|p2a: Farigiraf|30/100
|-unboost|p1a: Lopunny|def|1
|-unboost|p1a: Lopunny|spd|1
|-enditem|p2a: Farigiraf|Sitrus Berry|[eat]
|-heal|p2a: Farigiraf|55/100|[from] item: Sitrus Berry
|move|p2b: Staraptor|Close Combat|p1a: Lopunny
|-supereffective|p1a: Lopunny|1
|-damage|p1a: Lopunny|4/100
|-boost|p2b: Staraptor|def|1
|-boost|p2b: Staraptor|spd|1
|move|p2a: Farigiraf|Psychic|p1a: Lopunny
|-supereffective|p1a: Lopunny|1
|-damage|p1a: Lopunny|0 fnt
|faint|p1a: Lopunny
|
|upkeep
|
|t:|1786161113
|switch|p1a: Tyrantrum|Tyrantrum, L50, F, shiny|90/100
|turn|6
|
|t:|1786161124
|switch|p2a: Kingambit|Kingambit, L50, F|100/100
|move|p2b: Staraptor|Close Combat|p1b: Incineroar
|-supereffective|p1b: Incineroar|1
|-damage|p1b: Incineroar|0 fnt
|-boost|p2b: Staraptor|def|1
|-boost|p2b: Staraptor|spd|1
|faint|p1b: Incineroar
|move|p1a: Tyrantrum|Head Smash|p2b: Staraptor
|-damage|p2b: Staraptor|48/100
|-damage|p1a: Tyrantrum|81/100|[from] item: Life Orb
|
|upkeep
|turn|7
|l|☆bearlover997
|inactive|bearlover997 disconnected and has a minute to reconnect!
|player|p1|
|inactive|bearlover997 has 30 seconds left.
|inactive|bearlover997 has 20 seconds left.
|inactive|bearlover997 has 15 seconds left.
|inactive|bearlover997 has 10 seconds left.
|inactive|bearlover997 has 5 seconds left.
|-message|bearlover997 lost due to inactivity.
|
|win|lux raymundi
|raw|bearlover997's rating: 1107 → 1093(-14 for losing)
|raw|lux raymundi's rating: 1263 → 1277(+14 for winning)
