|j|☆archeokyogre64
|j|☆Luminar Kuzan
|html|archeokyogre64Luminar Kuzan    
|uhtml|bestof|Game 1 of a best-of-3
|t:|1756413882
|gametype|doubles
|player|p1|archeokyogre64|2|1134
|player|p2|Luminar Kuzan|marnie-masters3|1111
|gen|9
|tier|[Gen 9] VGC 2025 Reg H (Bo3)
|rated|
|rule|Species Clause: Limit one of each Pokémon
|rule|Item Clause: Limit 1 of each item
|clearpoke
|poke|p1|Archaludon, L50, M|
|poke|p1|Dragonite, L50, M|
|poke|p1|Pelipper, L50, F|
|poke|p1|Ursaluna, L50, F|
|poke|p1|Sinistcha, L50|
|poke|p1|Gholdengo, L50|
|poke|p2|Indeedee-F, L50, F|
|poke|p2|Hatterene, L50, F|
|poke|p2|Gallade, L50, M|
|poke|p2|Ursaluna, L50, M|
|poke|p2|Lilligant-Hisui, L50, F|
|poke|p2|Torkoal, L50, M|
|teampreview|4
|showteam|p1|Archaludon||AssaultVest|Stamina|FlashCannon,BodyPress,ElectroShot,Snarl|||M|||50|,,,,,Fighting]Dragonite||LoadedDice|Multiscale|ScaleShot,Tailwind,Haze,Protect|||M|||50|,,,,,Fairy]Pelipper||FocusSash|Drizzle|MuddyWater,Hurricane,Tailwind,Protect|||F|||50|,,,,,Ghost]Ursaluna||FlameOrb|Guts|Facade,HeadlongRush,Earthquake,Protect|||F|||50|,,,,,Ghost]Sinistcha||SitrusBerry|Hospitality|MatchaGotcha,LifeDew,RagePowder,TrickRoom||||||50|,,,,,Dark]Gholdengo||ChoiceScarf|GoodasGold|MakeItRain,ShadowBall,Trick,Protect||||||50|,,,,,Flying
|showteam|p2|Indeedee-F||PsychicSeed|PsychicSurge|TrickRoom,FollowMe,HelpingHand,DazzlingGleam|||F|||50|,,,,,Fire]Hatterene||LifeOrb|MagicBounce|ExpandingForce,TrickRoom,DazzlingGleam,Protect|||F|||50|,,,,,Psychic]Gallade||ClearAmulet|Sharpness|PsychoCut,TrickRoom,SacredSword,WideGuard|||M|||50|,,,,,Grass]Ursaluna||FlameOrb|Guts|HeadlongRush,Facade,SwordsDance,Protect|||M|||50|,,,,,Ghost]Lilligant-Hisui||FocusSash|Chlorophyll|SolarBlade,SleepPowder,CloseCombat,AfterYou|||F|||50|,,,,,Ghost]Torkoal||ChoiceSpecs|Drought|Eruption,HeatWave,WeatherBall,EarthPower|||M|||50|,,,,,Fire
|inactive|Battle timer is ON: inactive players will automatically lose when time's up. (requested by archeokyogre64)
|
|t:|1756413908
|teamsize|p1|4
|teamsize|p2|4
|start
|switch|p1a: Sinistcha|Sinistcha, L50|100/100
|switch|p1b: Gholdengo|Gholdengo, L50|100/100
|switch|p2a: Lilligant|Lilligant-Hisui, L50, F, shiny|100/100
|switch|p2b: Torkoal|Torkoal, L50, M, shiny|100/100
|-weather|SunnyDay|[from] ability: Drought|[of] p2b: Torkoal
|turn|1
|
|t:|1756413925
|switch|p1a: Pelipper|Pelipper, L50, F|100/100
|-weather|RainDance|[from] ability: Drizzle|[of] p1a: Pelipper
|-terastallize|p2b: Torkoal|Fire
|move|p1b: Gholdengo|Trick|p2a: Lilligant
|-activate|p1b: Gholdengo|move: Trick|[of] p2a: Lilligant
|-item|p2a: Lilligant|Choice Scarf|[from] move: Trick
|-item|p1b: Gholdengo|Focus Sash|[from] move: Trick
|move|p2a: Lilligant|After You|p2b: Torkoal
|-activate|p2b: Torkoal|move: After You
|move|p2b: Torkoal|Eruption|p1a: Pelipper|[spread] p1a,p1b
|-resisted|p1a: Pelipper
|-supereffective|p1b: Gholdengo
|-damage|p1a: Pelipper|56/100
|-enditem|p1b: Gholdengo|Focus Sash
|-damage|p1b: Gholdengo|1/100
|
|-weather|RainDance|[upkeep]
|upkeep
|turn|2
|inactive|Luminar Kuzan has 30 seconds left.
|
|t:|1756413953
|move|p2a: Lilligant|After You|p2b: Torkoal
|-activate|p2b: Torkoal|move: After You
|move|p2b: Torkoal|Eruption|p1a: Pelipper|[spread] p1a,p1b
|-resisted|p1a: Pelipper
|-supereffective|p1b: Gholdengo
|-damage|p1a: Pelipper|17/100
|-damage|p1b: Gholdengo|0 fnt
|faint|p1b: Gholdengo
|move|p1a: Pelipper|Muddy Water|p2b: Torkoal|[spread] p2b
|-miss|p1a: Pelipper|p2a: Lilligant
|-supereffective|p2b: Torkoal
|-damage|p2b: Torkoal|0 fnt
|faint|p2b: Torkoal
|
|-weather|RainDance|[upkeep]
|upkeep
|
|t:|1756413969
|switch|p1b: Ursaluna|Ursaluna, L50, F|100/100
|switch|p2b: Indeedee|Indeedee-F, L50, F, shiny|100/100
|-fieldstart|move: Psychic Terrain|[from] ability: Psychic Surge|[of] p2b: Indeedee
|-enditem|p2b: Indeedee|Psychic Seed
|-boost|p2b: Indeedee|spd|1|[from] item: Psychic Seed
|turn|3
|
|t:|1756413986
|move|p2a: Lilligant|After You|p2b: Indeedee
|-activate|p2b: Indeedee|move: After You
|move|p2b: Indeedee|Trick Room|p2b: Indeedee
|-fieldstart|move: Trick Room|[of] p2b: Indeedee
|move|p1b: Ursaluna|Facade|p2a: Lilligant
|-damage|p2a: Lilligant|38/100
|move|p1a: Pelipper|Hurricane|p2a: Lilligant
|-supereffective|p2a: Lilligant
|-damage|p2a: Lilligant|0 fnt
|faint|p2a: Lilligant
|
|-weather|RainDance|[upkeep]
|-status|p1b: Ursaluna|brn|[from] item: Flame Orb
|upkeep
|
|t:|1756413991
|switch|p2a: Hatterene|Hatterene, L50, F, shiny|100/100
|turn|4
|
|t:|1756413998
|move|p2b: Indeedee|Helping Hand|p2a: Hatterene
|-singleturn|p2a: Hatterene|Helping Hand|[of] p2b: Indeedee
|move|p1b: Ursaluna|Protect|p1b: Ursaluna
|-singleturn|p1b: Ursaluna|Protect
|move|p2a: Hatterene|Expanding Force|p1b: Ursaluna|[spread] p1a
|-activate|p1b: Ursaluna|move: Protect
|-damage|p1a: Pelipper|0 fnt
|faint|p1a: Pelipper
|-damage|p2a: Hatterene|91/100|[from] item: Life Orb
|
|-weather|RainDance|[upkeep]
|-damage|p1b: Ursaluna|95/100 brn|[from] brn
|upkeep
|
|t:|1756414005
|switch|p1a: Sinistcha|Sinistcha, L50|100/100
|-heal|p1b: Ursaluna|100/100 brn|[from] ability: Hospitality|[of] p1a: Sinistcha
|turn|5
|
|t:|1756414014
|-terastallize|p1a: Sinistcha|Dark
|move|p2b: Indeedee|Helping Hand|p2a: Hatterene
|-singleturn|p2a: Hatterene|Helping Hand|[of] p2b: Indeedee
|move|p1b: Ursaluna|Protect||[still]
|-fail|p1b: Ursaluna
|move|p2a: Hatterene|Expanding Force|p1b: Ursaluna|[spread] p1b
|-immune|p1a: Sinistcha
|-damage|p1b: Ursaluna|0 fnt
|faint|p1b: Ursaluna
|-damage|p2a: Hatterene|82/100|[from] item: Life Orb
|move|p1a: Sinistcha|Matcha Gotcha|p2b: Indeedee|[spread] p2a,p2b
|-damage|p2a: Hatterene|57/100
|-damage|p2b: Indeedee|85/100
|
|-weather|none
|upkeep
|turn|6
|
|t:|1756414031
|move|p2b: Indeedee|Helping Hand|p2a: Hatterene
|-singleturn|p2a: Hatterene|Helping Hand|[of] p2b: Indeedee
|move|p2a: Hatterene|Dazzling Gleam|p1a: Sinistcha
|-supereffective|p1a: Sinistcha
|-damage|p1a: Sinistcha|0 fnt
|faint|p1a: Sinistcha
|-damage|p2a: Hatterene|48/100|[from] item: Life Orb
|
|win|Luminar Kuzan
||archeokyogre64 is ready for game 2.
||Luminar Kuzan is ready for game 2.
|uhtml|next|Next: Game 2 of 3
|l|☆archeokyogre64
|player|p1|
