|j|☆coffi724
|j|☆Aeon_Twins
|html|coffi724Aeon_Twins    
|uhtml|bestof|Game 1 of a best-of-3
|t:|1782417417
|gametype|doubles
|player|p1|coffi724|265|1266
|player|p2|Aeon_Twins|n|1183
|gen|9
|tier|[Gen 9 Champions] VGC 2026 Reg M-B (Bo3)
|rated|
|rule|Species Clause: Limit one of each Pokémon
|rule|Item Clause: Limit 1 of each item
|clearpoke
|poke|p1|Kingambit, L50, F|
|poke|p1|Blaziken, L50, F|
|poke|p1|Basculegion, L50, M|
|poke|p1|Ninetales-Alola, L50, M|
|poke|p1|Gholdengo, L50|
|poke|p1|Dragonite, L50, F|
|poke|p2|Raichu, L50, M|
|poke|p2|Mawile, L50, F|
|poke|p2|Sinistcha, L50|
|poke|p2|Ceruledge, L50, F|
|poke|p2|Milotic, L50, M|
|poke|p2|Incineroar, L50, M|
|teampreview|4
|showteam|p1|Kingambit||BlackGlasses|Defiant|KowtowCleave,LowKick,SuckerPunch,Protect|Adamant||F|||50|]Blaziken||Blazikenite|SpeedBoost|FlareBlitz,CloseCombat,RockSlide,Protect|Jolly||F|||50|]Basculegion||MysticWater|Adaptability|WaveCrash,LastRespects,AquaJet,Protect|Adamant||M|||50|]Ninetales-Alola||FocusSash|SnowWarning|Blizzard,FreezeDry,Encore,Protect|Timid||M|||50|]Gholdengo||LifeOrb|GoodasGold|MakeItRain,ShadowBall,NastyPlot,Protect|Timid|||||50|]Dragonite||DragonFang|InnerFocus|DragonClaw,ExtremeSpeed,Tailwind,Protect|Adamant||F|||50|
|showteam|p2|Raichu||RaichuniteY|LightningRod|ZapCannon,FocusBlast,FakeOut,Protect|Timid||M|||50|]Mawile||Mawilite|HyperCutter|PlayRough,SuckerPunch,SwordsDance,Protect|Adamant||F|||50|]Sinistcha||KasibBerry|Hospitality|MatchaGotcha,LifeDew,RagePowder,Protect|Relaxed|||||50|]Ceruledge||ColburBerry|FlashFire|BitterBlade,ShadowSneak,BulkUp,Protect|Adamant||F|||50|]Milotic||Leftovers|Competitive|MuddyWater,Coil,Hypnosis,Protect|Calm||M|||50|]Incineroar||SitrusBerry|Intimidate|FlareBlitz,ThroatChop,FakeOut,PartingShot|Impish||M|||50|
|inactive|Battle timer is ON: inactive players will automatically lose when time's up. (requested by coffi724)
|
|t:|1782417480
|teamsize|p1|4
|teamsize|p2|4
|start
|switch|p1a: Basculegion|Basculegion, L50, M|100/100
|switch|p1b: Dragonite|Dragonite, L50, F|100/100
|switch|p2a: Raichu|Raichu, L50, M|100/100
|switch|p2b: Milotic|Milotic, L50, M|100/100
|turn|1
|
|t:|1782417494
|switch|p2a: Incineroar|Incineroar, L50, M|100/100
|-ability|p2a: Incineroar|Intimidate|boost
|-unboost|p1a: Basculegion|atk|1
|-fail|p1b: Dragonite|unboost|Attack|[from] ability: Inner Focus|[of] p1b: Dragonite
|move|p1b: Dragonite|Extreme Speed|p2a: Incineroar
|-damage|p2a: Incineroar|77/100
|move|p1a: Basculegion|Aqua Jet|p2a: Incineroar
|-supereffective|p2a: Incineroar|1
|-damage|p2a: Incineroar|45/100
|-enditem|p2a: Incineroar|Sitrus Berry|[eat]
|-heal|p2a: Incineroar|70/100|[from] item: Sitrus Berry
|move|p2b: Milotic|Coil|p2b: Milotic
|-boost|p2b: Milotic|atk|1
|-boost|p2b: Milotic|def|1
|-boost|p2b: Milotic|accuracy|1
|
|upkeep
|turn|2
|
|t:|1782417503
|move|p1b: Dragonite|Dragon Claw|p2b: Milotic
|-damage|p2b: Milotic|66/100
|move|p1a: Basculegion|Wave Crash|p2a: Incineroar
|-supereffective|p2a: Incineroar|1
|-damage|p2a: Incineroar|0 fnt
|faint|p2a: Incineroar
|-damage|p1a: Basculegion|77/100|[from] Recoil
|move|p2b: Milotic|Coil|p2b: Milotic
|-boost|p2b: Milotic|atk|1
|-boost|p2b: Milotic|def|1
|-boost|p2b: Milotic|accuracy|1
|
|-heal|p2b: Milotic|72/100|[from] item: Leftovers
|upkeep
|
|t:|1782417513
|switch|p2a: Sinistcha|Sinistcha, L50|100/100
|-heal|p2b: Milotic|97/100|[from] ability: Hospitality|[of] p2a: Sinistcha
|turn|3
|
|t:|1782417526
|switch|p1a: Gholdengo|Gholdengo, L50|100/100
|move|p1b: Dragonite|Dragon Claw|p2a: Sinistcha
|-damage|p2a: Sinistcha|52/100
|move|p2b: Milotic|Hypnosis|p1b: Dragonite
|-status|p1b: Dragonite|slp|[from] move: Hypnosis
|move|p2a: Sinistcha|Matcha Gotcha|p1b: Dragonite|[spread] p1a,p1b
|-resisted|p1a: Gholdengo|1
|-resisted|p1b: Dragonite|2
|-damage|p1a: Gholdengo|89/100
|-heal|p2a: Sinistcha|58/100|[from] drain|[of] p1a: Gholdengo
|-damage|p1b: Dragonite|93/100 slp
|-heal|p2a: Sinistcha|61/100|[from] drain|[of] p1b: Dragonite
|
|-heal|p2b: Milotic|100/100|[from] item: Leftovers
|upkeep
|turn|4
|
|t:|1782417546
|move|p1a: Gholdengo|Nasty Plot|p1a: Gholdengo
|-boost|p1a: Gholdengo|spa|2
|cant|p1b: Dragonite|slp
|move|p2b: Milotic|Muddy Water|p1b: Dragonite|[spread] p1a,p1b
|-resisted|p1b: Dragonite|1
|-damage|p1a: Gholdengo|65/100
|-damage|p1b: Dragonite|81/100 slp
|move|p2a: Sinistcha|Life Dew||[still]|[spread] p2a,p2b
|-heal|p2a: Sinistcha|87/100
|-fail|p2b: Milotic|heal
|
|upkeep
|turn|5
|
|t:|1782417564
|move|p2a: Sinistcha|Rage Powder|p2a: Sinistcha
|-singleturn|p2a: Sinistcha|move: Rage Powder
|move|p1a: Gholdengo|Shadow Ball|p2a: Sinistcha
|-supereffective|p2a: Sinistcha|1
|-enditem|p2a: Sinistcha|Kasib Berry|[eat]
|-enditem|p2a: Sinistcha|Kasib Berry|[weaken]
|-damage|p2a: Sinistcha|5/100
|-damage|p1a: Gholdengo|55/100|[from] item: Life Orb
|-curestatus|p1b: Dragonite|slp|[msg]
|move|p1b: Dragonite|Dragon Claw|p2a: Sinistcha
|-damage|p2a: Sinistcha|0 fnt
|faint|p2a: Sinistcha
|move|p2b: Milotic|Muddy Water|p1a: Gholdengo|[spread] p1a,p1b
|-resisted|p1b: Dragonite|1
|-damage|p1a: Gholdengo|30/100
|-damage|p1b: Dragonite|69/100
|-unboost|p1a: Gholdengo|accuracy|1
|
|upkeep
|
|t:|1782417573
|switch|p2a: Raichu|Raichu, L50, M|100/100
|turn|6
|
|t:|1782417581
|detailschange|p2a: Raichu|Raichu-Mega-Y, L50, M
|-mega|p2a: Raichu|Raichu|Raichunite Y
|move|p1a: Gholdengo|Protect|p1a: Gholdengo
|-singleturn|p1a: Gholdengo|Protect
|move|p1b: Dragonite|Extreme Speed|p2a: Raichu
|-damage|p2a: Raichu|52/100
|move|p2a: Raichu|Zap Cannon|p1a: Gholdengo
|-activate|p1a: Gholdengo|move: Protect
|move|p2b: Milotic|Hypnosis|p1b: Dragonite
|-status|p1b: Dragonite|slp|[from] move: Hypnosis
|
|upkeep
|turn|7
|
|t:|1782417600
|switch|p1a: Basculegion|Basculegion, L50, M|77/100
|cant|p1b: Dragonite|slp
|move|p2a: Raichu|Zap Cannon|p1a: Basculegion
|-supereffective|p1a: Basculegion|1
|-damage|p1a: Basculegion|0 fnt
|faint|p1a: Basculegion
|move|p2b: Milotic|Muddy Water|p1b: Dragonite
|-resisted|p1b: Dragonite|1
|-damage|p1b: Dragonite|53/100 slp
|
|upkeep
|
|t:|1782417606
|switch|p1a: Blaziken|Blaziken, L50, F|100/100
|turn|8
|
|t:|1782417613
|detailschange|p1a: Blaziken|Blaziken-Mega, L50, F
|-mega|p1a: Blaziken|Blaziken|Blazikenite
|move|p1a: Blaziken|Protect|p1a: Blaziken
|-singleturn|p1a: Blaziken|Protect
|-curestatus|p1b: Dragonite|slp|[msg]
|move|p1b: Dragonite|Extreme Speed|p2a: Raichu
|-damage|p2a: Raichu|8/100
|move|p2a: Raichu|Zap Cannon|p1b: Dragonite
|-damage|p1b: Dragonite|0 fnt
|faint|p1b: Dragonite
|move|p2b: Milotic|Muddy Water|p1a: Blaziken
|-activate|p1a: Blaziken|move: Protect
|
|-ability|p1a: Blaziken|Speed Boost|boost
|-boost|p1a: Blaziken|spe|1
|upkeep
|
|t:|1782417621
|switch|p1b: Gholdengo|Gholdengo, L50|30/100
|turn|9
|
|t:|1782417629
|move|p2a: Raichu|Protect|p2a: Raichu
|-singleturn|p2a: Raichu|Protect
|move|p1a: Blaziken|Flare Blitz|p2a: Raichu
|-activate|p2a: Raichu|move: Protect
|move|p1b: Gholdengo|Nasty Plot|p1b: Gholdengo
|-boost|p1b: Gholdengo|spa|2
|move|p2b: Milotic|Hypnosis|p1a: Blaziken
|-status|p1a: Blaziken|slp|[from] move: Hypnosis
|
|-ability|p1a: Blaziken|Speed Boost|boost
|-boost|p1a: Blaziken|spe|1
|upkeep
|turn|10
|
|t:|1782417640
|move|p1b: Gholdengo|Protect|p1b: Gholdengo
|-singleturn|p1b: Gholdengo|Protect
|cant|p1a: Blaziken|slp
|move|p2a: Raichu|Zap Cannon|p1b: Gholdengo
|-activate|p1b: Gholdengo|move: Protect
|move|p2b: Milotic|Muddy Water|p1b: Gholdengo|[spread] p1a
|-activate|p1b: Gholdengo|move: Protect
|-supereffective|p1a: Blaziken|1
|-damage|p1a: Blaziken|31/100 slp
|
|-ability|p1a: Blaziken|Speed Boost|boost
|-boost|p1a: Blaziken|spe|1
|upkeep
|turn|11
|
|t:|1782417657
|cant|p1a: Blaziken|slp
|move|p2a: Raichu|Zap Cannon|p1b: Gholdengo
|-damage|p1b: Gholdengo|0 fnt
|faint|p1b: Gholdengo
|move|p2b: Milotic|Muddy Water|p1a: Blaziken
|-supereffective|p1a: Blaziken|1
|-damage|p1a: Blaziken|0 fnt
|faint|p1a: Blaziken
|
|win|Aeon_Twins
|l|☆coffi724
|player|p1|
||coffi724 is ready for game 2.
|inactive|Aeon_Twins has 30 seconds to confirm battle start!
||Aeon_Twins is ready for game 2.
|uhtml|next|Next: Game 2 of 3
