|j|☆ariel.mr_
|j|☆whoopeesucle
|html|ariel.mr_whoopeesucle    
|uhtml|bestof|Game 3 of a best-of-3
|t:|1783682401
|gametype|doubles
|player|p1|ariel.mr_|hilbert|1307
|player|p2|whoopeesucle|266|1239
|gen|9
|tier|[Gen 9 Champions] VGC 2026 Reg M-B (Bo3)
|rated|
|rule|Species Clause: Limit one of each Pokémon
|rule|Item Clause: Limit 1 of each item
|clearpoke
|poke|p1|Charizard, L50, M, shiny|
|poke|p1|Kingambit, L50, F|
|poke|p1|Sylveon, L50, F|
|poke|p1|Garchomp, L50, M|
|poke|p1|Aerodactyl, L50, F|
|poke|p1|Farigiraf, L50, F|
|poke|p2|Mawile, L50, M|
|poke|p2|Farigiraf, L50, F|
|poke|p2|Torkoal, L50, M|
|poke|p2|Vivillon, L50, F|
|poke|p2|Incineroar, L50, F|
|poke|p2|Gallade, L50, M|
|teampreview|4
|showteam|p1|Charizard||CharizarditeY|SolarPower|Protect,HeatWave,SolarBeam,WeatherBall|Modest||M|||50|]Kingambit||FocusSash|Defiant|IronHead,SuckerPunch,KowtowCleave,LowKick|Adamant||F|||50|]Sylveon||FairyFeather|Pixilate|Protect,HyperVoice,HyperBeam,QuickAttack|Modest||F|||50|]Garchomp||LifeOrb|RoughSkin|Protect,DragonClaw,Earthquake,RockSlide|Jolly||M|||50|]Aerodactyl||Aerodactylite|Unnerve|IceFang,RockSlide,Tailwind,DualWingbeat|Jolly||F|||50|]Farigiraf||SitrusBerry|ArmorTail|TrickRoom,Psychic,Thunderbolt,Roar|Bold||F|||50|
|showteam|p2|Mawile||Mawilite|HyperCutter|PlayRough,SuckerPunch,RockSlide,Protect|Brave||M|||50|]Farigiraf||SitrusBerry|ArmorTail|TwinBeam,Thunderbolt,TrickRoom,HelpingHand|Modest||F|||50|]Torkoal||Charcoal|Drought|Eruption,WeatherBall,HelpingHand,Protect|Quiet||M|||50|]Vivillon||FocusSash|CompoundEyes|RagePowder,Hurricane,SleepPowder,Protect|Timid||F|||50|]Incineroar||LifeOrb|Intimidate|FakeOut,DarkestLariat,FlareBlitz,CloseCombat|Adamant||F|||50|]Gallade||IronBall|Sharpness|SacredSword,LeafBlade,PsychoCut,TrickRoom|Brave||M|||50|
|inactive|Battle timer is ON: inactive players will automatically lose when time's up. (requested by ariel.mr_)
|inactive|ariel.mr_ has 60 seconds left.
|inactive|whoopeesucle has 60 seconds left.
|
|t:|1783682437
|teamsize|p1|4
|teamsize|p2|4
|start
|switch|p1a: Aerodactyl|Aerodactyl, L50, F|100/100
|switch|p1b: Farigiraf|Farigiraf, L50, F|100/100
|switch|p2a: Vivillon|Vivillon, L50, F|100/100
|switch|p2b: Gallade|Gallade, L50, M|100/100
|-ability|p1a: Aerodactyl|Unnerve
|turn|1
|
|t:|1783682455
|detailschange|p1a: Aerodactyl|Aerodactyl-Mega, L50, F
|-mega|p1a: Aerodactyl|Aerodactyl|Aerodactylite
|move|p1a: Aerodactyl|Dual Wingbeat|p2b: Gallade
|-supereffective|p2b: Gallade|1
|-damage|p2b: Gallade|26/100
|-supereffective|p2b: Gallade|1
|-damage|p2b: Gallade|0 fnt
|faint|p2b: Gallade
|-hitcount|p2: Gallade|2
|move|p2a: Vivillon|Sleep Powder|p1b: Farigiraf
|-status|p1b: Farigiraf|slp|[from] move: Sleep Powder
|cant|p1b: Farigiraf|slp
|
|upkeep
|
|t:|1783682469
|switch|p2b: Mawile|Mawile, L50, M|100/100
|turn|2
|inactive|whoopeesucle has 30 seconds left.
|
|t:|1783682499
|detailschange|p2b: Mawile|Mawile-Mega, L50, M
|-mega|p2b: Mawile|Mawile|Mawilite
|move|p1a: Aerodactyl|Rock Slide|p2b: Mawile|[spread] p2a,p2b
|-supereffective|p2a: Vivillon|2
|-resisted|p2b: Mawile|1
|-enditem|p2a: Vivillon|Focus Sash
|-damage|p2a: Vivillon|1/100
|-damage|p2b: Mawile|87/100
|cant|p2a: Vivillon|flinch
|cant|p1b: Farigiraf|slp
|cant|p2b: Mawile|flinch
|
|upkeep
|turn|3
|
|t:|1783682520
|move|p1a: Aerodactyl|Tailwind|p1a: Aerodactyl
|-sidestart|p1: ariel.mr_|move: Tailwind
|-curestatus|p1b: Farigiraf|slp|[msg]
|move|p1b: Farigiraf|Thunderbolt|p2a: Vivillon
|-supereffective|p2a: Vivillon|1
|-damage|p2a: Vivillon|0 fnt
|faint|p2a: Vivillon
|move|p2b: Mawile|Rock Slide|p1b: Farigiraf|[spread] p1a,p1b
|-supereffective|p1a: Aerodactyl|1
|-damage|p1a: Aerodactyl|19/100
|-damage|p1b: Farigiraf|69/100
|
|upkeep
|
|t:|1783682524
|switch|p2a: Incineroar|Incineroar, L50, F|100/100
|-ability|p2a: Incineroar|Intimidate|boost
|-unboost|p1a: Aerodactyl|atk|1
|-unboost|p1b: Farigiraf|atk|1
|turn|4
|
|t:|1783682542
|move|p1a: Aerodactyl|Rock Slide|p2b: Mawile|[spread] p2a,p2b
|-supereffective|p2a: Incineroar|1
|-resisted|p2b: Mawile|1
|-damage|p2a: Incineroar|67/100
|-damage|p2b: Mawile|79/100
|move|p1b: Farigiraf|Thunderbolt|p2b: Mawile
|-damage|p2b: Mawile|54/100
|cant|p2a: Incineroar|flinch
|move|p2b: Mawile|Rock Slide|p1a: Aerodactyl|[spread] p1a,p1b
|-supereffective|p1a: Aerodactyl|1
|-damage|p1a: Aerodactyl|0 fnt
|-damage|p1b: Farigiraf|40/100
|-enditem|p1b: Farigiraf|Sitrus Berry|[eat]
|-heal|p1b: Farigiraf|65/100|[from] item: Sitrus Berry
|faint|p1a: Aerodactyl
|
|upkeep
|
|t:|1783682565
|switch|p1a: Kingambit|Kingambit, L50, F|100/100
|turn|5
|
|t:|1783682579
|move|p1a: Kingambit|Low Kick|p2a: Incineroar
|-supereffective|p2a: Incineroar|1
|-damage|p2a: Incineroar|12/100
|move|p1b: Farigiraf|Thunderbolt|p2b: Mawile
|-damage|p2b: Mawile|29/100
|move|p2a: Incineroar|Close Combat|p1a: Kingambit
|-supereffective|p1a: Kingambit|2
|-enditem|p1a: Kingambit|Focus Sash
|-damage|p1a: Kingambit|1/100
|-unboost|p2a: Incineroar|def|1
|-unboost|p2a: Incineroar|spd|1
|-damage|p2a: Incineroar|2/100|[from] item: Life Orb
|move|p2b: Mawile|Rock Slide|p1a: Kingambit|[spread] p1a,p1b
|-resisted|p1a: Kingambit|1
|-damage|p1a: Kingambit|0 fnt
|-damage|p1b: Farigiraf|39/100
|faint|p1a: Kingambit
|
|upkeep
|
|t:|1783682587
|switch|p1a: Garchomp|Garchomp, L50, M|100/100
|turn|6
|
|t:|1783682609
|move|p1a: Garchomp|Earthquake|p2b: Mawile|[spread] p1b,p2a,p2b
|-supereffective|p2a: Incineroar|1
|-supereffective|p2b: Mawile|1
|-crit|p2b: Mawile
|-damage|p1b: Farigiraf|3/100
|-damage|p2a: Incineroar|0 fnt
|-damage|p2b: Mawile|0 fnt
|faint|p2a: Incineroar
|faint|p2b: Mawile
|-damage|p1a: Garchomp|90/100|[from] item: Life Orb
|
|win|ariel.mr_
|raw|ariel.mr_'s rating: 1307 → 1323(+16 for winning)
|raw|whoopeesucle's rating: 1239 → 1219(-20 for losing)
|c|☆ariel.mr_|gg
