|j|☆lettitripppp
|j|☆AirBloom
|html|lettitrippppAirBloom    
|uhtml|bestof|Game 1 of a best-of-3
|t:|1785008114
|gametype|doubles
|player|p1|lettitripppp|lucas|1203
|player|p2|AirBloom|sabrina|1333
|gen|9
|tier|[Gen 9 Champions] VGC 2026 Reg M-B (Bo3)
|rated|
|rule|Species Clause: Limit one of each Pokémon
|rule|Item Clause: Limit 1 of each item
|clearpoke
|poke|p1|Charizard, L50, F, shiny|
|poke|p1|Basculegion, L50, M, shiny|
|poke|p1|Pelipper, L50, M|
|poke|p1|Venusaur, L50, M|
|poke|p1|Archaludon, L50, M|
|poke|p1|Grimmsnarl, L50, M, shiny|
|poke|p2|Camerupt, L50, M, shiny|
|poke|p2|Farigiraf, L50, F|
|poke|p2|Kingambit, L50, F|
|poke|p2|Vivillon, L50, M|
|poke|p2|Incineroar, L50, M|
|poke|p2|Sylveon, L50, M, shiny|
|teampreview|4
|showteam|p1|Charizard||CharizarditeY|Blaze|WeatherBall,SolarBeam,HeatWave,Protect|Modest||F|||50|]Basculegion||ChoiceScarf|Adaptability|LastRespects,WaveCrash,FlipTurn,AquaJet|Jolly||M|||50|]Pelipper||SitrusBerry|Drizzle|WeatherBall,WideGuard,Hurricane,Tailwind|Modest||M|||50|]Venusaur||FocusSash|Chlorophyll|SleepPowder,SludgeBomb,EarthPower,Protect|Timid||M|||50|]Archaludon||Leftovers|Stamina|FlashCannon,DragonPulse,ElectroShot,Protect|Calm||M|||50|]Grimmsnarl||LightClay|Prankster|PartingShot,LightScreen,SpiritBreak,Reflect|Relaxed||M|||50|
|showteam|p2|Camerupt||Cameruptite|MagmaArmor|HeatWave,EarthPower,Protect,AncientPower|Quiet||M|||50|]Farigiraf||SitrusBerry|ArmorTail|TrickRoom,Thunderbolt,PsychicFangs,HelpingHand|Sassy||F|||50|]Kingambit||BlackGlasses|Defiant|KowtowCleave,SuckerPunch,SwordsDance,IronHead|Adamant||F|||50|]Vivillon||FocusSash|CompoundEyes|Hurricane,Protect,SleepPowder,RagePowder|Timid||M|||50|]Incineroar||LifeOrb|Intimidate|FlareBlitz,ThroatChop,PartingShot,FakeOut|Brave||M|||50|]Sylveon||FairyFeather|Pixilate|HyperVoice,HyperBeam,Detect,QuickAttack|Quiet||M|||50|
|inactive|Battle timer is ON: inactive players will automatically lose when time's up. (requested by lettitripppp)
|inactive|AirBloom has 60 seconds left.
|
|t:|1785008151
|teamsize|p1|4
|teamsize|p2|4
|start
|switch|p1a: GHOSTWAVE|Basculegion, L50, M, shiny|100/100
|switch|p1b: WET-BEAK|Pelipper, L50, M|100/100
|switch|p2a: Farigiraf|Farigiraf, L50, F|100/100
|switch|p2b: Incineroar|Incineroar, L50, M|100/100
|-weather|RainDance|[from] ability: Drizzle|[of] p1b: WET-BEAK
|-ability|p2b: Incineroar|Intimidate|boost
|-unboost|p1a: GHOSTWAVE|atk|1
|-unboost|p1b: WET-BEAK|atk|1
|turn|1
|inactive|AirBloom has 30 seconds left.
|
|t:|1785008177
|switch|p1b: GO JOHAN|Grimmsnarl, L50, M, shiny|100/100
|move|p2b: Incineroar|Fake Out|p1b: GO JOHAN
|-damage|p1b: GO JOHAN|82/100
|-damage|p2b: Incineroar|90/100|[from] item: Life Orb
|move|p1a: GHOSTWAVE|Wave Crash|p2b: Incineroar
|-supereffective|p2b: Incineroar|1
|-damage|p2b: Incineroar|0 fnt
|faint|p2b: Incineroar
|-damage|p1a: GHOSTWAVE|69/100|[from] Recoil
|move|p2a: Farigiraf|Thunderbolt|p1b: GO JOHAN
|-damage|p1b: GO JOHAN|62/100
|
|-weather|RainDance|[upkeep]
|upkeep
|
|t:|1785008180
|switch|p2b: Kingambit|Kingambit, L50, F|100/100
|turn|2
|
|t:|1785008190
|switch|p1a: BEYOND BRIDGE|Archaludon, L50, M|100/100
|move|p1b: GO JOHAN|Reflect|p1b: GO JOHAN
|-sidestart|p1: lettitripppp|Reflect
|move|p2b: Kingambit|Swords Dance|p2b: Kingambit
|-boost|p2b: Kingambit|atk|2
|move|p2a: Farigiraf|Trick Room|p2a: Farigiraf
|-fieldstart|move: Trick Room|[of] p2a: Farigiraf
|
|-weather|RainDance|[upkeep]
|upkeep
|turn|3
|
|t:|1785008211
|switch|p2a: Camerupt|Camerupt, L50, M, shiny|100/100
|move|p1b: GO JOHAN|Light Screen|p1b: GO JOHAN
|-sidestart|p1: lettitripppp|move: Light Screen
|move|p2b: Kingambit|Iron Head|p1b: GO JOHAN
|-supereffective|p1b: GO JOHAN|1
|-damage|p1b: GO JOHAN|0 fnt
|faint|p1b: GO JOHAN
|move|p1a: BEYOND BRIDGE|Electro Shot||[still]
|-prepare|p1a: BEYOND BRIDGE|Electro Shot
|-boost|p1a: BEYOND BRIDGE|spa|1
|-anim|p1a: BEYOND BRIDGE|Electro Shot|p2b: Kingambit
|-damage|p2b: Kingambit|49/100
|
|-weather|RainDance|[upkeep]
|upkeep
|
|t:|1785008225
|switch|p1b: WET-BEAK|Pelipper, L50, M|100/100
|turn|4
|
|t:|1785008236
|detailschange|p2a: Camerupt|Camerupt-Mega, L50, M, shiny
|-mega|p2a: Camerupt|Camerupt|Cameruptite
|move|p2a: Camerupt|Ancient Power|p1b: WET-BEAK
|-supereffective|p1b: WET-BEAK|1
|-damage|p1b: WET-BEAK|40/100
|-enditem|p1b: WET-BEAK|Sitrus Berry|[eat]
|-heal|p1b: WET-BEAK|65/100|[from] item: Sitrus Berry
|move|p2b: Kingambit|Kowtow Cleave|p1b: WET-BEAK
|-damage|p1b: WET-BEAK|0 fnt
|faint|p1b: WET-BEAK
|move|p1a: BEYOND BRIDGE|Electro Shot||[still]
|-prepare|p1a: BEYOND BRIDGE|Electro Shot
|-boost|p1a: BEYOND BRIDGE|spa|1
|-anim|p1a: BEYOND BRIDGE|Electro Shot|p2b: Kingambit
|-damage|p2b: Kingambit|0 fnt
|faint|p2b: Kingambit
|
|-weather|RainDance|[upkeep]
|upkeep
|
|t:|1785008250
|switch|p2b: Farigiraf|Farigiraf, L50, F|100/100
|switch|p1b: GHOSTWAVE|Basculegion, L50, M, shiny|69/100
|turn|5
|
|t:|1785008259
|move|p2b: Farigiraf|Helping Hand|p2a: Camerupt
|-singleturn|p2a: Camerupt|Helping Hand|[of] p2b: Farigiraf
|move|p2a: Camerupt|Earth Power|p1b: GHOSTWAVE
|-damage|p1b: GHOSTWAVE|0 fnt
|faint|p1b: GHOSTWAVE
|move|p1a: BEYOND BRIDGE|Electro Shot||[still]
|-prepare|p1a: BEYOND BRIDGE|Electro Shot
|-boost|p1a: BEYOND BRIDGE|spa|1
|-anim|p1a: BEYOND BRIDGE|Electro Shot|p2b: Farigiraf
|-damage|p2b: Farigiraf|28/100
|-enditem|p2b: Farigiraf|Sitrus Berry|[eat]
|-heal|p2b: Farigiraf|53/100|[from] item: Sitrus Berry
|
|-weather|none
|upkeep
|turn|6
|
|t:|1785008281
|move|p2b: Farigiraf|Helping Hand|p2a: Camerupt
|-singleturn|p2a: Camerupt|Helping Hand|[of] p2b: Farigiraf
|move|p2a: Camerupt|Earth Power|p1a: BEYOND BRIDGE
|-supereffective|p1a: BEYOND BRIDGE|1
|-damage|p1a: BEYOND BRIDGE|0 fnt
|faint|p1a: BEYOND BRIDGE
|
|win|AirBloom
