|j|☆SapphireKat
|j|☆JoyBoy311
|html|SapphireKatJoyBoy311    
|uhtml|bestof|Game 2 of a best-of-3
|t:|1756954341
|gametype|doubles
|player|p1|SapphireKat|delinquentf-gen9|
|player|p2|JoyBoy311|1|
|gen|9
|tier|[Gen 9] VGC 2025 Reg H (Bo3)
|rule|Species Clause: Limit one of each Pokémon
|rule|Item Clause: Limit 1 of each item
|clearpoke
|poke|p1|Basculegion, L50, M|
|poke|p1|Archaludon, L50, M|
|poke|p1|Pelipper, L50, F|
|poke|p1|Rillaboom, L50, F|
|poke|p1|Sneasler, L50, M|
|poke|p1|Gholdengo, L50|
|poke|p2|Incineroar, L50, M|
|poke|p2|Porygon2, L50|
|poke|p2|Amoonguss, L50, M|
|poke|p2|Ursaluna, L50, M|
|poke|p2|Gholdengo, L50|
|poke|p2|Hydreigon, L50, M|
|teampreview|4
|showteam|p1|Basculegion||ChoiceBand|SwiftSwim|LastRespects,WaveCrash,FlipTurn,PhantomForce|||M|||50|,,,,,Grass]Archaludon||AssaultVest|Stamina|BodyPress,DragonPulse,FlashCannon,ElectroShot|||M|||50|,,,,,Bug]Pelipper||FocusSash|Drizzle|WeatherBall,Hurricane,WideGuard,Tailwind|||F|||50|,,,,,Ghost]Rillaboom||MiracleSeed|GrassySurge|WoodHammer,GrassyGlide,HighHorsepower,KnockOff|||F|||50|,,,,,Fire]Sneasler||GrassySeed|Unburden|CloseCombat,DireClaw,Taunt,ThroatChop|||M|||50|,,,,,Stellar]Gholdengo||LifeOrb|GoodasGold|MakeItRain,NastyPlot,Protect,ShadowBall||||||50|,,,,,Flying
|showteam|p2|Incineroar||SitrusBerry|Intimidate|KnockOff,FlareBlitz,PartingShot,FakeOut|||M|||50|,,,,,Ghost]Porygon2||Eviolite|Download|TeraBlast,IceBeam,Recover,TrickRoom||||||50|,,,,,Fighting]Amoonguss||RockyHelmet|Regenerator|Spore,RagePowder,PollenPuff,SludgeBomb|||M|||50|,,,,,Fairy]Ursaluna||FlameOrb|Guts|Facade,HeadlongRush,Earthquake,Protect|||M|||50|,,,,,Ghost]Gholdengo||Leftovers|GoodasGold|MakeItRain,ShadowBall,NastyPlot,Protect||||||50|,,,,,Water]Hydreigon||SafetyGoggles|Levitate|DracoMeteor,Snarl,Tailwind,Protect|||M|||50|,,,,,Ghost
|
|t:|1756954391
|teamsize|p1|4
|teamsize|p2|4
|start
|switch|p1a: C. paleatus|Pelipper, L50, F|100/100
|switch|p1b: B. splendens|Basculegion, L50, M, shiny|100/100
|switch|p2a: Gholdengo|Gholdengo, L50, shiny|100/100
|switch|p2b: Incineroar|Incineroar, L50, M, shiny|100/100
|-ability|p2b: Incineroar|Intimidate|boost
|-unboost|p1a: C. paleatus|atk|1
|-unboost|p1b: B. splendens|atk|1
|-weather|RainDance|[from] ability: Drizzle|[of] p1a: C. paleatus
|turn|1
|
|t:|1756954440
|-terastallize|p2a: Gholdengo|Water
|move|p1b: B. splendens|Flip Turn|p2b: Incineroar
|-supereffective|p2b: Incineroar
|-damage|p2b: Incineroar|15/100
|-enditem|p2b: Incineroar|Sitrus Berry|[eat]
|-heal|p2b: Incineroar|40/100|[from] item: Sitrus Berry
|
|t:|1756954448
|switch|p1b: A. cirrhosus|Archaludon, L50, M, shiny|100/100|[from] Flip Turn
|move|p2a: Gholdengo|Nasty Plot|p2a: Gholdengo
|-boost|p2a: Gholdengo|spa|2
|move|p2b: Incineroar|Parting Shot|p1a: C. paleatus
|-unboost|p1a: C. paleatus|atk|1
|-unboost|p1a: C. paleatus|spa|1
|
|t:|1756954454
|switch|p2b: Amoonguss|Amoonguss, L50, M, shiny|100/100|[from] Parting Shot
|move|p1a: C. paleatus|Weather Ball|p2a: Gholdengo
|-resisted|p2a: Gholdengo
|-damage|p2a: Gholdengo|77/100
|
|-weather|RainDance|[upkeep]
|-heal|p2a: Gholdengo|83/100|[from] item: Leftovers
|upkeep
|turn|2
|
|t:|1756954479
|switch|p1a: R. titteya|Gholdengo, L50, shiny|100/100
|move|p2a: Gholdengo|Protect|p2a: Gholdengo
|-singleturn|p2a: Gholdengo|Protect
|move|p1b: A. cirrhosus|Electro Shot||[still]
|-prepare|p1b: A. cirrhosus|Electro Shot
|-boost|p1b: A. cirrhosus|spa|1
|-anim|p1b: A. cirrhosus|Electro Shot|p2a: Gholdengo
|-activate|p2a: Gholdengo|move: Protect
|move|p2b: Amoonguss|Spore|p1b: A. cirrhosus
|-status|p1b: A. cirrhosus|slp|[from] move: Spore
|
|-weather|RainDance|[upkeep]
|-heal|p2a: Gholdengo|88/100|[from] item: Leftovers
|upkeep
|turn|3
|
|t:|1756954509
|switch|p2b: Incineroar|Incineroar, L50, M, shiny|40/100
|-ability|p2b: Incineroar|Intimidate|boost
|-unboost|p1a: R. titteya|atk|1
|-unboost|p1b: A. cirrhosus|atk|1
|move|p1a: R. titteya|Protect|p1a: R. titteya
|-singleturn|p1a: R. titteya|Protect
|move|p2a: Gholdengo|Shadow Ball|p1a: R. titteya
|-activate|p1a: R. titteya|move: Protect
|cant|p1b: A. cirrhosus|slp
|
|-weather|RainDance|[upkeep]
|-heal|p2a: Gholdengo|94/100|[from] item: Leftovers
|upkeep
|turn|4
|
|t:|1756954539
|-terastallize|p1a: R. titteya|Flying
|move|p2b: Incineroar|Fake Out|p1b: A. cirrhosus
|-resisted|p1b: A. cirrhosus
|-damage|p1b: A. cirrhosus|95/100 slp
|-ability|p1b: A. cirrhosus|Stamina|boost
|-boost|p1b: A. cirrhosus|def|1
|move|p2a: Gholdengo|Shadow Ball|p1a: R. titteya
|-crit|p1a: R. titteya
|-damage|p1a: R. titteya|0 fnt
|faint|p1a: R. titteya
|cant|p1b: A. cirrhosus|slp
|
|-weather|RainDance|[upkeep]
|-heal|p2a: Gholdengo|99/100|[from] item: Leftovers
|upkeep
|
|t:|1756954553
|switch|p1a: B. splendens|Basculegion, L50, M, shiny|100/100
|turn|5
|
|t:|1756954574
|move|p2a: Gholdengo|Protect|p2a: Gholdengo
|-singleturn|p2a: Gholdengo|Protect
|move|p1a: B. splendens|Flip Turn|p2b: Incineroar
|-supereffective|p2b: Incineroar
|-damage|p2b: Incineroar|0 fnt
|faint|p2b: Incineroar
|
|t:|1756954580
|switch|p1a: C. paleatus|Pelipper, L50, F|100/100|[from] Flip Turn
|cant|p1b: A. cirrhosus|slp
|
|-weather|none
|-heal|p2a: Gholdengo|100/100|[from] item: Leftovers
|upkeep
|
|t:|1756954584
|switch|p2b: Hydreigon|Hydreigon, L50, M|100/100
|turn|6
|
|t:|1756954616
|move|p2b: Hydreigon|Tailwind|p2b: Hydreigon
|-sidestart|p2: JoyBoy311|move: Tailwind
|move|p2a: Gholdengo|Nasty Plot|p2a: Gholdengo
|-boost|p2a: Gholdengo|spa|2
|-curestatus|p1b: A. cirrhosus|slp|[msg]
|move|p1b: A. cirrhosus|Dragon Pulse|p2b: Hydreigon
|-supereffective|p2b: Hydreigon
|-damage|p2b: Hydreigon|0 fnt
|faint|p2b: Hydreigon
|move|p1a: C. paleatus|Tailwind|p1a: C. paleatus
|-sidestart|p1: SapphireKat|move: Tailwind
|
|upkeep
|
|t:|1756954624
|switch|p2b: Amoonguss|Amoonguss, L50, M, shiny|100/100
|turn|7
|
|t:|1756954657
|switch|p1a: B. splendens|Basculegion, L50, M, shiny|100/100
|move|p2a: Gholdengo|Make It Rain|p1a: B. splendens|[spread] p1a,p1b
|-resisted|p1a: B. splendens
|-resisted|p1b: A. cirrhosus
|-damage|p1a: B. splendens|31/100
|-damage|p1b: A. cirrhosus|55/100
|-unboost|p2a: Gholdengo|spa|1
|-ability|p1b: A. cirrhosus|Stamina|boost
|-boost|p1b: A. cirrhosus|def|1
|move|p1b: A. cirrhosus|Dragon Pulse|p2b: Amoonguss
|-damage|p2b: Amoonguss|52/100
|move|p2b: Amoonguss|Spore|p1b: A. cirrhosus
|-status|p1b: A. cirrhosus|slp|[from] move: Spore
|
|upkeep
|turn|8
|
|t:|1756954702
|switch|p1a: C. paleatus|Pelipper, L50, F|100/100
|-weather|RainDance|[from] ability: Drizzle|[of] p1a: C. paleatus
|move|p2a: Gholdengo|Make It Rain|p1b: A. cirrhosus|[spread] p1a,p1b
|-resisted|p1a: C. paleatus
|-resisted|p1b: A. cirrhosus
|-crit|p1b: A. cirrhosus
|-damage|p1a: C. paleatus|24/100
|-damage|p1b: A. cirrhosus|0 fnt
|-unboost|p2a: Gholdengo|spa|1
|faint|p1b: A. cirrhosus
|move|p2b: Amoonguss|Spore|p1a: C. paleatus
|-status|p1a: C. paleatus|slp|[from] move: Spore
|
|-weather|RainDance|[upkeep]
|upkeep
|
|t:|1756954713
|switch|p1b: B. splendens|Basculegion, L50, M, shiny|31/100
|turn|9
|
|t:|1756954727
|move|p2b: Amoonguss|Rage Powder|p2b: Amoonguss
|-singleturn|p2b: Amoonguss|move: Rage Powder
|move|p1b: B. splendens|Last Respects|p2b: Amoonguss
|-damage|p2b: Amoonguss|0 fnt
|faint|p2b: Amoonguss
|move|p2a: Gholdengo|Make It Rain|p1b: B. splendens|[spread] p1a,p1b
|-resisted|p1a: C. paleatus
|-resisted|p1b: B. splendens
|-damage|p1a: C. paleatus|0 fnt
|-damage|p1b: B. splendens|0 fnt
|-unboost|p2a: Gholdengo|spa|1
|faint|p1a: C. paleatus
|faint|p1b: B. splendens
|
|win|JoyBoy311
