|j|☆1Pat_mud
|j|☆hanfugun
|html|1Pat_mudhanfugun    
|uhtml|bestof|Game 2 of a best-of-3
|t:|1785423412
|gametype|doubles
|player|p1|1Pat_mud|101|
|player|p2|hanfugun|brock|
|gen|9
|tier|[Gen 9 Champions] VGC 2026 Reg M-B (Bo3)
|rule|Species Clause: Limit one of each Pokémon
|rule|Item Clause: Limit 1 of each item
|clearpoke
|poke|p1|Rotom-Wash, L50, shiny|
|poke|p1|Venusaur, L50, M, shiny|
|poke|p1|Incineroar, L50, M, shiny|
|poke|p1|Ninetales-Alola, L50, M, shiny|
|poke|p1|Kommo-o, L50, F, shiny|
|poke|p1|Scizor, L50, F, shiny|
|poke|p2|Incineroar, L50, M|
|poke|p2|Whimsicott, L50, M, shiny|
|poke|p2|Blaziken, L50, F, shiny|
|poke|p2|Kingambit, L50, M, shiny|
|poke|p2|Floette-Eternal, L50, F|
|poke|p2|Basculegion, L50, M, shiny|
|teampreview|4
|showteam|p1|Rotom-Wash||SitrusBerry|Levitate|HydroPump,Electroweb,VoltSwitch,WillOWisp|Bold|||||50|]Venusaur||Venusaurite|Overgrow|Protect,GigaDrain,SludgeBomb,LeechSeed|Modest||M|||50|]Incineroar||LifeOrb|Intimidate|FakeOut,FlareBlitz,Assurance,PartingShot|Adamant||M|||50|]Ninetales-Alola||FocusSash|SnowWarning|Protect,Blizzard,FreezeDry,Encore|Timid||M|||50|]Kommo-o||Leftovers|Soundproof|Protect,ClangingScales,AuraSphere,ClangorousSoul|Modest||F|||50|]Scizor||Scizorite|Technician|Protect,BulletPunch,SwordsDance,KnockOff|Adamant||F|||50|
|showteam|p2|Incineroar||SitrusBerry|Intimidate|FakeOut,PartingShot,ThroatChop,FlareBlitz|Impish||M|||50|]Whimsicott||FocusSash|Prankster|Encore,Moonblast,Tailwind,Protect|Timid||M|||50|]Blaziken||Blazikenite|SpeedBoost|Detect,FlareBlitz,CloseCombat,RockSlide|Adamant||F|||50|]Kingambit||BlackGlasses|Defiant|KowtowCleave,SuckerPunch,IronHead,LowKick|Adamant||M|||50|]Floette-Eternal||Floettite|FlowerVeil|Protect,LightofRuin,Moonblast,DazzlingGleam|Modest||F|||50|]Basculegion||ChoiceScarf|Adaptability|FlipTurn,WaveCrash,LastRespects,AquaJet|Jolly||M|||50|
|j| zuutokei2
|j| Hankk1995
|j| eight-clouds
|j| ramentsukemen
|
|t:|1785423462
|teamsize|p1|4
|teamsize|p2|4
|start
|switch|p1a: 洗衣機的樣子|Rotom-Wash, L50, shiny|100/100
|switch|p1b: 宇宙最强|Incineroar, L50, M, shiny|100/100
|switch|p2a: 卡璞•棉棉|Whimsicott, L50, M, shiny|100/100
|switch|p2b: 火焰•羈絆|Blaziken, L50, F, shiny|100/100
|-ability|p1b: 宇宙最强|Intimidate|boost
|-unboost|p2a: 卡璞•棉棉|atk|1
|-unboost|p2b: 火焰•羈絆|atk|1
|turn|1
|
|t:|1785423502
|detailschange|p2b: 火焰•羈絆|Blaziken-Mega, L50, F, shiny
|-mega|p2b: 火焰•羈絆|Blaziken|Blazikenite
|move|p2a: 卡璞•棉棉|Protect|p2a: 卡璞•棉棉
|-singleturn|p2a: 卡璞•棉棉|Protect
|move|p2b: 火焰•羈絆|Detect|p2b: 火焰•羈絆
|-singleturn|p2b: 火焰•羈絆|Protect
|move|p1b: 宇宙最强|Fake Out|p2a: 卡璞•棉棉
|-activate|p2a: 卡璞•棉棉|move: Protect
|move|p1a: 洗衣機的樣子|Hydro Pump|p2b: 火焰•羈絆
|-activate|p2b: 火焰•羈絆|move: Protect
|
|-ability|p2b: 火焰•羈絆|Speed Boost|boost
|-boost|p2b: 火焰•羈絆|spe|1
|upkeep
|turn|2
|
|t:|1785423537
|move|p2b: 火焰•羈絆|Close Combat|p1a: 洗衣機的樣子
|-damage|p1a: 洗衣機的樣子|51/100
|-unboost|p2b: 火焰•羈絆|def|1
|-unboost|p2b: 火焰•羈絆|spd|1
|move|p2a: 卡璞•棉棉|Moonblast|p1a: 洗衣機的樣子
|-crit|p1a: 洗衣機的樣子
|-damage|p1a: 洗衣機的樣子|0 fnt
|faint|p1a: 洗衣機的樣子
|move|p1b: 宇宙最强|Flare Blitz|p2a: 卡璞•棉棉
|-supereffective|p2a: 卡璞•棉棉|1
|-enditem|p2a: 卡璞•棉棉|Focus Sash
|-damage|p2a: 卡璞•棉棉|1/100
|-damage|p1b: 宇宙最强|76/100|[from] Recoil
|-damage|p1b: 宇宙最强|66/100|[from] item: Life Orb
|
|-ability|p2b: 火焰•羈絆|Speed Boost|boost
|-boost|p2b: 火焰•羈絆|spe|1
|upkeep
|
|t:|1785423550
|switch|p1a: 環保洛克人|Scizor, L50, F, shiny|100/100
|turn|3
|c|☆1Pat_mud|腫麽這樣
|j| kuoli00021
|
|t:|1785423602
|switch|p1b: 影色舞|Kommo-o, L50, F, shiny|100/100
|move|p1a: 環保洛克人|Protect|p1a: 環保洛克人
|-singleturn|p1a: 環保洛克人|Protect
|move|p2b: 火焰•羈絆|Close Combat|p1b: 影色舞
|-damage|p1b: 影色舞|56/100
|-unboost|p2b: 火焰•羈絆|def|1
|-unboost|p2b: 火焰•羈絆|spd|1
|move|p2a: 卡璞•棉棉|Moonblast|p1b: 影色舞
|-supereffective|p1b: 影色舞|2
|-damage|p1b: 影色舞|0 fnt
|faint|p1b: 影色舞
|
|-ability|p2b: 火焰•羈絆|Speed Boost|boost
|-boost|p2b: 火焰•羈絆|spe|1
|upkeep
|
|t:|1785423616
|switch|p1b: 宇宙最强|Incineroar, L50, M, shiny|66/100
|-ability|p1b: 宇宙最强|Intimidate|boost
|-unboost|p2a: 卡璞•棉棉|atk|1
|-unboost|p2b: 火焰•羈絆|atk|1
|turn|4
|
|t:|1785423652
|switch|p2b: 四之宮•攻|Kingambit, L50, M, shiny|100/100
|detailschange|p1a: 環保洛克人|Scizor-Mega, L50, F, shiny
|-mega|p1a: 環保洛克人|Scizor|Scizorite
|move|p2a: 卡璞•棉棉|Protect|p2a: 卡璞•棉棉
|-singleturn|p2a: 卡璞•棉棉|Protect
|move|p1b: 宇宙最强|Fake Out|p2a: 卡璞•棉棉
|-activate|p2a: 卡璞•棉棉|move: Protect
|move|p1a: 環保洛克人|Bullet Punch|p2b: 四之宮•攻
|-resisted|p2b: 四之宮•攻|1
|-damage|p2b: 四之宮•攻|84/100
|
|upkeep
|turn|5
|
|t:|1785423687
|move|p2a: 卡璞•棉棉|Encore|p1a: 環保洛克人
|-start|p1a: 環保洛克人|Encore
|move|p1a: 環保洛克人|Bullet Punch|p2a: 卡璞•棉棉
|-supereffective|p2a: 卡璞•棉棉|1
|-damage|p2a: 卡璞•棉棉|0 fnt
|faint|p2a: 卡璞•棉棉
|move|p2b: 四之宮•攻|Low Kick|p1b: 宇宙最强
|-supereffective|p1b: 宇宙最强|1
|-crit|p1b: 宇宙最强
|-damage|p1b: 宇宙最强|0 fnt
|faint|p1b: 宇宙最强
|
|upkeep
|-message|1Pat_mud forfeited.
|
|win|hanfugun
||1Pat_mud is ready for game 3.
||hanfugun is ready for game 3.
|uhtml|next|Next: Game 3 of 3
|l| eight-clouds
|j| Midoria100
|l| zuutokei2
|l|☆hanfugun
|player|p2|
