|j|☆Il Mule
|j|☆Lightoz IV
|html|Il MuleLightoz IV    
|uhtml|bestof|Game 2 of a best-of-3
|t:|1784627031
|gametype|doubles
|player|p1|Il Mule|salvatore|1496
|player|p2|Lightoz IV|blue-gen2|1415
|gen|9
|tier|[Gen 9 Champions] VGC 2026 Reg M-B (Bo3)
|rated|
|rule|Species Clause: Limit one of each Pokémon
|rule|Item Clause: Limit 1 of each item
|clearpoke
|poke|p1|Excadrill, L50, M|
|poke|p1|Tyranitar, L50, F|
|poke|p1|Sneasler, L50, F|
|poke|p1|Incineroar, L50, F|
|poke|p1|Froslass, L50, F|
|poke|p1|Sinistcha, L50|
|poke|p2|Raichu, L50, F|
|poke|p2|Kingambit, L50, M, shiny|
|poke|p2|Basculegion, L50, M|
|poke|p2|Aerodactyl, L50, M|
|poke|p2|Farigiraf, L50, F|
|poke|p2|Sylveon, L50, M, shiny|
|teampreview|4
|showteam|p1|Excadrill||FocusSash|SandRush|HighHorsepower,RockSlide,IronHead,Protect|Adamant||M|||50|]Tyranitar||Tyranitarite|SandStream|KnockOff,RockSlide,DragonDance,Protect|Adamant||F|||50|]Sneasler||WhiteHerb|Unburden|CloseCombat,DireClaw,Coaching,FakeOut|Jolly||F|||50|]Incineroar||SitrusBerry|Intimidate|FlareBlitz,HelpingHand,PartingShot,FakeOut|Impish||F|||50|]Froslass||Froslassite|CursedBody|Blizzard,ShadowBall,NastyPlot,Protect|Timid||F|||50|]Sinistcha||ColburBerry|Hospitality|ShadowBall,LeafStorm,RagePowder,Protect|Bold|||||50|
|showteam|p2|Raichu||RaichuniteY|LightningRod|ZapCannon,FocusBlast,FakeOut,Protect|Timid||F|||50|]Kingambit||FocusSash|Defiant|KowtowCleave,SuckerPunch,IronHead,LowKick|Adamant||M|||50|]Basculegion||MysticWater|Adaptability|LastRespects,WaveCrash,AquaJet,Protect|Adamant||M|||50|]Aerodactyl||Aerodactylite|Unnerve|RockSlide,DualWingbeat,Tailwind,IceFang|Jolly||M|||50|]Farigiraf||SitrusBerry|ArmorTail|Psychic,Thunderbolt,TrickRoom,Protect|Bold||F|||50|]Sylveon||FairyFeather|Pixilate|HyperVoice,HyperBeam,QuickAttack,Detect|Modest||M|||50|
|j| Jenny Nencioni
|j| il brule
|j| val16
|j| Tridello
|j| herefallsthedonkey
|j| rovesciaporci
|
|t:|1784627059
|teamsize|p1|4
|teamsize|p2|4
|start
|switch|p1a: Sabotage|Sneasler, L50, F|100/100
|switch|p1b: Quando provo|Tyranitar, L50, F|100/100
|switch|p2a: Basculegion|Basculegion, L50, M|100/100
|switch|p2b: Kingambit|Kingambit, L50, M, shiny|100/100
|-weather|Sandstorm|[from] ability: Sand Stream|[of] p1b: Quando provo
|turn|1
|
|t:|1784627084
|detailschange|p1b: Quando provo|Tyranitar-Mega, L50, F
|-mega|p1b: Quando provo|Tyranitar|Tyranitarite
|move|p1a: Sabotage|Fake Out|p2b: Kingambit
|-resisted|p2b: Kingambit|1
|-damage|p2b: Kingambit|95/100
|move|p1b: Quando provo|Knock Off|p2a: Basculegion
|-supereffective|p2a: Basculegion|1
|-damage|p2a: Basculegion|0 fnt
|-enditem|p2a: Basculegion|Mystic Water|[from] move: Knock Off|[of] p1b: Quando provo
|faint|p2a: Basculegion
|cant|p2b: Kingambit|flinch
|
|-weather|Sandstorm|[upkeep]
|-damage|p1a: Sabotage|93/100|[from] Sandstorm
|upkeep
|
|t:|1784627087
|switch|p2a: Raichu|Raichu, L50, F|100/100
|turn|2
|l| Tridello
|c| rovesciaporci|dov'è il bagno
|c| Jenny Nencioni|Dov'è la mia acqua
|
|t:|1784627110
|switch|p1a: Gervasoni|Excadrill, L50, M|100/100
|detailschange|p2a: Raichu|Raichu-Mega-Y, L50, F
|-mega|p2a: Raichu|Raichu|Raichunite Y
|move|p1b: Quando provo|Protect|p1b: Quando provo
|-singleturn|p1b: Quando provo|Protect
|move|p2a: Raichu|Zap Cannon|p1a: Gervasoni
|-immune|p1a: Gervasoni
|move|p2b: Kingambit|Kowtow Cleave|p1a: Gervasoni
|-damage|p1a: Gervasoni|23/100
|
|-weather|Sandstorm|[upkeep]
|-damage|p2a: Raichu|93/100|[from] Sandstorm
|upkeep
|turn|3
|c|☆Il Mule|male male ragazzi
|c| herefallsthedonkey|troppi switch
|
|t:|1784627142
|switch|p1b: Sidy|Incineroar, L50, F|100/100
|-ability|p1b: Sidy|Intimidate|boost
|-unboost|p2a: Raichu|atk|1
|-unboost|p2b: Kingambit|atk|1
|-ability|p2b: Kingambit|Defiant|boost
|-boost|p2b: Kingambit|atk|2
|move|p1a: Gervasoni|Protect|p1a: Gervasoni
|-singleturn|p1a: Gervasoni|Protect
|move|p2b: Kingambit|Sucker Punch||[still]
|-fail|p2b: Kingambit
|move|p2a: Raichu|Zap Cannon|p1b: Sidy
|-damage|p1b: Sidy|48/100
|-status|p1b: Sidy|par
|-enditem|p1b: Sidy|Sitrus Berry|[eat]
|-heal|p1b: Sidy|72/100 par|[from] item: Sitrus Berry
|
|-weather|Sandstorm|[upkeep]
|-damage|p2a: Raichu|87/100|[from] Sandstorm
|-damage|p1b: Sidy|66/100 par|[from] Sandstorm
|upkeep
|turn|4
|c| herefallsthedonkey|era da tirare cc rock slide
|j| estupinanthepuledr
|c|☆Il Mule|zitto
|c|☆Il Mule|se mi fa fout low lick si va a g10
|
|t:|1784627175
|move|p1b: Sidy|Fake Out|p2b: Kingambit
|-resisted|p2b: Kingambit|1
|-damage|p2b: Kingambit|90/100
|cant|p2b: Kingambit|flinch
|move|p1a: Gervasoni|High Horsepower|p2b: Kingambit
|-supereffective|p2b: Kingambit|1
|-damage|p2b: Kingambit|0 fnt
|faint|p2b: Kingambit
|move|p2a: Raichu|Focus Blast|p1a: Gervasoni
|-supereffective|p1a: Gervasoni|1
|-damage|p1a: Gervasoni|0 fnt
|faint|p1a: Gervasoni
|
|-weather|Sandstorm|[upkeep]
|-damage|p2a: Raichu|81/100|[from] Sandstorm
|-damage|p1b: Sidy|60/100 par|[from] Sandstorm
|upkeep
|c| herefallsthedonkey|dentro exca
|c| herefallsthedonkey|cc cavallo
|c|☆Il Mule|o o cavallo
|c| Jenny Nencioni|G10 eventualità possibile solo nelle bo9 random monotype
|
|t:|1784627195
|switch|p1a: Sabotage|Sneasler, L50, F|93/100
|switch|p2b: Sylveon|Sylveon, L50, M, shiny|100/100
|turn|5
|l| Jenny Nencioni
|
|t:|1784627234
|move|p2a: Raichu|Protect|p2a: Raichu
|-singleturn|p2a: Raichu|Protect
|move|p2b: Sylveon|Detect|p2b: Sylveon
|-singleturn|p2b: Sylveon|Protect
|move|p1a: Sabotage|Close Combat|p2a: Raichu
|-activate|p2a: Raichu|move: Protect
|move|p1b: Sidy|Parting Shot|p2b: Sylveon
|-activate|p2b: Sylveon|move: Protect
|
|-weather|none
|upkeep
|turn|6
|c|☆Il Mule|sarà più lento di  silvioni dopo il cannone?
|c|☆Il Mule|c'ha sotto il cannone
|c| herefallsthedonkey|difficile
|c| herefallsthedonkey|nel senso che è più veloce sneasler
|j| Jenny Nencioni
|
|t:|1784627293
|move|p2a: Raichu|Zap Cannon|p1a: Sabotage
|-damage|p1a: Sabotage|18/100
|-status|p1a: Sabotage|par
|move|p2b: Sylveon|Hyper Voice|p1b: Sidy|[spread] p1a,p1b
|-damage|p1a: Sabotage|0 fnt
|-damage|p1b: Sidy|21/100 par
|faint|p1a: Sabotage
|move|p1b: Sidy|Parting Shot|p2b: Sylveon
|-unboost|p2b: Sylveon|atk|1
|-unboost|p2b: Sylveon|spa|1
|c| herefallsthedonkey|visto
|c|☆Il Mule|e infatti
|
|t:|1784627302
|switch|p1b: Quando provo|Tyranitar-Mega, L50, F|100/100|[from] Parting Shot
|-weather|Sandstorm|[from] ability: Sand Stream|[of] p1b: Quando provo
|
|-weather|Sandstorm|[upkeep]
|-damage|p2a: Raichu|75/100|[from] Sandstorm
|-damage|p2b: Sylveon|93/100|[from] Sandstorm
|upkeep
|
|t:|1784627303
|switch|p1a: Sidy|Incineroar, L50, F|21/100 par
|-ability|p1a: Sidy|Intimidate|boost
|-unboost|p2a: Raichu|atk|1
|-unboost|p2b: Sylveon|atk|1
|turn|7
|c|☆Il Mule|gg ero io
|c| Jenny Nencioni|L'ho capita solo adesso
|
|t:|1784627313
|move|p1a: Sidy|Fake Out|p2a: Raichu
|-damage|p2a: Raichu|58/100
|cant|p2a: Raichu|flinch
|move|p1b: Quando provo|Dragon Dance|p1b: Quando provo
|-boost|p1b: Quando provo|atk|1
|-boost|p1b: Quando provo|spe|1
|move|p2b: Sylveon|Hyper Voice|p1b: Quando provo|[spread] p1a,p1b
|-supereffective|p1b: Quando provo|1
|-damage|p1a: Sidy|0 fnt
|-damage|p1b: Quando provo|70/100
|faint|p1a: Sidy
|
|-weather|Sandstorm|[upkeep]
|-damage|p2a: Raichu|52/100|[from] Sandstorm
|-damage|p2b: Sylveon|87/100|[from] Sandstorm
|upkeep
|turn|8
|c|☆Il Mule|non deterge ed è finita
|
|t:|1784627334
|move|p2a: Raichu|Focus Blast|p1b: Quando provo
|-supereffective|p1b: Quando provo|2
|-damage|p1b: Quando provo|0 fnt
|faint|p1b: Quando provo
|
|win|Lightoz IV
|raw|Il Mule's rating: 1496 → 1471(-25 for losing)
|raw|Lightoz IV's rating: 1415 → 1440(+25 for winning)
|c| val16|Sta piangendo anche il tucumano pereyra
|c|☆Il Mule|gg broder
|l| Jenny Nencioni
|l|☆Il Mule
|player|p1|
|c|☆Lightoz IV|gg
|l| rovesciaporci
|l| val16
|l| il brule
|l| estupinanthepuledr
