|j|☆merr123
|j|☆Urkin' Pincurchin
|html|merr123Urkin' Pincurchin    
|uhtml|bestof|Game 2 of a best-of-3
|t:|1756945653
|gametype|doubles
|player|p1|merr123|sisandbro|1249
|player|p2|Urkin' Pincurchin|fisherman-gen4|1405
|gen|9
|tier|[Gen 9] VGC 2025 Reg H (Bo3)
|rated|
|rule|Species Clause: Limit one of each Pokémon
|rule|Item Clause: Limit 1 of each item
|clearpoke
|poke|p1|Sneasler, L50, F|
|poke|p1|Gholdengo, L50|
|poke|p1|Amoonguss, L50, F|
|poke|p1|Incineroar, L50, F|
|poke|p1|Ursaluna-Bloodmoon, L50, M|
|poke|p1|Farigiraf, L50, M|
|poke|p2|Incineroar, L50, M|
|poke|p2|Rillaboom, L50, M|
|poke|p2|Sneasler, L50, F|
|poke|p2|Maushold-Four, L50|
|poke|p2|Palafin, L50, M|
|poke|p2|Gholdengo, L50|
|teampreview|4
|showteam|p1|Sneasler||ClearAmulet|PoisonTouch|FakeOut,CloseCombat,DireClaw,Protect|||F|||50|,,,,,Water]Gholdengo||MetalCoat|GoodasGold|NastyPlot,MakeItRain,ShadowBall,Protect||||||50|,,,,,Water]Amoonguss||SitrusBerry|Regenerator|Spore,RagePowder,PollenPuff,Protect|||F|||50|,,,,,Water]Incineroar||SafetyGoggles|Intimidate|FakeOut,FlareBlitz,KnockOff,PartingShot|||F|||50|,,,,,Ghost]Ursaluna-Bloodmoon||LifeOrb|MindsEye|CalmMind,EarthPower,BloodMoon,Protect|||M|||50|,,,,,Poison]Farigiraf||MentalHerb|ArmorTail|HyperVoice,Psychic,TrickRoom,Protect|||M|||50|,,,,,Dragon
|showteam|p2|Incineroar||SafetyGoggles|Intimidate|FlareBlitz,KnockOff,FakeOut,PartingShot|||M|||50|,,,,,Ghost]Rillaboom||AssaultVest|GrassySurge|DrumBeating,GrassyGlide,HighHorsepower,FakeOut|||M|||50|,,,,,Fire]Sneasler||FocusSash|Unburden|CloseCombat,DireClaw,Coaching,Protect|||F|||50|,,,,,Stellar]Maushold-Four||WideLens|Technician|PopulationBomb,Protect,FollowMe,Taunt||||||50|,,,,,Ghost]Palafin||MysticWater|ZerotoHero|WaveCrash,JetPunch,Protect,Haze|||M|||50|,,,,,Water]Gholdengo||GrassySeed|GoodasGold|MakeItRain,ShadowBall,Protect,NastyPlot||||||50|,,,,,Water
|inactive|Battle timer is ON: inactive players will automatically lose when time's up. (requested by Urkin' Pincurchin)
|inactive|merr123 also wants the timer to be on.
|inactive|merr123 has 60 seconds left.
|inactive|Urkin' Pincurchin has 60 seconds left.
|inactive|merr123 has 30 seconds left.
|inactive|merr123 has 20 seconds left.
|
|t:|1756945726
|teamsize|p1|4
|teamsize|p2|4
|start
|switch|p1a: Incineroar|Incineroar, L50, F|100/100
|switch|p1b: Farigiraf|Farigiraf, L50, M|100/100
|switch|p2a: Maushold|Maushold-Four, L50|100/100
|switch|p2b: Sneasler|Sneasler, L50, F|100/100
|-ability|p1a: Incineroar|Intimidate|boost
|-unboost|p2a: Maushold|atk|1
|-unboost|p2b: Sneasler|atk|1
|turn|1
|inactive|merr123 has 30 seconds left.
|inactive|Urkin' Pincurchin has 30 seconds left.
|
|t:|1756945753
|-terastallize|p2a: Maushold|Ghost
|move|p1a: Incineroar|Fake Out|p2b: Sneasler
|-damage|p2b: Sneasler|80/100
|cant|p2b: Sneasler|flinch
|move|p2a: Maushold|Population Bomb|p1b: Farigiraf
|-damage|p1b: Farigiraf|95/100
|-damage|p1b: Farigiraf|89/100
|-damage|p1b: Farigiraf|82/100
|-damage|p1b: Farigiraf|76/100
|-damage|p1b: Farigiraf|70/100
|-damage|p1b: Farigiraf|63/100
|-damage|p1b: Farigiraf|57/100
|-damage|p1b: Farigiraf|50/100
|-damage|p1b: Farigiraf|45/100
|-damage|p1b: Farigiraf|38/100
|-hitcount|p1b: Farigiraf|10
|move|p1b: Farigiraf|Trick Room|p1b: Farigiraf
|-fieldstart|move: Trick Room|[of] p1b: Farigiraf
|
|upkeep
|turn|2
|inactive|merr123 has 30 seconds left.
|
|t:|1756945780
|switch|p2b: Gholdengo|Gholdengo, L50|100/100
|move|p2a: Maushold|Protect|p2a: Maushold
|-singleturn|p2a: Maushold|Protect
|move|p1b: Farigiraf|Psychic|p2b: Gholdengo
|-resisted|p2b: Gholdengo
|-damage|p2b: Gholdengo|83/100
|move|p1a: Incineroar|Knock Off|p2a: Maushold
|-activate|p2a: Maushold|move: Protect
|
|upkeep
|turn|3
|
|t:|1756945804
|switch|p1b: Ursaluna|Ursaluna-Bloodmoon, L50, M|100/100
|switch|p2a: Rillaboom|Rillaboom, L50, M|100/100
|-fieldstart|move: Grassy Terrain|[from] ability: Grassy Surge|[of] p2a: Rillaboom
|-enditem|p2b: Gholdengo|Grassy Seed
|-boost|p2b: Gholdengo|def|1|[from] item: Grassy Seed
|move|p1a: Incineroar|Knock Off|p2a: Rillaboom
|-damage|p2a: Rillaboom|51/100
|-enditem|p2a: Rillaboom|Assault Vest|[from] move: Knock Off|[of] p1a: Incineroar
|move|p2b: Gholdengo|Make It Rain|p1b: Ursaluna|[spread] p1a,p1b
|-resisted|p1a: Incineroar
|-damage|p1a: Incineroar|81/100
|-damage|p1b: Ursaluna|56/100
|-unboost|p2b: Gholdengo|spa|1
|
|-heal|p1a: Incineroar|87/100|[from] Grassy Terrain
|-heal|p1b: Ursaluna|62/100|[from] Grassy Terrain
|-heal|p2b: Gholdengo|90/100|[from] Grassy Terrain
|-heal|p2a: Rillaboom|57/100|[from] Grassy Terrain
|upkeep
|turn|4
|inactive|Urkin' Pincurchin has 30 seconds left.
|
|t:|1756945829
|switch|p2a: Maushold|Maushold-Four, L50, tera:Ghost|100/100
|move|p2b: Gholdengo|Protect|p2b: Gholdengo
|-singleturn|p2b: Gholdengo|Protect
|move|p1a: Incineroar|Flare Blitz|p2a: Maushold
|-damage|p2a: Maushold|12/100
|-damage|p1a: Incineroar|65/100|[from] Recoil
|move|p1b: Ursaluna|Calm Mind|p1b: Ursaluna
|-boost|p1b: Ursaluna|spa|1
|-boost|p1b: Ursaluna|spd|1
|
|-heal|p1a: Incineroar|71/100|[from] Grassy Terrain
|-heal|p1b: Ursaluna|68/100|[from] Grassy Terrain
|-heal|p2b: Gholdengo|96/100|[from] Grassy Terrain
|-heal|p2a: Maushold|18/100|[from] Grassy Terrain
|upkeep
|turn|5
|
|t:|1756945843
|move|p2b: Gholdengo|Protect|p2b: Gholdengo
|-singleturn|p2b: Gholdengo|Protect
|move|p2a: Maushold|Protect|p2a: Maushold
|-singleturn|p2a: Maushold|Protect
|move|p1a: Incineroar|Knock Off|p2a: Maushold
|-activate|p2a: Maushold|move: Protect
|move|p1b: Ursaluna|Earth Power|p2b: Gholdengo
|-activate|p2b: Gholdengo|move: Protect
|
|-heal|p1a: Incineroar|77/100|[from] Grassy Terrain
|-heal|p1b: Ursaluna|74/100|[from] Grassy Terrain
|-heal|p2b: Gholdengo|100/100|[from] Grassy Terrain
|-heal|p2a: Maushold|24/100|[from] Grassy Terrain
|-fieldend|move: Trick Room
|upkeep
|turn|6
|
|t:|1756945861
|move|p1b: Ursaluna|Protect|p1b: Ursaluna
|-singleturn|p1b: Ursaluna|Protect
|move|p2a: Maushold|Population Bomb|p1b: Ursaluna
|-activate|p1b: Ursaluna|move: Protect
|move|p2b: Gholdengo|Nasty Plot|p2b: Gholdengo
|-boost|p2b: Gholdengo|spa|2
|move|p1a: Incineroar|Knock Off|p2a: Maushold
|-supereffective|p2a: Maushold
|-damage|p2a: Maushold|0 fnt
|-enditem|p2a: Maushold|Wide Lens|[from] move: Knock Off|[of] p1a: Incineroar
|faint|p2a: Maushold
|
|-heal|p1b: Ursaluna|80/100|[from] Grassy Terrain
|-heal|p1a: Incineroar|83/100|[from] Grassy Terrain
|upkeep
|
|t:|1756945872
|switch|p2a: Sneasler|Sneasler, L50, F|80/100
|turn|7
|inactive|merr123 has 30 seconds left.
|inactive|merr123 has 20 seconds left.
|
|t:|1756945908
|-terastallize|p1b: Ursaluna|Poison
|move|p2a: Sneasler|Close Combat|p1b: Ursaluna
|-resisted|p1b: Ursaluna
|-damage|p1b: Ursaluna|57/100
|-unboost|p2a: Sneasler|def|1
|-unboost|p2a: Sneasler|spd|1
|move|p2b: Gholdengo|Make It Rain|p1b: Ursaluna|[spread] p1a,p1b
|-resisted|p1a: Incineroar
|-damage|p1a: Incineroar|56/100
|-damage|p1b: Ursaluna|12/100
|-unboost|p2b: Gholdengo|spa|1
|move|p1b: Ursaluna|Earth Power|p2b: Gholdengo
|-supereffective|p2b: Gholdengo
|-damage|p2b: Gholdengo|0 fnt
|faint|p2b: Gholdengo
|-damage|p1b: Ursaluna|2/100|[from] item: Life Orb
|move|p1a: Incineroar|Parting Shot|p2a: Sneasler
|-unboost|p2a: Sneasler|atk|1
|-unboost|p2a: Sneasler|spa|1
|-message|Urkin' Pincurchin forfeited.
|
|win|merr123
|raw|merr123's rating: 1249 → 1285(+36 for winning)
|raw|Urkin' Pincurchin's rating: 1405 → 1377(-28 for losing)
