|j|☆namboyVGC
|j|☆piktocat
|html|namboyVGCpiktocat    
|uhtml|bestof|Game 2 of a best-of-3
|t:|1782761307
|gametype|doubles
|player|p1|namboyVGC|pokemonranger-gen4|1000
|player|p2|piktocat|caitlin|1089
|gen|9
|tier|[Gen 9 Champions] VGC 2026 Reg M-B (Bo3)
|rated|
|rule|Species Clause: Limit one of each Pokémon
|rule|Item Clause: Limit 1 of each item
|clearpoke
|poke|p1|Swampert, L50, M|
|poke|p1|Metagross, L50|
|poke|p1|Sinistcha-Masterpiece, L50|
|poke|p1|Archaludon, L50, F|
|poke|p1|Pelipper, L50, M|
|poke|p1|Sableye, L50, F|
|poke|p2|Mawile, L50, M|
|poke|p2|Farigiraf, L50, F|
|poke|p2|Incineroar, L50, F|
|poke|p2|Basculegion, L50, M|
|poke|p2|Sneasler, L50, F|
|poke|p2|Pelipper, L50, M|
|teampreview|4
|showteam|p1|Swampert||Swampertite|Torrent|WaveCrash,HighHorsepower,IcePunch,Protect|Adamant||M|||50|]Metagross||Metagrossite|ClearBody|IronHead,PsychicFangs,BodyPress,Protect|Jolly|||||50|]Sinistcha-Masterpiece||SitrusBerry|Hospitality|MatchaGotcha,LifeDew,TrickRoom,RagePowder|Bold|||||50|]Archaludon||Leftovers|Stamina|DragonPulse,ElectroShot,FlashCannon,Protect|Calm||F|||50|]Pelipper||FocusSash|Drizzle|WeatherBall,Hurricane,Protect,Tailwind|Modest||M|||50|]Sableye||LightClay|Prankster|Quash,LightScreen,Reflect,RainDance|Careful||F|||50|
|showteam|p2|Mawile||Mawilite|HyperCutter|IronHead,PlayRough,SuckerPunch,Protect|Adamant||M|||50|]Farigiraf||SitrusBerry|ArmorTail|HyperVoice,TwinBeam,TrickRoom,HelpingHand|Bold||F|||50|]Incineroar||PasshoBerry|Intimidate|FlareBlitz,ThroatChop,FakeOut,PartingShot|Adamant||F|||50|]Basculegion||MysticWater|Adaptability|WaveCrash,AquaJet,LastRespects,Protect|Adamant||M|||50|]Sneasler||FocusSash|Unburden|DireClaw,CloseCombat,Coaching,Protect|Jolly||F|||50|]Pelipper||LifeOrb|Drizzle|WeatherBall,Hurricane,Tailwind,Protect|Modest||M|||50|
|inactive|Battle timer is ON: inactive players will automatically lose when time's up. (requested by piktocat)
|inactive|namboyVGC has 60 seconds left.
|inactive|piktocat has 60 seconds left.
|
|t:|1782761365
|teamsize|p1|4
|teamsize|p2|4
|start
|switch|p1a: Pelipper|Pelipper, L50, M|100/100
|switch|p1b: Swampert|Swampert, L50, M|100/100
|switch|p2a: Sneasler|Sneasler, L50, F|100/100
|switch|p2b: Farigiraf|Farigiraf, L50, F|100/100
|-weather|RainDance|[from] ability: Drizzle|[of] p1a: Pelipper
|turn|1
|
|t:|1782761388
|switch|p2a: Basculegion|Basculegion, L50, M|100/100
|detailschange|p1b: Swampert|Swampert-Mega, L50, M
|-mega|p1b: Swampert|Swampert|Swampertite
|move|p1b: Swampert|High Horsepower|p2a: Basculegion
|-crit|p2a: Basculegion
|-damage|p2a: Basculegion|21/100
|move|p1a: Pelipper|Weather Ball|p2a: Basculegion
|-resisted|p2a: Basculegion|1
|-damage|p2a: Basculegion|0 fnt
|faint|p2a: Basculegion
|move|p2b: Farigiraf|Trick Room|p2b: Farigiraf
|-fieldstart|move: Trick Room|[of] p2b: Farigiraf
|
|-weather|RainDance|[upkeep]
|upkeep
|
|t:|1782761398
|switch|p2a: Mawile|Mawile, L50, M|100/100
|turn|2
|
|t:|1782761413
|detailschange|p2a: Mawile|Mawile-Mega, L50, M
|-mega|p2a: Mawile|Mawile|Mawilite
|move|p2b: Farigiraf|Helping Hand|p2a: Mawile
|-singleturn|p2a: Mawile|Helping Hand|[of] p2b: Farigiraf
|move|p1a: Pelipper|Protect|p1a: Pelipper
|-singleturn|p1a: Pelipper|Protect
|move|p2a: Mawile|Play Rough|p1b: Swampert
|-damage|p1b: Swampert|0 fnt
|faint|p1b: Swampert
|
|-weather|RainDance|[upkeep]
|upkeep
|
|t:|1782761429
|switch|p1b: Sinistcha|Sinistcha-Masterpiece, L50|100/100
|turn|3
|
|t:|1782761436
|move|p2b: Farigiraf|Hyper Voice|p1a: Pelipper|[spread] p1a
|-immune|p1b: Sinistcha
|-damage|p1a: Pelipper|57/100
|move|p2a: Mawile|Play Rough|p1a: Pelipper
|-damage|p1a: Pelipper|0 fnt
|faint|p1a: Pelipper
|move|p1b: Sinistcha|Matcha Gotcha|p2a: Mawile|[spread] p2a
|-miss|p1b: Sinistcha|p2b: Farigiraf
|-resisted|p2a: Mawile|1
|-crit|p2a: Mawile
|-damage|p2a: Mawile|74/100
|
|-weather|RainDance|[upkeep]
|upkeep
|
|t:|1782761451
|switch|p1a: Archaludon|Archaludon, L50, F|100/100
|turn|4
|
|t:|1782761460
|move|p2b: Farigiraf|Helping Hand|p2a: Mawile
|-singleturn|p2a: Mawile|Helping Hand|[of] p2b: Farigiraf
|move|p1b: Sinistcha|Rage Powder|p1b: Sinistcha
|-singleturn|p1b: Sinistcha|move: Rage Powder
|move|p2a: Mawile|Sucker Punch||[still]
|-fail|p2a: Mawile
|move|p1a: Archaludon|Electro Shot||[still]
|-prepare|p1a: Archaludon|Electro Shot
|-boost|p1a: Archaludon|spa|1
|-anim|p1a: Archaludon|Electro Shot|p2a: Mawile
|-damage|p2a: Mawile|0 fnt
|faint|p2a: Mawile
|
|-weather|RainDance|[upkeep]
|upkeep
|
|t:|1782761469
|switch|p2a: Sneasler|Sneasler, L50, F|100/100
|turn|5
|
|t:|1782761479
|move|p2a: Sneasler|Protect|p2a: Sneasler
|-singleturn|p2a: Sneasler|Protect
|move|p2b: Farigiraf|Twin Beam|p1b: Sinistcha
|-crit|p1b: Sinistcha
|-damage|p1b: Sinistcha|76/100
|-damage|p1b: Sinistcha|60/100
|-hitcount|p1b: Sinistcha|2
|move|p1b: Sinistcha|Matcha Gotcha|p2b: Farigiraf|[spread] p2b
|-activate|p2a: Sneasler|move: Protect
|-damage|p2b: Farigiraf|78/100
|-heal|p1b: Sinistcha|74/100|[from] drain|[of] p2b: Farigiraf
|move|p1a: Archaludon|Electro Shot||[still]
|-prepare|p1a: Archaludon|Electro Shot
|-boost|p1a: Archaludon|spa|1
|-anim|p1a: Archaludon|Electro Shot|p2a: Sneasler
|-activate|p2a: Sneasler|move: Protect
|
|-weather|none
|-fieldend|move: Trick Room
|upkeep
|turn|6
|inactive|namboyVGC has 30 seconds left.
|
|t:|1782761505
|move|p1a: Archaludon|Protect|p1a: Archaludon
|-singleturn|p1a: Archaludon|Protect
|move|p2a: Sneasler|Dire Claw|p1b: Sinistcha
|-damage|p1b: Sinistcha|44/100
|-enditem|p1b: Sinistcha|Sitrus Berry|[eat]
|-heal|p1b: Sinistcha|69/100|[from] item: Sitrus Berry
|move|p2b: Farigiraf|Twin Beam|p1b: Sinistcha
|-damage|p1b: Sinistcha|53/100
|-damage|p1b: Sinistcha|37/100
|-hitcount|p1b: Sinistcha|2
|move|p1b: Sinistcha|Trick Room|p1b: Sinistcha
|-fieldstart|move: Trick Room|[of] p1b: Sinistcha
|
|upkeep
|turn|7
|
|t:|1782761528
|move|p2a: Sneasler|Protect|p2a: Sneasler
|-singleturn|p2a: Sneasler|Protect
|move|p1b: Sinistcha|Matcha Gotcha|p2b: Farigiraf|[spread] p2b
|-activate|p2a: Sneasler|move: Protect
|-damage|p2b: Farigiraf|59/100
|-heal|p1b: Sinistcha|50/100y|[from] drain|[of] p2b: Farigiraf
|move|p1a: Archaludon|Dragon Pulse|p2b: Farigiraf
|-damage|p2b: Farigiraf|0 fnt
|faint|p2b: Farigiraf
|
|upkeep
|turn|8
|-message|piktocat forfeited.
|
|win|namboyVGC
