|j|☆ToastedArt
|j|☆14#coder9
|html|ToastedArt14#coder9    
|uhtml|bestof|Game 2 of a best-of-3
|t:|1785365198
|gametype|doubles
|player|p1|ToastedArt|iris|1127
|player|p2|14#coder9|unknown|1094
|gen|9
|tier|[Gen 9 Champions] VGC 2026 Reg M-B (Bo3)
|rated|
|rule|Species Clause: Limit one of each Pokémon
|rule|Item Clause: Limit 1 of each item
|clearpoke
|poke|p1|Falinks, L50, shiny|
|poke|p1|Gholdengo, L50|
|poke|p1|Sinistcha, L50|
|poke|p1|Grimmsnarl, L50, M|
|poke|p1|Incineroar, L50, M|
|poke|p1|Rotom-Wash, L50|
|poke|p2|Charizard, L50, F, shiny|
|poke|p2|Whimsicott, L50, M, shiny|
|poke|p2|Incineroar, L50, M|
|poke|p2|Garchomp, L50, F, shiny|
|poke|p2|Corviknight, L50, F, shiny|
|poke|p2|Rotom-Wash, L50|
|teampreview|4
|showteam|p1|Falinks||Falinksite|Defiant|NoRetreat,CloseCombat,RockSlide,Protect|Adamant|||||50|]Gholdengo||LifeOrb|GoodasGold|MakeItRain,ShadowBall,NastyPlot,Protect|Modest|||||50|]Sinistcha||CobaBerry|Hospitality|MatchaGotcha,RagePowder,TrickRoom,Protect|Relaxed|||||50|]Grimmsnarl||LightClay|Prankster|SpiritBreak,LightScreen,Reflect,PartingShot|Careful||M|||50|]Incineroar||SitrusBerry|Intimidate|FlareBlitz,Taunt,PartingShot,FakeOut|Careful||M|||50|]Rotom-Wash||ChoiceScarf|Levitate|Electroweb,VoltSwitch,HydroPump,WillOWisp|Timid|||||50|
|showteam|p2|Charizard||CharizarditeY|Blaze|HeatWave,Overheat,SolarBeam,Protect|Modest||F|||50|]Whimsicott||FocusSash|Prankster|SunnyDay,Tailwind,Moonblast,Encore|Timid||M|||50|]Incineroar||ChopleBerry|Intimidate|FlareBlitz,PartingShot,FakeOut,ThroatChop|Careful||M|||50|]Garchomp||ChoiceScarf|RoughSkin|RockSlide,DragonClaw,Earthquake,StompingTantrum|Adamant||F|||50|]Corviknight||Leftovers|MirrorArmor|BraveBird,BodyPress,BulkUp,Roost|Impish||F|||50|]Rotom-Wash||SitrusBerry|Levitate|HydroPump,VoltSwitch,WillOWisp,Electroweb|Bold|||||50|
|inactive|Battle timer is ON: inactive players will automatically lose when time's up. (requested by ToastedArt)
|inactive|14#coder9 has 60 seconds left.
|
|t:|1785365239
|teamsize|p1|4
|teamsize|p2|4
|start
|switch|p1a: Grimmsnarl|Grimmsnarl, L50, M|100/100
|switch|p1b: Falinks|Falinks, L50, shiny|100/100
|switch|p2a: Rotom|Rotom-Wash, L50|100/100
|switch|p2b: Garchomp|Garchomp, L50, F, shiny|100/100
|turn|1
|inactive|ToastedArt has 30 seconds left.
|inactive|14#coder9 has 30 seconds left.
|
|t:|1785365268
|switch|p1b: Rotom|Rotom-Wash, L50|100/100
|move|p1a: Grimmsnarl|Reflect|p1a: Grimmsnarl
|-sidestart|p1: ToastedArt|Reflect
|move|p2b: Garchomp|Earthquake|p1a: Grimmsnarl|[spread] p1a
|-immune|p2a: Rotom|[from] ability: Levitate
|-immune|p1b: Rotom|[from] ability: Levitate
|-damage|p1a: Grimmsnarl|70/100
|move|p2a: Rotom|Will-O-Wisp|p1b: Rotom
|-status|p1b: Rotom|brn
|
|-damage|p1b: Rotom|93/100 brn|[from] brn
|upkeep
|turn|2
|
|t:|1785365293
|switch|p2b: Incineroar|Incineroar, L50, M|100/100
|-ability|p2b: Incineroar|Intimidate|boost
|-unboost|p1a: Grimmsnarl|atk|1
|-unboost|p1b: Rotom|atk|1
|move|p1a: Grimmsnarl|Parting Shot|p2a: Rotom
|-unboost|p2a: Rotom|atk|1
|-unboost|p2a: Rotom|spa|1
|
|t:|1785365300
|switch|p1a: Sinistcha|Sinistcha, L50|100/100|[from] Parting Shot
|-heal|p1b: Rotom|100/100 brn|[from] ability: Hospitality|[of] p1a: Sinistcha
|move|p1b: Rotom|Will-O-Wisp|p2b: Incineroar
|-immune|p2b: Incineroar
|move|p2a: Rotom|Volt Switch|p1b: Rotom
|-damage|p1b: Rotom|79/100 brn
|
|t:|1785365313
|switch|p2a: Charizard|Charizard, L50, F, shiny|100/100|[from] Volt Switch
|
|-damage|p1b: Rotom|73/100 brn|[from] brn
|upkeep
|turn|3
|inactive|14#coder9 has 30 seconds left.
|inactive|14#coder9 has 20 seconds left.
|
|t:|1785365350
|switch|p1b: Grimmsnarl|Grimmsnarl, L50, M|70/100
|detailschange|p2a: Charizard|Charizard-Mega-Y, L50, F, shiny
|-mega|p2a: Charizard|Charizard|Charizardite Y
|-weather|SunnyDay|[from] ability: Drought|[of] p2a: Charizard
|move|p1a: Sinistcha|Protect|p1a: Sinistcha
|-singleturn|p1a: Sinistcha|Protect
|move|p2a: Charizard|Solar Beam||[still]
|-prepare|p2a: Charizard|Solar Beam
|-anim|p2a: Charizard|Solar Beam|p1b: Grimmsnarl
|-damage|p1b: Grimmsnarl|27/100
|move|p2b: Incineroar|Parting Shot|p1a: Sinistcha
|-activate|p1a: Sinistcha|move: Protect
|
|-weather|SunnyDay|[upkeep]
|upkeep
|turn|4
|inactive|14#coder9 has 30 seconds left.
|
|t:|1785365378
|switch|p1a: Falinks|Falinks, L50, shiny|100/100
|move|p1b: Grimmsnarl|Light Screen|p1b: Grimmsnarl
|-sidestart|p1: ToastedArt|move: Light Screen
|move|p2a: Charizard|Heat Wave|p1b: Grimmsnarl|[spread] p1a,p1b
|-damage|p1a: Falinks|40/100
|-damage|p1b: Grimmsnarl|0 fnt
|faint|p1b: Grimmsnarl
|move|p2b: Incineroar|Throat Chop|p1a: Falinks
|-resisted|p1a: Falinks|1
|-damage|p1a: Falinks|25/100
|-start|p1a: Falinks|Throat Chop|[silent]
|
|-weather|SunnyDay|[upkeep]
|upkeep
|
|t:|1785365386
|switch|p1b: Sinistcha|Sinistcha, L50|100/100
|-heal|p1a: Falinks|50/100g|[from] ability: Hospitality|[of] p1b: Sinistcha
|turn|5
|
|t:|1785365408
|switch|p2b: Garchomp|Garchomp, L50, F, shiny|100/100
|detailschange|p1a: Falinks|Falinks-Mega, L50, shiny
|-mega|p1a: Falinks|Falinks|Falinksite
|move|p2a: Charizard|Protect|p2a: Charizard
|-singleturn|p2a: Charizard|Protect
|move|p1b: Sinistcha|Rage Powder|p1b: Sinistcha
|-singleturn|p1b: Sinistcha|move: Rage Powder
|move|p1a: Falinks|Rock Slide|p2b: Garchomp|[spread] p2b
|-activate|p2a: Charizard|move: Protect
|-resisted|p2b: Garchomp|1
|-damage|p2b: Garchomp|90/100
|
|-weather|SunnyDay|[upkeep]
|-end|p1a: Falinks|Throat Chop|[silent]
|upkeep
|turn|6
|inactive|14#coder9 has 30 seconds left.
|inactive|14#coder9 has 20 seconds left.
|
|t:|1785365444
|switch|p2a: Rotom|Rotom-Wash, L50|100/100
|switch|p1b: Rotom|Rotom-Wash, L50|73/100 brn
|move|p2b: Garchomp|Rock Slide|p1b: Rotom|[spread] p1b
|-miss|p2b: Garchomp|p1a: Falinks
|-damage|p1b: Rotom|58/100 brn
|move|p1a: Falinks|Rock Slide|p2a: Rotom|[spread] p2a
|-miss|p1a: Falinks|p2b: Garchomp
|-damage|p2a: Rotom|80/100
|
|-weather|SunnyDay|[upkeep]
|-damage|p1b: Rotom|52/100 brn|[from] brn
|upkeep
|turn|7
|
|t:|1785365463
|move|p2b: Garchomp|Rock Slide|p1b: Rotom|[spread] p1a,p1b
|-resisted|p1a: Falinks|1
|-damage|p1a: Falinks|44/100
|-damage|p1b: Rotom|35/100 brn
|cant|p1b: Rotom|flinch
|cant|p1a: Falinks|flinch
|move|p2a: Rotom|Will-O-Wisp|p1a: Falinks
|-status|p1a: Falinks|brn
|
|-weather|none
|-damage|p1b: Rotom|29/100 brn|[from] brn
|-damage|p1a: Falinks|38/100 brn|[from] brn
|upkeep
|turn|8
|-message|ToastedArt forfeited.
|
|win|14#coder9
