|j|☆Capravolante97
|j|☆damage77
|html|Capravolante97damage77    
|uhtml|bestof|Game 2 of a best-of-3
|t:|1756298804
|gametype|doubles
|player|p1|Capravolante97|fantina|1391
|player|p2|damage77|ash|1433
|gen|9
|tier|[Gen 9] VGC 2025 Reg H (Bo3)
|rated|
|rule|Species Clause: Limit one of each Pokémon
|rule|Item Clause: Limit 1 of each item
|clearpoke
|poke|p1|Whimsicott, L50, F|
|poke|p1|Meowscarada, L50, M|
|poke|p1|Indeedee, L50, M|
|poke|p1|Sneasler, L50, F|
|poke|p1|Ursaluna-Bloodmoon, L50, M|
|poke|p1|Archaludon, L50, M|
|poke|p2|Ninetales-Alola, L50, F|
|poke|p2|Gholdengo, L50|
|poke|p2|Dragonite, L50, F|
|poke|p2|Annihilape, L50, F|
|poke|p2|Ursaluna-Bloodmoon, L50, M|
|poke|p2|Incineroar, L50, F|
|teampreview|4
|showteam|p1|Whimsicott||CovertCloak|Prankster|Moonblast,Taunt,Tailwind,FakeTears|||F|||50|,,,,,Water]Meowscarada||ChoiceBand|Protean|FlowerTrick,TripleAxel,Uturn,KnockOff|||M|||50|,,,,,Ghost]Indeedee||FocusSash|PsychicSurge|ExpandingForce,TeraBlast,Imprison,TrickRoom|||M|||50|,,,,,Psychic]Sneasler||PsychicSeed|Unburden|CloseCombat,DireClaw,ThroatChop,Protect|||F|||50|,,,,,Dark]Ursaluna-Bloodmoon||LifeOrb|MindsEye|HyperVoice,BloodMoon,EarthPower,Protect|||M|||50|,,,,,Normal]Archaludon||PowerHerb|Stalwart|ElectroShot,DragonPulse,Thunderbolt,Protect|||M|||50|,,,,,Electric
|showteam|p2|Ninetales-Alola||LightClay|SnowWarning|IcicleSpear,Blizzard,AuroraVeil,IcyWind|||F|||50|,,,,,Ghost]Gholdengo||ChoiceScarf|GoodasGold|MakeItRain,ShadowBall,Trick,NastyPlot||||||50|,,,,,Steel]Dragonite||LoadedDice|Multiscale|ScaleShot,ExtremeSpeed,Protect,Haze|||F|||50|,,,,,Normal]Annihilape||SafetyGoggles|Defiant|DrainPunch,RageFist,BulkUp,Protect|||F|||50|,,,,,Fire]Ursaluna-Bloodmoon||AssaultVest|MindsEye|BloodMoon,HyperVoice,EarthPower,VacuumWave|||M|||50|,,,,,Water]Incineroar||SitrusBerry|Intimidate|FakeOut,FlareBlitz,KnockOff,PartingShot|||F|||50|,,,,,Ghost
|inactive|Battle timer is ON: inactive players will automatically lose when time's up. (requested by Capravolante97)
|inactive|damage77 has 60 seconds left.
|
|t:|1756298843
|teamsize|p1|4
|teamsize|p2|4
|start
|switch|p1a: Whimsicott|Whimsicott, L50, F|100/100
|switch|p1b: Ursaluna|Ursaluna-Bloodmoon, L50, M|100/100
|switch|p2a: Ninetales|Ninetales-Alola, L50, F|100/100
|switch|p2b: Ursaluna|Ursaluna-Bloodmoon, L50, M|100/100
|-weather|Snowscape|[from] ability: Snow Warning|[of] p2a: Ninetales
|turn|1
|inactive|Capravolante97 has 30 seconds left.
|inactive|damage77 has 30 seconds left.
|inactive|Capravolante97 has 20 seconds left.
|inactive|damage77 has 20 seconds left.
|
|t:|1756298882
|-terastallize|p1a: Whimsicott|Water
|move|p1b: Ursaluna|Protect|p1b: Ursaluna
|-singleturn|p1b: Ursaluna|Protect
|move|p1a: Whimsicott|Taunt|p2a: Ninetales
|-start|p2a: Ninetales|move: Taunt
|cant|p2a: Ninetales|move: Taunt|Aurora Veil
|move|p2b: Ursaluna|Blood Moon|p1a: Whimsicott
|-damage|p1a: Whimsicott|6/100
|
|-weather|Snowscape|[upkeep]
|upkeep
|turn|2
|inactive|damage77 has 30 seconds left.
|
|t:|1756298911
|move|p1a: Whimsicott|Tailwind|p1a: Whimsicott
|-sidestart|p1: Capravolante97|move: Tailwind
|move|p1b: Ursaluna|Blood Moon|p2a: Ninetales
|-damage|p2a: Ninetales|0 fnt
|faint|p2a: Ninetales
|-damage|p1b: Ursaluna|91/100|[from] item: Life Orb
|move|p2b: Ursaluna|Earth Power|p1b: Ursaluna
|-damage|p1b: Ursaluna|23/100
|
|-weather|Snowscape|[upkeep]
|upkeep
|
|t:|1756298928
|switch|p2a: Gholdengo|Gholdengo, L50|100/100
|turn|3
|inactive|Capravolante97 has 30 seconds left.
|
|t:|1756298967
|switch|p1a: Indeedee|Indeedee, L50, M|100/100
|-fieldstart|move: Psychic Terrain|[from] ability: Psychic Surge|[of] p1a: Indeedee
|move|p2b: Ursaluna|Vacuum Wave|p1b: Ursaluna
|-activate|p1b: Ursaluna|move: Psychic Terrain
|move|p1b: Ursaluna|Earth Power|p2a: Gholdengo
|-supereffective|p2a: Gholdengo
|-damage|p2a: Gholdengo|0 fnt
|faint|p2a: Gholdengo
|-damage|p1b: Ursaluna|13/100|[from] item: Life Orb
|
|-weather|Snowscape|[upkeep]
|upkeep
|
|t:|1756298974
|switch|p2a: Dragonite|Dragonite, L50, F|100/100
|turn|4
|
|t:|1756298991
|move|p1a: Indeedee|Expanding Force|p2b: Ursaluna|[spread] p2a,p2b
|-damage|p2a: Dragonite|74/100
|-damage|p2b: Ursaluna|69/100
|move|p1b: Ursaluna|Blood Moon|p2b: Ursaluna
|-damage|p2b: Ursaluna|6/100
|-damage|p1b: Ursaluna|4/100|[from] item: Life Orb
|move|p2a: Dragonite|Scale Shot|p1a: Indeedee
|-damage|p1a: Indeedee|70/100
|-damage|p1a: Indeedee|41/100
|-damage|p1a: Indeedee|9/100
|-damage|p1a: Indeedee|0 fnt
|faint|p1a: Indeedee
|-hitcount|p1: Indeedee|4
|-unboost|p2a: Dragonite|def|1
|-boost|p2a: Dragonite|spe|1
|move|p2b: Ursaluna|Hyper Voice|p1b: Ursaluna
|-damage|p1b: Ursaluna|0 fnt
|faint|p1b: Ursaluna
|
|-weather|Snowscape|[upkeep]
|upkeep
|
|t:|1756299001
|switch|p1a: Meowscarada|Meowscarada, L50, M|100/100
|switch|p1b: Whimsicott|Whimsicott, L50, F, tera:Water|6/100
|turn|5
|inactive|damage77 has 30 seconds left.
|inactive|damage77 has 20 seconds left.
|inactive|damage77 has 15 seconds left.
|
|t:|1756299046
|move|p2a: Dragonite|Protect|p2a: Dragonite
|-singleturn|p2a: Dragonite|Protect
|move|p1a: Meowscarada|Knock Off|p2a: Dragonite
|-start|p1a: Meowscarada|typechange|Dark|[from] ability: Protean
|-activate|p2a: Dragonite|move: Protect
|move|p1b: Whimsicott|Moonblast|p2b: Ursaluna
|-damage|p2b: Ursaluna|0 fnt
|faint|p2b: Ursaluna
|
|-weather|none
|-sideend|p1: Capravolante97|move: Tailwind
|upkeep
|turn|6
|
|t:|1756299068
|move|p1b: Whimsicott|Tailwind|p1b: Whimsicott
|-sidestart|p1: Capravolante97|move: Tailwind
|move|p1a: Meowscarada|Knock Off|p2a: Dragonite
|-damage|p2a: Dragonite|0 fnt
|-enditem|p2a: Dragonite|Loaded Dice|[from] move: Knock Off|[of] p1a: Meowscarada
|faint|p2a: Dragonite
|
|win|Capravolante97
|raw|Capravolante97's rating: 1391 → 1413(+22 for winning)
|raw|damage77's rating: 1433 → 1411(-22 for losing)
