|j|☆teamfollower
|j|☆blazikenisgoated
|html|teamfollowerblazikenisgoated    
|uhtml|bestof|Game 2 of a best-of-3
|t:|1783831534
|gametype|doubles
|player|p1|teamfollower|cheren|1235
|player|p2|blazikenisgoated|169|1225
|gen|9
|tier|[Gen 9 Champions] VGC 2026 Reg M-B (Bo3)
|rated|
|rule|Species Clause: Limit one of each Pokémon
|rule|Item Clause: Limit 1 of each item
|clearpoke
|poke|p1|Froslass, L50, F|
|poke|p1|Dragonite, L50, F|
|poke|p1|Toxapex, L50, M|
|poke|p1|Sneasler, L50, F|
|poke|p1|Kingambit, L50, F|
|poke|p1|Blaziken, L50, F|
|poke|p2|Staraptor, L50, F|
|poke|p2|Whimsicott, L50, M|
|poke|p2|Ceruledge, L50, M|
|poke|p2|Farigiraf, L50, M|
|poke|p2|Garchomp, L50, M|
|poke|p2|Metagross, L50|
|teampreview|4
|showteam|p1|Froslass||Froslassite|CursedBody|Blizzard,ShadowBall,AuroraVeil,Protect|Timid||F|||50|]Dragonite||LifeOrb|InnerFocus|DragonClaw,ExtremeSpeed,LowKick,Protect|Adamant||F|||50|]Toxapex||Leftovers|Regenerator|Infestation,Toxic,WideGuard,BanefulBunker|Bold||M|||50|]Sneasler||FocusSash|PoisonTouch|PoisonJab,CloseCombat,FakeOut,Protect|Jolly||F|||50|]Kingambit||BlackGlasses|Defiant|KowtowCleave,IronHead,SuckerPunch,Protect|Adamant||F|||50|]Blaziken||Blazikenite|SpeedBoost|FlareBlitz,CloseCombat,RockSlide,Protect|Adamant||F|||50|
|showteam|p2|Staraptor||Staraptite|Intimidate|BraveBird,CloseCombat,Roost,Protect|Jolly||F|||50|]Whimsicott||FocusSash|Prankster|Charm,Tailwind,Moonblast,Encore|Timid||M|||50|]Ceruledge||ColburBerry|FlashFire|BitterBlade,ShadowSneak,BulkUp,Protect|Adamant||M|||50|]Farigiraf||SitrusBerry|ArmorTail|TrickRoom,HelpingHand,Psychic,Thunderbolt|Calm||M|||50|]Garchomp||LifeOrb|RoughSkin|DragonClaw,StompingTantrum,RockSlide,Protect|Jolly||M|||50|]Metagross||Metagrossite|ClearBody|PsychicFangs,MeteorMash,StompingTantrum,Protect|Adamant|||||50|
|inactive|Battle timer is ON: inactive players will automatically lose when time's up. (requested by teamfollower)
|
|t:|1783831562
|teamsize|p1|4
|teamsize|p2|4
|start
|switch|p1a: Froslass|Froslass, L50, F|100/100
|switch|p1b: Kingambit|Kingambit, L50, F|100/100
|switch|p2a: Metagross|Metagross, L50|100/100
|switch|p2b: Whimsicott|Whimsicott, L50, M|100/100
|turn|1
|inactive|teamfollower has 30 seconds left.
|inactive|teamfollower has 20 seconds left.
|inactive|teamfollower has 15 seconds left.
|inactive|teamfollower has 10 seconds left.
|
|t:|1783831610
|switch|p1a: Toxapex|Toxapex, L50, M|100/100
|move|p2a: Metagross|Protect|p2a: Metagross
|-singleturn|p2a: Metagross|Protect
|move|p2b: Whimsicott|Tailwind|p2b: Whimsicott
|-sidestart|p2: blazikenisgoated|move: Tailwind
|move|p1b: Kingambit|Kowtow Cleave|p2a: Metagross
|-activate|p2a: Metagross|move: Protect
|
|upkeep
|turn|2
|inactive|blazikenisgoated has 30 seconds left.
|
|t:|1783831642
|switch|p2a: Garchomp|Garchomp, L50, M|100/100
|move|p1a: Toxapex|Baneful Bunker|p1a: Toxapex
|-singleturn|p1a: Toxapex|move: Protect
|move|p2b: Whimsicott|Moonblast|p1b: Kingambit
|-damage|p1b: Kingambit|66/100
|move|p1b: Kingambit|Kowtow Cleave|p2a: Garchomp
|-damage|p2a: Garchomp|33/100
|-damage|p1b: Kingambit|54/100|[from] ability: Rough Skin|[of] p2a: Garchomp
|
|upkeep
|turn|3
|
|t:|1783831660
|switch|p1a: Blaziken|Blaziken, L50, F|100/100
|move|p2b: Whimsicott|Encore||[still]
|-fail|p2b: Whimsicott
|move|p1b: Kingambit|Sucker Punch|p2a: Garchomp
|-damage|p2a: Garchomp|0 fnt
|-damage|p1b: Kingambit|42/100|[from] ability: Rough Skin|[of] p2a: Garchomp
|faint|p2a: Garchomp
|
|upkeep
|
|t:|1783831673
|switch|p2a: Ceruledge|Ceruledge, L50, M|100/100
|turn|4
|inactive|teamfollower has 30 seconds left.
|inactive|teamfollower has 20 seconds left.
|inactive|teamfollower has 15 seconds left.
|
|t:|1783831715
|move|p1b: Kingambit|Sucker Punch|p2a: Ceruledge
|-supereffective|p2a: Ceruledge|1
|-enditem|p2a: Ceruledge|Colbur Berry|[eat]
|-enditem|p2a: Ceruledge|Colbur Berry|[weaken]
|-damage|p2a: Ceruledge|39/100
|move|p2b: Whimsicott|Moonblast|p1a: Blaziken
|-damage|p1a: Blaziken|51/100
|move|p2a: Ceruledge|Bitter Blade|p1b: Kingambit
|-supereffective|p1b: Kingambit|1
|-damage|p1b: Kingambit|0 fnt
|-heal|p2a: Ceruledge|63/100|[from] drain|[of] p1b: Kingambit
|faint|p1b: Kingambit
|move|p1a: Blaziken|Rock Slide|p2b: Whimsicott|[spread] p2a,p2b
|-supereffective|p2a: Ceruledge|1
|-damage|p2a: Ceruledge|21/100
|-damage|p2b: Whimsicott|72/100
|
|-sideend|p2: blazikenisgoated|move: Tailwind
|-ability|p1a: Blaziken|Speed Boost|boost
|-boost|p1a: Blaziken|spe|1
|upkeep
|
|t:|1783831729
|switch|p1b: Toxapex|Toxapex, L50, M|100/100
|turn|5
|
|t:|1783831742
|move|p2b: Whimsicott|Charm|p1a: Blaziken
|-unboost|p1a: Blaziken|atk|2
|move|p2a: Ceruledge|Shadow Sneak|p1a: Blaziken
|-damage|p1a: Blaziken|20/100y
|move|p1a: Blaziken|Rock Slide|p2b: Whimsicott|[spread] p2a,p2b
|-supereffective|p2a: Ceruledge|1
|-damage|p2a: Ceruledge|0 fnt
|-damage|p2b: Whimsicott|59/100
|faint|p2a: Ceruledge
|move|p1b: Toxapex|Infestation|p2b: Whimsicott
|-damage|p2b: Whimsicott|54/100
|-activate|p2b: Whimsicott|move: Infestation|[of] p1b: Toxapex
|
|-damage|p2b: Whimsicott|41/100|[from] move: Infestation|[partiallytrapped]
|-ability|p1a: Blaziken|Speed Boost|boost
|-boost|p1a: Blaziken|spe|1
|upkeep
|
|t:|1783831751
|switch|p2a: Metagross|Metagross, L50|100/100
|turn|6
|
|t:|1783831775
|detailschange|p2a: Metagross|Metagross-Mega, L50
|-mega|p2a: Metagross|Metagross|Metagrossite
|move|p2b: Whimsicott|Encore|p1a: Blaziken
|-start|p1a: Blaziken|Encore
|move|p1a: Blaziken|Rock Slide|p2b: Whimsicott|[spread] p2a,p2b
|-resisted|p2a: Metagross|1
|-damage|p2a: Metagross|96/100
|-damage|p2b: Whimsicott|27/100
|cant|p2a: Metagross|flinch
|move|p1b: Toxapex|Infestation|p2a: Metagross
|-damage|p2a: Metagross|93/100
|-activate|p2a: Metagross|move: Infestation|[of] p1b: Toxapex
|
|-damage|p2b: Whimsicott|14/100|[from] move: Infestation|[partiallytrapped]
|-damage|p2a: Metagross|81/100|[from] move: Infestation|[partiallytrapped]
|-ability|p1a: Blaziken|Speed Boost|boost
|-boost|p1a: Blaziken|spe|1
|upkeep
|turn|7
|
|t:|1783831793
|move|p2b: Whimsicott|Tailwind|p2b: Whimsicott
|-sidestart|p2: blazikenisgoated|move: Tailwind
|move|p1a: Blaziken|Rock Slide|p2a: Metagross|[spread] p2a,p2b
|-resisted|p2a: Metagross|1
|-damage|p2a: Metagross|77/100
|-damage|p2b: Whimsicott|1/100
|move|p2a: Metagross|Psychic Fangs|p1a: Blaziken
|-supereffective|p1a: Blaziken|1
|-damage|p1a: Blaziken|0 fnt
|faint|p1a: Blaziken
|move|p1b: Toxapex|Infestation|p2a: Metagross
|-damage|p2a: Metagross|74/100
|
|-damage|p2b: Whimsicott|0 fnt|[from] move: Infestation|[partiallytrapped]
|faint|p2b: Whimsicott
|-damage|p2a: Metagross|62/100|[from] move: Infestation|[partiallytrapped]
|upkeep
|
|t:|1783831807
|switch|p1a: Froslass|Froslass, L50, F|100/100
|turn|8
|
|t:|1783831813
|detailschange|p1a: Froslass|Froslass-Mega, L50, F
|-mega|p1a: Froslass|Froslass|Froslassite
|-weather|Snowscape|[from] ability: Snow Warning|[of] p1a: Froslass
|move|p1a: Froslass|Protect|p1a: Froslass
|-singleturn|p1a: Froslass|Protect
|move|p1b: Toxapex|Baneful Bunker|p1b: Toxapex
|-singleturn|p1b: Toxapex|move: Protect
|move|p2a: Metagross|Meteor Mash|p1a: Froslass
|-activate|p1a: Froslass|move: Protect
|
|-weather|Snowscape|[upkeep]
|-damage|p2a: Metagross|50/100g|[from] move: Infestation|[partiallytrapped]
|upkeep
|turn|9
|
|t:|1783831828
|move|p2a: Metagross|Meteor Mash|p1a: Froslass
|-supereffective|p1a: Froslass|1
|-damage|p1a: Froslass|0 fnt
|faint|p1a: Froslass
|move|p1b: Toxapex|Infestation|p2a: Metagross
|-damage|p2a: Metagross|47/100
|
|-weather|Snowscape|[upkeep]
|-damage|p2a: Metagross|35/100|[from] move: Infestation|[partiallytrapped]
|upkeep
|turn|10
|
|t:|1783831836
|move|p1b: Toxapex|Baneful Bunker|p1b: Toxapex
|-singleturn|p1b: Toxapex|move: Protect
|move|p2a: Metagross|Psychic Fangs|p1b: Toxapex
|-activate|p1b: Toxapex|move: Protect
|
|-weather|Snowscape|[upkeep]
|-end|p2a: Metagross|Infestation|[partiallytrapped]
|-sideend|p2: blazikenisgoated|move: Tailwind
|upkeep
|turn|11
|c|☆blazikenisgoated|gg
|
|t:|1783831845
|move|p2a: Metagross|Psychic Fangs|p1b: Toxapex
|-supereffective|p1b: Toxapex|1
|-damage|p1b: Toxapex|15/100
|move|p1b: Toxapex|Infestation|p2a: Metagross
|-damage|p2a: Metagross|32/100
|-activate|p2a: Metagross|move: Infestation|[of] p1b: Toxapex
|
|-weather|Snowscape|[upkeep]
|-heal|p1b: Toxapex|21/100|[from] item: Leftovers
|-damage|p2a: Metagross|19/100|[from] move: Infestation|[partiallytrapped]
|upkeep
|turn|12
|
|t:|1783831854
|move|p2a: Metagross|Protect|p2a: Metagross
|-singleturn|p2a: Metagross|Protect
|move|p1b: Toxapex|Baneful Bunker||[still]
|-fail|p1b: Toxapex
|
|-weather|none
|-heal|p1b: Toxapex|27/100|[from] item: Leftovers
|-damage|p2a: Metagross|7/100|[from] move: Infestation|[partiallytrapped]
|upkeep
|turn|13
|c|☆teamfollower|why u throw
|c|☆blazikenisgoated|i threw
|c|☆blazikenisgoated|gg
|c|☆teamfollower|yea now its Gg LMAOOO
|inactive|teamfollower has 30 seconds left.
|
|t:|1783831879
|move|p1b: Toxapex|Baneful Bunker|p1b: Toxapex
|-singleturn|p1b: Toxapex|move: Protect
|move|p2a: Metagross|Psychic Fangs|p1b: Toxapex
|-activate|p1b: Toxapex|move: Protect
|
|-heal|p1b: Toxapex|33/100|[from] item: Leftovers
|-damage|p2a: Metagross|0 fnt|[from] move: Infestation|[partiallytrapped]
|faint|p2a: Metagross
|
|win|teamfollower
|raw|teamfollower's rating: 1235 → 1259(+24 for winning)
|raw|blazikenisgoated's rating: 1225 → 1201(-24 for losing)
|l|☆blazikenisgoated
|player|p2|
|c|☆teamfollower|nice ego u had
