|j|☆harpdog
|j|☆ToastedArt
|html|harpdogToastedArt    
|uhtml|bestof|Game 2 of a best-of-3
|t:|1785292052
|gametype|doubles
|player|p1|harpdog|170|1090
|player|p2|ToastedArt|iris|1134
|gen|9
|tier|[Gen 9 Champions] VGC 2026 Reg M-B (Bo3)
|rated|
|rule|Species Clause: Limit one of each Pokémon
|rule|Item Clause: Limit 1 of each item
|clearpoke
|poke|p1|Blastoise, L50, M|
|poke|p1|Lycanroc-Dusk, L50, F|
|poke|p1|Sylveon, L50, M|
|poke|p1|Sinistcha-Masterpiece, L50|
|poke|p1|Delphox, L50, F|
|poke|p1|Whimsicott, L50, M|
|poke|p2|Falinks, L50, shiny|
|poke|p2|Kingambit, L50, F|
|poke|p2|Sneasler, L50, F|
|poke|p2|Sinistcha, L50, shiny|
|poke|p2|Azumarill, L50, F|
|poke|p2|Ninetales-Alola, L50, F, shiny|
|teampreview|4
|showteam|p1|Blastoise||Blastoisinite|Torrent|MuddyWater,AuraSphere,DarkPulse,Protect|Modest||M|||50|]Lycanroc-Dusk||FocusSash|ToughClaws|Accelerock,RockSlide,CloseCombat,Protect|Jolly||F|||50|]Sylveon||FairyFeather|Pixilate|HyperVoice,QuickAttack,Yawn,Detect|Modest||M|||50|]Sinistcha-Masterpiece||ColburBerry|Hospitality|MatchaGotcha,TrickRoom,RagePowder,Protect|Sassy|||||50|]Delphox||Delphoxite|Blaze|HeatWave,Psychic,Encore,Protect|Modest||F|||50|]Whimsicott||OccaBerry|Prankster|EnergyBall,Moonblast,HelpingHand,Tailwind|Modest||M|||50|
|showteam|p2|Falinks||Falinksite|Defiant|NoRetreat,CloseCombat,RockSlide,Protect|Adamant|||||50|]Kingambit||BlackGlasses|Defiant|KowtowCleave,SuckerPunch,SwordsDance,Protect|Adamant||F|||50|]Sneasler||LifeOrb|PoisonTouch|PoisonJab,CloseCombat,FakeOut,Coaching|Adamant||F|||50|]Sinistcha||ColburBerry|Hospitality|MatchaGotcha,RagePowder,TrickRoom,Protect|Bold|||||50|]Azumarill||SitrusBerry|HugePower|BellyDrum,AquaJet,KnockOff,Protect|Adamant||F|||50|]Ninetales-Alola||ChoiceScarf|SnowWarning|Blizzard,FreezeDry,IcyWind,AuroraVeil|Modest||F|||50|
|inactive|Battle timer is ON: inactive players will automatically lose when time's up. (requested by ToastedArt)
|inactive|harpdog has 60 seconds left.
|
|t:|1785292100
|teamsize|p1|4
|teamsize|p2|4
|start
|switch|p1a: Lycanroc|Lycanroc-Dusk, L50, F|100/100
|switch|p1b: Delphox|Delphox, L50, F|100/100
|switch|p2a: Azumarill|Azumarill, L50, F|100/100
|switch|p2b: Ninetales|Ninetales-Alola, L50, F, shiny|100/100
|-weather|Snowscape|[from] ability: Snow Warning|[of] p2b: Ninetales
|turn|1
|
|t:|1785292114
|detailschange|p1b: Delphox|Delphox-Mega, L50, F
|-mega|p1b: Delphox|Delphox|Delphoxite
|move|p2b: Ninetales|Aurora Veil|p2b: Ninetales
|-sidestart|p2: ToastedArt|move: Aurora Veil
|move|p1b: Delphox|Psychic|p2a: Azumarill
|-damage|p2a: Azumarill|62/100
|move|p1a: Lycanroc|Rock Slide|p2a: Azumarill|[spread] p2a,p2b
|-supereffective|p2b: Ninetales|1
|-damage|p2a: Azumarill|43/100
|-damage|p2b: Ninetales|59/100
|-enditem|p2a: Azumarill|Sitrus Berry|[eat]
|-heal|p2a: Azumarill|67/100|[from] item: Sitrus Berry
|move|p2a: Azumarill|Belly Drum|p2a: Azumarill
|-damage|p2a: Azumarill|17/100
|-setboost|p2a: Azumarill|atk|6|[from] move: Belly Drum
|
|-weather|Snowscape|[upkeep]
|upkeep
|turn|2
|
|t:|1785292131
|switch|p2b: Pickle Cup|Sinistcha, L50, shiny|100/100
|-heal|p2a: Azumarill|42/100|[from] ability: Hospitality|[of] p2b: Pickle Cup
|switch|p1b: Sinistcha|Sinistcha-Masterpiece, L50|100/100
|move|p2a: Azumarill|Aqua Jet|p1b: Sinistcha
|-resisted|p1b: Sinistcha|1
|-damage|p1b: Sinistcha|55/100
|move|p1a: Lycanroc|Rock Slide|p2a: Azumarill|[spread] p2a,p2b
|-damage|p2a: Azumarill|22/100
|-damage|p2b: Pickle Cup|83/100
|
|-weather|Snowscape|[upkeep]
|upkeep
|turn|3
|
|t:|1785292149
|move|p1a: Lycanroc|Protect|p1a: Lycanroc
|-singleturn|p1a: Lycanroc|Protect
|move|p2a: Azumarill|Protect|p2a: Azumarill
|-singleturn|p2a: Azumarill|Protect
|move|p1b: Sinistcha|Matcha Gotcha|p2a: Azumarill|[spread] 
|-activate|p2a: Azumarill|move: Protect
|-miss|p1b: Sinistcha|p2b: Pickle Cup
|move|p2b: Pickle Cup|Trick Room|p2b: Pickle Cup
|-fieldstart|move: Trick Room|[of] p2b: Pickle Cup
|
|-weather|Snowscape|[upkeep]
|upkeep
|turn|4
|inactive|harpdog has 30 seconds left.
|
|t:|1785292179
|switch|p1a: Sylveon|Sylveon, L50, M|100/100
|move|p2b: Pickle Cup|Rage Powder|p2b: Pickle Cup
|-singleturn|p2b: Pickle Cup|move: Rage Powder
|move|p2a: Azumarill|Knock Off|p1b: Sinistcha
|-supereffective|p1b: Sinistcha|1
|-enditem|p1b: Sinistcha|Colbur Berry|[eat]
|-enditem|p1b: Sinistcha|Colbur Berry|[weaken]
|-damage|p1b: Sinistcha|0 fnt
|faint|p1b: Sinistcha
|
|-weather|Snowscape|[upkeep]
|upkeep
|
|t:|1785292187
|switch|p1b: Lycanroc|Lycanroc-Dusk, L50, F|100/100
|turn|5
|
|t:|1785292207
|move|p2a: Azumarill|Protect|p2a: Azumarill
|-singleturn|p2a: Azumarill|Protect
|move|p1b: Lycanroc|Protect|p1b: Lycanroc
|-singleturn|p1b: Lycanroc|Protect
|move|p1a: Sylveon|Hyper Voice|p2a: Azumarill|[spread] p2b
|-activate|p2a: Azumarill|move: Protect
|-damage|p2b: Pickle Cup|54/100
|move|p2b: Pickle Cup|Matcha Gotcha|p1b: Lycanroc|[spread] p1a
|-activate|p1b: Lycanroc|move: Protect
|-damage|p1a: Sylveon|82/100
|-heal|p2b: Pickle Cup|64/100|[from] drain|[of] p1a: Sylveon
|
|-weather|none
|-sideend|p2: ToastedArt|move: Aurora Veil
|upkeep
|turn|6
|
|t:|1785292227
|move|p2a: Azumarill|Aqua Jet|p1a: Sylveon
|-damage|p1a: Sylveon|0 fnt
|faint|p1a: Sylveon
|move|p1b: Lycanroc|Accelerock|p2a: Azumarill
|-damage|p2a: Azumarill|0 fnt
|faint|p2a: Azumarill
|move|p2b: Pickle Cup|Matcha Gotcha|p1b: Lycanroc
|-supereffective|p1b: Lycanroc|1
|-enditem|p1b: Lycanroc|Focus Sash
|-damage|p1b: Lycanroc|1/100
|-heal|p2b: Pickle Cup|100/100|[from] drain|[of] p1b: Lycanroc
|
|upkeep
|
|t:|1785292239
|switch|p2a: Kingambit|Kingambit, L50, F|100/100
|switch|p1a: Delphox|Delphox-Mega, L50, F|100/100
|turn|7
|
|t:|1785292247
|move|p1b: Lycanroc|Protect|p1b: Lycanroc
|-singleturn|p1b: Lycanroc|Protect
|move|p1a: Delphox|Protect|p1a: Delphox
|-singleturn|p1a: Delphox|Protect
|move|p2a: Kingambit|Kowtow Cleave|p1a: Delphox
|-activate|p1a: Delphox|move: Protect
|move|p2b: Pickle Cup|Matcha Gotcha|p1b: Lycanroc|[spread] 
|-activate|p1a: Delphox|move: Protect
|-activate|p1b: Lycanroc|move: Protect
|
|-fieldend|move: Trick Room
|upkeep
|turn|8
|
|t:|1785292268
|move|p1a: Delphox|Protect|p1a: Delphox
|-singleturn|p1a: Delphox|Protect
|move|p2b: Pickle Cup|Rage Powder|p2b: Pickle Cup
|-singleturn|p2b: Pickle Cup|move: Rage Powder
|move|p2a: Kingambit|Sucker Punch||[still]
|-fail|p2a: Kingambit
|move|p1b: Lycanroc|Close Combat|p2b: Pickle Cup
|-immune|p2b: Pickle Cup
|
|upkeep
|turn|9
|
|t:|1785292287
|move|p1b: Lycanroc|Protect|p1b: Lycanroc
|-singleturn|p1b: Lycanroc|Protect
|move|p2b: Pickle Cup|Rage Powder|p2b: Pickle Cup
|-singleturn|p2b: Pickle Cup|move: Rage Powder
|move|p2a: Kingambit|Sucker Punch|p1a: Delphox
|-supereffective|p1a: Delphox|1
|-damage|p1a: Delphox|0 fnt
|faint|p1a: Delphox
|
|upkeep
|turn|10
|-message|harpdog forfeited.
|
|win|ToastedArt
