|j|☆efwefwefwefweifier
|j|☆gundot
|html|efwefwefwefweifiergundot    
|uhtml|bestof|Game 2 of a best-of-3
|t:|1783591223
|gametype|doubles
|player|p1|efwefwefwefweifier|clown|1337
|player|p2|gundot|ethan-gen2|1284
|gen|9
|tier|[Gen 9 Champions] VGC 2026 Reg M-B (Bo3)
|rated|
|rule|Species Clause: Limit one of each Pokémon
|rule|Item Clause: Limit 1 of each item
|clearpoke
|poke|p1|Pyroar, L50, M|
|poke|p1|Torkoal, L50, F|
|poke|p1|Farigiraf, L50, M|
|poke|p1|Vileplume, L50, M|
|poke|p1|Incineroar, L50, M|
|poke|p1|Floette-Eternal, L50, F|
|poke|p2|Charizard, L50, F|
|poke|p2|Aerodactyl, L50, F|
|poke|p2|Farigiraf, L50, M|
|poke|p2|Incineroar, L50, M|
|poke|p2|Garchomp, L50, M|
|poke|p2|Sylveon, L50, M|
|teampreview|4
|showteam|p1|Pyroar||Pyroarite|Unnerve|Overheat,HeatWave,SolarBeam,Protect|Timid||M|||50|]Torkoal||Charcoal|Drought|Eruption,WeatherBall,HelpingHand,Protect|Quiet||F|||50|]Farigiraf||SitrusBerry|ArmorTail|Psychic,Thunderbolt,HelpingHand,TrickRoom|Quiet||M|||50|]Vileplume||FocusSash|Chlorophyll|SolarBeam,SludgeBomb,SleepPowder,AfterYou|Timid||M|||50|]Incineroar||WhiteHerb|Intimidate|DarkestLariat,CloseCombat,FakeOut,PartingShot|Adamant||M|||50|]Floette-Eternal||Floettite|FlowerVeil|DazzlingGleam,DrainingKiss,CalmMind,Protect|Modest||F|||50|
|showteam|p2|Charizard||CharizarditeY|Blaze|HeatWave,SolarBeam,BlastBurn,Protect|Modest||F|||50|]Aerodactyl||FocusSash|Unnerve|RockSlide,DualWingbeat,WideGuard,Tailwind|Jolly||F|||50|]Farigiraf||SitrusBerry|ArmorTail|Psychic,Thunderbolt,TrickRoom,Roar|Sassy||M|||50|]Incineroar||Charcoal|Intimidate|FlareBlitz,DarkestLariat,FakeOut,PartingShot|Brave||M|||50|]Garchomp||Garchompite|RoughSkin|DragonClaw,Earthquake,StompingTantrum,Protect|Adamant||M|||50|]Sylveon||FairyFeather|Pixilate|HyperVoice,HyperBeam,QuickAttack,Detect|Modest||M|||50|
|inactive|Battle timer is ON: inactive players will automatically lose when time's up. (requested by efwefwefwefweifier)
|inactive|gundot also wants the timer to be on.
|inactive|efwefwefwefweifier has 60 seconds left.
|
|t:|1783591255
|teamsize|p1|4
|teamsize|p2|4
|start
|switch|p1a: Torkoal|Torkoal, L50, F|100/100
|switch|p1b: Clyde|Vileplume, L50, M|100/100
|switch|p2a: Aerodactyl|Aerodactyl, L50, F|100/100
|switch|p2b: Sylveon|Sylveon, L50, M|100/100
|-ability|p2a: Aerodactyl|Unnerve
|-weather|SunnyDay|[from] ability: Drought|[of] p1a: Torkoal
|turn|1
|
|t:|1783591276
|move|p1b: Clyde|Sleep Powder|p2a: Aerodactyl|[miss]
|-miss|p1b: Clyde|p2a: Aerodactyl
|move|p2a: Aerodactyl|Dual Wingbeat|p1b: Clyde
|-supereffective|p1b: Clyde|1
|-damage|p1b: Clyde|51/100
|-supereffective|p1b: Clyde|1
|-damage|p1b: Clyde|0 fnt
|faint|p1b: Clyde
|-hitcount|p1: Clyde|2
|move|p2b: Sylveon|Hyper Beam|p1a: Torkoal
|-resisted|p1a: Torkoal|1
|-damage|p1a: Torkoal|28/100
|-mustrecharge|p2b: Sylveon
|move|p1a: Torkoal|Weather Ball|p2a: Aerodactyl
|-resisted|p2a: Aerodactyl|1
|-damage|p2a: Aerodactyl|42/100
|
|-weather|SunnyDay|[upkeep]
|upkeep
|
|t:|1783591294
|switch|p1b: Incineroar|Incineroar, L50, M|100/100
|-ability|p1b: Incineroar|Intimidate|boost
|-unboost|p2a: Aerodactyl|atk|1
|-unboost|p2b: Sylveon|atk|1
|turn|2
|
|t:|1783591303
|switch|p2a: Garchomp|Garchomp, L50, M|100/100
|move|p1b: Incineroar|Fake Out|p2a: Garchomp
|-damage|p2a: Garchomp|88/100
|-damage|p1b: Incineroar|87/100|[from] ability: Rough Skin|[of] p2a: Garchomp
|cant|p2b: Sylveon|recharge
|move|p1a: Torkoal|Weather Ball|p2a: Garchomp
|-resisted|p2a: Garchomp|1
|-damage|p2a: Garchomp|49/100
|
|-weather|SunnyDay|[upkeep]
|upkeep
|turn|3
|
|t:|1783591325
|switch|p2b: Aerodactyl|Aerodactyl, L50, F|42/100
|-ability|p2b: Aerodactyl|Unnerve
|detailschange|p2a: Garchomp|Garchomp-Mega, L50, M
|-mega|p2a: Garchomp|Garchomp|Garchompite
|move|p1a: Torkoal|Protect|p1a: Torkoal
|-singleturn|p1a: Torkoal|Protect
|move|p2a: Garchomp|Earthquake|p1b: Incineroar|[spread] p1b
|-activate|p1a: Torkoal|move: Protect
|-immune|p2b: Aerodactyl
|-supereffective|p1b: Incineroar|1
|-damage|p1b: Incineroar|3/100
|move|p1b: Incineroar|Parting Shot|p2a: Garchomp
|-unboost|p2a: Garchomp|atk|1
|-unboost|p2a: Garchomp|spa|1
|
|t:|1783591327
|switch|p1b: Pyroar|Pyroar, L50, M|100/100|[from] Parting Shot
|-ability|p1b: Pyroar|Unnerve
|
|-weather|SunnyDay|[upkeep]
|upkeep
|turn|4
|inactive|efwefwefwefweifier has 30 seconds left.
|
|t:|1783591356
|switch|p1a: Incineroar|Incineroar, L50, M|3/100
|-ability|p1a: Incineroar|Intimidate|boost
|-unboost|p2a: Garchomp|atk|1
|-unboost|p2b: Aerodactyl|atk|1
|detailschange|p1b: Pyroar|Pyroar-Mega, L50, M
|-mega|p1b: Pyroar|Pyroar|Pyroarite
|move|p2b: Aerodactyl|Tailwind|p2b: Aerodactyl
|-sidestart|p2: gundot|move: Tailwind
|move|p2a: Garchomp|Earthquake|p1a: Incineroar|[spread] p1a,p1b
|-immune|p2b: Aerodactyl
|-supereffective|p1a: Incineroar|1
|-supereffective|p1b: Pyroar|1
|-damage|p1a: Incineroar|0 fnt
|-damage|p1b: Pyroar|41/100
|faint|p1a: Incineroar
|move|p1b: Pyroar|Solar Beam||[still]
|-prepare|p1b: Pyroar|Solar Beam
|-anim|p1b: Pyroar|Solar Beam|p2b: Aerodactyl
|-damage|p2b: Aerodactyl|0 fnt
|faint|p2b: Aerodactyl
|
|-weather|SunnyDay|[upkeep]
|upkeep
|
|t:|1783591371
|switch|p2b: Incineroar|Incineroar, L50, M|100/100
|switch|p1a: Torkoal|Torkoal, L50, F|28/100
|-ability|p2b: Incineroar|Intimidate|boost
|-unboost|p1a: Torkoal|atk|1
|-unboost|p1b: Pyroar|atk|1
|turn|5
|-message|efwefwefwefweifier forfeited.
|
|win|gundot
|raw|efwefwefwefweifier's rating: 1337 → 1314(-23 for losing)
|raw|gundot's rating: 1284 → 1313(+29 for winning)
|l|☆efwefwefwefweifier
|player|p1|
|l|☆gundot
|player|p2|
|j|☆gundot
|player|p2|gundot|ethan-gen2|
