|j|☆25th_mang
|j|‽tavinn_n
|html|25th_mangtavinn_n    
|uhtml|bestof|Game 2 of a best-of-3
|t:|1783439339
|gametype|doubles
|player|p1|25th_mang|ballguy|1209
|player|p2|tavinn_n|ghetsis|1137
|gen|9
|tier|[Gen 9 Champions] VGC 2026 Reg M-B (Bo3)
|rated|
|rule|Species Clause: Limit one of each Pokémon
|rule|Item Clause: Limit 1 of each item
|clearpoke
|poke|p1|Blastoise, L50, F|
|poke|p1|Aerodactyl, L50, M|
|poke|p1|Sinistcha, L50|
|poke|p1|Kingambit, L50, M|
|poke|p1|Tsareena, L50, F|
|poke|p1|Metagross, L50, shiny|
|poke|p2|Blastoise, L50, F|
|poke|p2|Sinistcha, L50|
|poke|p2|Sneasler, L50, F|
|poke|p2|Delphox, L50, M|
|poke|p2|Kingambit, L50, M|
|poke|p2|Incineroar, L50, F|
|teampreview|4
|showteam|p1|Blastoise||Blastoisinite|RainDish|WaterSpout,AuraSphere,DarkPulse,FakeOut|Modest||F|||50|]Aerodactyl||FocusSash|Unnerve|Tailwind,RainDance,RockSlide,DualWingbeat|Jolly||M|||50|]Sinistcha||SitrusBerry|Hospitality|LifeDew,MatchaGotcha,TrickRoom,RagePowder|Quiet|||||50|]Kingambit||ChopleBerry|Defiant|KowtowCleave,SuckerPunch,LowKick,IronHead|Adamant||M|||50|]Tsareena||WideLens|QueenlyMajesty|TropKick,LowKick,TripleAxel,HelpingHand|Adamant||F|||50|]Metagross||Metagrossite|ClearBody|IronHead,PsychicFangs,IcePunch,Protect|Adamant|||||50|
|showteam|p2|Blastoise||Blastoisinite|Torrent|Protect,ShellSmash,DarkPulse,WaterSpout|Timid||F|||50|]Sinistcha||KasibBerry|Hospitality|MatchaGotcha,RagePowder,LifeDew,Protect|Bold|||||50|]Sneasler||FocusSash|PoisonTouch|QuickGuard,FakeOut,CloseCombat,PoisonJab|Jolly||F|||50|]Delphox||Delphoxite|Blaze|HeatWave,Psychic,NastyPlot,Protect|Timid||M|||50|]Kingambit||BlackGlasses|Defiant|Protect,SwordsDance,SuckerPunch,KowtowCleave|Adamant||M|||50|]Incineroar||SitrusBerry|Intimidate|PartingShot,FakeOut,ThroatChop,FlareBlitz|Careful||F|||50|
|inactive|Battle timer is ON: inactive players will automatically lose when time's up. (requested by 25th_mang)
|inactive|tavinn_n also wants the timer to be on.
|inactive|25th_mang has 60 seconds left.
|
|t:|1783439384
|teamsize|p1|4
|teamsize|p2|4
|start
|switch|p1a: Her Majesty 5|Tsareena, L50, F|100/100
|switch|p1b: Voyager|Blastoise, L50, F|100/100
|switch|p2a: Blastoise|Blastoise, L50, F|100/100
|switch|p2b: Sneasler|Sneasler, L50, F|100/100
|turn|1
|
|t:|1783439395
|detailschange|p2a: Blastoise|Blastoise-Mega, L50, F
|-mega|p2a: Blastoise|Blastoise|Blastoisinite
|move|p2a: Blastoise|Protect|p2a: Blastoise
|-singleturn|p2a: Blastoise|Protect
|move|p1b: Voyager|Fake Out|p2b: Sneasler
|-damage|p2b: Sneasler|88/100
|cant|p2b: Sneasler|flinch
|move|p1a: Her Majesty 5|Trop Kick|p2a: Blastoise
|-activate|p2a: Blastoise|move: Protect
|
|upkeep
|turn|2
|inactive|25th_mang has 30 seconds left.
|
|t:|1783439421
|switch|p2a: Sinistcha|Sinistcha, L50|100/100
|-heal|p2b: Sneasler|100/100|[from] ability: Hospitality|[of] p2a: Sinistcha
|switch|p1a: Love&Fear|Kingambit, L50, M|100/100
|detailschange|p1b: Voyager|Blastoise-Mega, L50, F
|-mega|p1b: Voyager|Blastoise|Blastoisinite
|move|p2b: Sneasler|Poison Jab|p1a: Love&Fear
|-immune|p1a: Love&Fear
|move|p1b: Voyager|Water Spout|p2a: Sinistcha|[spread] p2a,p2b
|-resisted|p2a: Sinistcha|1
|-damage|p2a: Sinistcha|61/100
|-damage|p2b: Sneasler|7/100
|
|upkeep
|turn|3
|inactive|25th_mang has 30 seconds left.
|inactive|tavinn_n has 30 seconds left.
|inactive|25th_mang has 20 seconds left.
|inactive|tavinn_n has 20 seconds left.
|inactive|tavinn_n has 15 seconds left.
|inactive|25th_mang has 15 seconds left.
|inactive|tavinn_n has 10 seconds left.
|inactive|25th_mang has 10 seconds left.
|
|t:|1783439472
|switch|p2a: Incineroar|Incineroar, L50, F|100/100
|-ability|p2a: Incineroar|Intimidate|boost
|-unboost|p1a: Love&Fear|atk|1
|-ability|p1a: Love&Fear|Defiant|boost
|-boost|p1a: Love&Fear|atk|2
|-unboost|p1b: Voyager|atk|1
|move|p2b: Sneasler|Close Combat|p1a: Love&Fear
|-supereffective|p1a: Love&Fear|2
|-enditem|p1a: Love&Fear|Chople Berry|[eat]
|-enditem|p1a: Love&Fear|Chople Berry|[weaken]
|-damage|p1a: Love&Fear|9/100
|-unboost|p2b: Sneasler|def|1
|-unboost|p2b: Sneasler|spd|1
|move|p1b: Voyager|Water Spout|p2b: Sneasler|[spread] p2a,p2b
|-supereffective|p2a: Incineroar|1
|-damage|p2a: Incineroar|0 fnt
|-damage|p2b: Sneasler|0 fnt
|faint|p2a: Incineroar
|faint|p2b: Sneasler
|move|p1a: Love&Fear|Kowtow Cleave|p2: Incineroar|[notarget]
|-fail|p1a: Love&Fear
|
|upkeep
|
|t:|1783439487
|switch|p2b: Sinistcha|Sinistcha, L50|61/100
|switch|p2a: Blastoise|Blastoise-Mega, L50, F|100/100
|turn|4
|
|t:|1783439508
|move|p2b: Sinistcha|Protect|p2b: Sinistcha
|-singleturn|p2b: Sinistcha|Protect
|move|p2a: Blastoise|Dark Pulse|p1a: Love&Fear
|-resisted|p1a: Love&Fear|1
|-damage|p1a: Love&Fear|0 fnt
|faint|p1a: Love&Fear
|move|p1b: Voyager|Dark Pulse|p2b: Sinistcha
|-activate|p2b: Sinistcha|move: Protect
|
|upkeep
|
|t:|1783439514
|switch|p1a: Her Majesty 5|Tsareena, L50, F|100/100
|turn|5
|
|t:|1783439525
|move|p2a: Blastoise|Dark Pulse|p1a: Her Majesty 5
|-damage|p1a: Her Majesty 5|54/100
|move|p1b: Voyager|Dark Pulse|p2b: Sinistcha
|-supereffective|p2b: Sinistcha|1
|-damage|p2b: Sinistcha|0 fnt
|faint|p2b: Sinistcha
|cant|p1a: Her Majesty 5|flinch
|
|upkeep
|turn|6
|
|t:|1783439540
|switch|p1b: Save Me|Sinistcha, L50|100/100
|-heal|p1a: Her Majesty 5|79/100|[from] ability: Hospitality|[of] p1b: Save Me
|move|p2a: Blastoise|Dark Pulse|p1a: Her Majesty 5
|-damage|p1a: Her Majesty 5|31/100
|move|p1a: Her Majesty 5|Trop Kick|p2a: Blastoise
|-supereffective|p2a: Blastoise|1
|-damage|p2a: Blastoise|14/100
|-unboost|p2a: Blastoise|atk|1
|
|upkeep
|turn|7
|
|t:|1783439556
|move|p1b: Save Me|Rage Powder|p1b: Save Me
|-singleturn|p1b: Save Me|move: Rage Powder
|move|p2a: Blastoise|Dark Pulse|p1b: Save Me
|-supereffective|p1b: Save Me|1
|-damage|p1b: Save Me|4/100
|-enditem|p1b: Save Me|Sitrus Berry|[eat]
|-heal|p1b: Save Me|29/100|[from] item: Sitrus Berry
|move|p1a: Her Majesty 5|Trop Kick|p2a: Blastoise
|-supereffective|p2a: Blastoise|1
|-damage|p2a: Blastoise|0 fnt
|faint|p2a: Blastoise
|
|win|25th_mang
||tavinn_n is ready for game 3.
|l|‽tavinn_n
|player|p2|
|inactive|25th_mang has 30 seconds to confirm battle start!
||25th_mang is ready for game 3.
|uhtml|next|Next: Game 3 of 3
|l|☆25th_mang
|player|p1|
|j|☆25th_mang
|player|p1|25th_mang|ballguy|
