|j|☆infamous coak
|j|☆AviDotWav
|html|infamous coakAviDotWav    
|uhtml|bestof|Game 1 of a best-of-3
|t:|1785509399
|gametype|doubles
|player|p1|infamous coak|maid|1041
|player|p2|AviDotWav|lady-gen4|1130
|gen|9
|tier|[Gen 9 Champions] VGC 2026 Reg M-B (Bo3)
|rated|
|rule|Species Clause: Limit one of each Pokémon
|rule|Item Clause: Limit 1 of each item
|clearpoke
|poke|p1|Ampharos, L50, F|
|poke|p1|Crabominable, L50, M|
|poke|p1|Farigiraf, L50, M|
|poke|p1|Mawile, L50, M|
|poke|p1|Incineroar, L50, M|
|poke|p1|Corviknight, L50, F|
|poke|p2|Audino, L50, F|
|poke|p2|Kingambit, L50, F|
|poke|p2|Incineroar, L50, M|
|poke|p2|Farigiraf, L50, F|
|poke|p2|Torkoal, L50, F|
|poke|p2|Blastoise, L50, F|
|teampreview|4
|showteam|p1|Ampharos||Ampharosite|Plus|DazzlingGleam,Thunderbolt,DragonPulse,Protect|Quiet||F|||50|]Crabominable||ShellBell|IronFist|BulkUp,IceHammer,DrainPunch,Protect|Brave||M|||50|]Farigiraf||ColburBerry|ArmorTail|TrickRoom,PsychicNoise,DazzlingGleam,HelpingHand|Quiet||M|||50|]Mawile||Mawilite|Intimidate|SuckerPunch,PlayRough,IronHead,Protect|Adamant||M|||50|]Incineroar||ChopleBerry|Intimidate|FakeOut,FlareBlitz,ThroatChop,PartingShot|Adamant||M|||50|]Corviknight||Leftovers|MirrorArmor|BulkUp,BodyPress,BraveBird,Roost|Sassy||F|||50|
|showteam|p2|Audino||Audinite|Healer|HelpingHand,TrickRoom,LifeDew,DazzlingGleam|Relaxed||F|||50|]Kingambit||BlackGlasses|Defiant|Protect,IronHead,KowtowCleave,SuckerPunch|Brave||F|||50|]Incineroar||SitrusBerry|Intimidate|FakeOut,ThroatChop,PartingShot,FlareBlitz|Adamant||M|||50|]Farigiraf||ColburBerry|ArmorTail|Psyshock,Thunderbolt,TrickRoom,HelpingHand|Relaxed||F|||50|]Torkoal||Charcoal|Drought|Protect,Eruption,WeatherBall,EarthPower|Quiet||F|||50|]Blastoise||Blastoisinite|Torrent|FakeOut,WaterSpout,DarkPulse,AuraSphere|Quiet||F|||50|
|inactive|Battle timer is ON: inactive players will automatically lose when time's up. (requested by AviDotWav)
|
|t:|1785509429
|teamsize|p1|4
|teamsize|p2|4
|start
|switch|p1a: Farigiraf|Farigiraf, L50, M|100/100
|switch|p1b: Incineroar|Incineroar, L50, M|100/100
|switch|p2a: Audino|Audino, L50, F|100/100
|switch|p2b: Kingambit|Kingambit, L50, F|100/100
|-ability|p1b: Incineroar|Intimidate|boost
|-unboost|p2a: Audino|atk|1
|-unboost|p2b: Kingambit|atk|1
|-ability|p2b: Kingambit|Defiant|boost
|-boost|p2b: Kingambit|atk|2
|turn|1
|
|t:|1785509450
|detailschange|p2a: Audino|Audino-Mega, L50, F
|-mega|p2a: Audino|Audino|Audinite
|move|p1b: Incineroar|Flare Blitz|p2b: Kingambit
|-supereffective|p2b: Kingambit|1
|-damage|p2b: Kingambit|4/100
|-damage|p1b: Incineroar|67/100|[from] Recoil
|move|p2b: Kingambit|Kowtow Cleave|p1a: Farigiraf
|-supereffective|p1a: Farigiraf|1
|-crit|p1a: Farigiraf
|-enditem|p1a: Farigiraf|Colbur Berry|[eat]
|-enditem|p1a: Farigiraf|Colbur Berry|[weaken]
|-damage|p1a: Farigiraf|0 fnt
|faint|p1a: Farigiraf
|move|p2a: Audino|Trick Room|p2a: Audino
|-fieldstart|move: Trick Room|[of] p2a: Audino
|
|upkeep
|
|t:|1785509460
|switch|p1a: Corviknight|Corviknight, L50, F|100/100
|turn|2
|
|t:|1785509469
|move|p2a: Audino|Dazzling Gleam|p1b: Incineroar|[spread] p1a,p1b
|-resisted|p1a: Corviknight|1
|-crit|p1a: Corviknight
|-damage|p1a: Corviknight|88/100
|-damage|p1b: Incineroar|49/100
|move|p2b: Kingambit|Kowtow Cleave|p1b: Incineroar
|-resisted|p1b: Incineroar|1
|-damage|p1b: Incineroar|3/100
|move|p1a: Corviknight|Body Press|p2b: Kingambit
|-supereffective|p2b: Kingambit|2
|-damage|p2b: Kingambit|0 fnt
|faint|p2b: Kingambit
|move|p1b: Incineroar|Parting Shot|p2a: Audino
|-unboost|p2a: Audino|atk|1
|-unboost|p2a: Audino|spa|1
|
|t:|1785509483
|switch|p1b: Ampharos|Ampharos, L50, F|100/100|[from] Parting Shot
|
|-heal|p1a: Corviknight|94/100|[from] item: Leftovers
|upkeep
|
|t:|1785509485
|switch|p2b: Torkoal|Torkoal, L50, F|100/100
|-weather|SunnyDay|[from] ability: Drought|[of] p2b: Torkoal
|turn|3
|
|t:|1785509498
|detailschange|p1b: Ampharos|Ampharos-Mega, L50, F
|-mega|p1b: Ampharos|Ampharos|Ampharosite
|-ability|p1b: Ampharos|Mold Breaker
|move|p2a: Audino|Helping Hand|p2b: Torkoal
|-singleturn|p2b: Torkoal|Helping Hand|[of] p2a: Audino
|move|p2b: Torkoal|Eruption|p1b: Ampharos|[spread] p1a,p1b
|-supereffective|p1a: Corviknight|1
|-resisted|p1b: Ampharos|1
|-damage|p1a: Corviknight|0 fnt
|-damage|p1b: Ampharos|42/100
|faint|p1a: Corviknight
|move|p1b: Ampharos|Dragon Pulse|p2b: Torkoal
|-damage|p2b: Torkoal|24/100
|
|-weather|SunnyDay|[upkeep]
|upkeep
|
|t:|1785509509
|switch|p1a: Incineroar|Incineroar, L50, M|3/100
|-ability|p1a: Incineroar|Intimidate|boost
|-unboost|p2a: Audino|atk|1
|-unboost|p2b: Torkoal|atk|1
|turn|4
|
|t:|1785509514
|switch|p2a: Farigiraf|Farigiraf, L50, F|100/100
|move|p1a: Incineroar|Fake Out||[still]
|cant|p2a: Farigiraf|ability: Armor Tail|Fake Out|[of] p1a: Incineroar
|move|p2b: Torkoal|Earth Power|p1b: Ampharos
|-supereffective|p1b: Ampharos|1
|-damage|p1b: Ampharos|0 fnt
|faint|p1b: Ampharos
|
|-weather|SunnyDay|[upkeep]
|upkeep
|turn|5
|-message|infamous coak forfeited.
|
|win|AviDotWav
|l|☆infamous coak
|player|p1|
||AviDotWav is ready for game 2.
||infamous coak is ready for game 2.
|uhtml|next|Next: Game 2 of 3
