|j|☆SZJE
|j|☆daemian_x
|html|SZJEdaemian_x    
|uhtml|bestof|Game 2 of a best-of-3
|t:|1785370943
|gametype|doubles
|player|p1|SZJE|101|1052
|player|p2|daemian_x|blue|1185
|gen|9
|tier|[Gen 9 Champions] VGC 2026 Reg M-B (Bo3)
|rated|
|rule|Species Clause: Limit one of each Pokémon
|rule|Item Clause: Limit 1 of each item
|clearpoke
|poke|p1|Gengar, L50, F|
|poke|p1|Incineroar, L50, F|
|poke|p1|Politoed, L50, F|
|poke|p1|Kingambit, L50, M|
|poke|p1|Kommo-o, L50, F|
|poke|p1|Farigiraf, L50, F|
|poke|p2|Tyranitar, L50, F|
|poke|p2|Excadrill, L50, M|
|poke|p2|Gholdengo, L50|
|poke|p2|Milotic, L50, M|
|poke|p2|Sinistcha, L50|
|poke|p2|Staraptor, L50, F|
|teampreview|4
|showteam|p1|Gengar||Gengarite|CursedBody|SludgeBomb,PerishSong,Disable,Protect|Timid||F|||50|]Incineroar||SitrusBerry|Intimidate|FakeOut,Protect,FlareBlitz,PartingShot|Careful||F|||50|]Politoed||Leftovers|Drizzle|MuddyWater,PerishSong,Encore,Protect|Calm||F|||50|]Kingambit||ChopleBerry|Defiant|Protect,SuckerPunch,KowtowCleave,LowKick|Adamant||M|||50|]Kommo-o||DragonFang|Soundproof|ClangingScales,ClangorousSoul,AuraSphere,Protect|Modest||F|||50|]Farigiraf||ColburBerry|ArmorTail|HyperVoice,Psychic,Protect,TrickRoom|Modest||F|||50|
|showteam|p2|Tyranitar||Tyranitarite|SandStream|RockSlide,KnockOff,LowKick,Protect|Adamant||F|||50|]Excadrill||FocusSash|SandRush|RockSlide,IronHead,Protect,Earthquake|Adamant||M|||50|]Gholdengo||LifeOrb|GoodasGold|MakeItRain,ShadowBall,NastyPlot,Protect|Modest|||||50|]Milotic||SitrusBerry|Competitive|Scald,IceBeam,Recover,Protect|Modest||M|||50|]Sinistcha||ColburBerry|Hospitality|MatchaGotcha,RagePowder,StrengthSap,Protect|Bold|||||50|]Staraptor||Staraptite|Intimidate|CloseCombat,BraveBird,Tailwind,Protect|Jolly||F|||50|
|
|t:|1785370973
|teamsize|p1|4
|teamsize|p2|4
|start
|switch|p1a: Incineroar|Incineroar, L50, F|100/100
|switch|p1b: Farigiraf|Farigiraf, L50, F|100/100
|switch|p2a: Sinistcha|Sinistcha, L50|100/100
|switch|p2b: Gholdengo|Gholdengo, L50|100/100
|-ability|p1a: Incineroar|Intimidate|boost
|-unboost|p2a: Sinistcha|atk|1
|-unboost|p2b: Gholdengo|atk|1
|turn|1
|
|t:|1785371003
|switch|p2b: Milotic|Milotic, L50, M|100/100
|move|p2a: Sinistcha|Strength Sap|p1a: Incineroar
|-unboost|p1a: Incineroar|atk|1
|move|p1a: Incineroar|Flare Blitz|p2b: Milotic
|-resisted|p2b: Milotic|1
|-damage|p2b: Milotic|83/100
|-damage|p1a: Incineroar|94/100|[from] Recoil
|move|p1b: Farigiraf|Trick Room|p1b: Farigiraf
|-fieldstart|move: Trick Room|[of] p1b: Farigiraf
|
|upkeep
|turn|2
|
|t:|1785371053
|move|p1a: Incineroar|Flare Blitz|p2a: Sinistcha
|-supereffective|p2a: Sinistcha|1
|-damage|p2a: Sinistcha|49/100
|-damage|p1a: Incineroar|79/100|[from] Recoil
|move|p1b: Farigiraf|Psychic|p2b: Milotic
|-damage|p2b: Milotic|52/100
|move|p2a: Sinistcha|Strength Sap|p1a: Incineroar
|-unboost|p1a: Incineroar|atk|1
|-heal|p2a: Sinistcha|100/100
|move|p2b: Milotic|Scald|p1b: Farigiraf
|-damage|p1b: Farigiraf|65/100
|-status|p1b: Farigiraf|brn
|
|-damage|p1b: Farigiraf|58/100 brn|[from] brn
|upkeep
|turn|3
|
|t:|1785371081
|switch|p1a: Kingambit|Kingambit, L50, M|100/100
|move|p2b: Milotic|Protect|p2b: Milotic
|-singleturn|p2b: Milotic|Protect
|move|p1b: Farigiraf|Psychic|p2b: Milotic
|-activate|p2b: Milotic|move: Protect
|move|p2a: Sinistcha|Strength Sap|p1a: Kingambit
|-unboost|p1a: Kingambit|atk|1
|-ability|p1a: Kingambit|Defiant|boost
|-boost|p1a: Kingambit|atk|2
|
|-damage|p1b: Farigiraf|52/100 brn|[from] brn
|upkeep
|turn|4
|
|t:|1785371109
|move|p2a: Sinistcha|Protect|p2a: Sinistcha
|-singleturn|p2a: Sinistcha|Protect
|move|p1a: Kingambit|Kowtow Cleave|p2a: Sinistcha
|-activate|p2a: Sinistcha|move: Protect
|move|p1b: Farigiraf|Psychic|p2b: Milotic
|-damage|p2b: Milotic|22/100
|-enditem|p2b: Milotic|Sitrus Berry|[eat]
|-heal|p2b: Milotic|47/100|[from] item: Sitrus Berry
|move|p2b: Milotic|Scald|p1a: Kingambit
|-damage|p1a: Kingambit|65/100
|
|-damage|p1b: Farigiraf|46/100 brn|[from] brn
|upkeep
|turn|5
|
|t:|1785371142
|move|p2b: Milotic|Protect|p2b: Milotic
|-singleturn|p2b: Milotic|Protect
|move|p1a: Kingambit|Kowtow Cleave|p2a: Sinistcha
|-supereffective|p2a: Sinistcha|1
|-enditem|p2a: Sinistcha|Colbur Berry|[eat]
|-enditem|p2a: Sinistcha|Colbur Berry|[weaken]
|-damage|p2a: Sinistcha|39/100
|move|p1b: Farigiraf|Psychic|p2b: Milotic
|-activate|p2b: Milotic|move: Protect
|move|p2a: Sinistcha|Matcha Gotcha|p1a: Kingambit|[spread] p1a,p1b
|-resisted|p1a: Kingambit|1
|-damage|p1a: Kingambit|52/100
|-heal|p2a: Sinistcha|46/100|[from] drain|[of] p1a: Kingambit
|-damage|p1b: Farigiraf|22/100 brn
|-heal|p2a: Sinistcha|61/100|[from] drain|[of] p1b: Farigiraf
|
|-damage|p1b: Farigiraf|16/100 brn|[from] brn
|-fieldend|move: Trick Room
|upkeep
|turn|6
|
|t:|1785371168
|move|p2b: Milotic|Scald|p1a: Kingambit
|-damage|p1a: Kingambit|18/100
|move|p2a: Sinistcha|Matcha Gotcha|p1b: Farigiraf|[spread] p1a
|-miss|p2a: Sinistcha|p1b: Farigiraf
|-resisted|p1a: Kingambit|1
|-damage|p1a: Kingambit|7/100
|-heal|p2a: Sinistcha|68/100|[from] drain|[of] p1a: Kingambit
|move|p1a: Kingambit|Kowtow Cleave|p2a: Sinistcha
|-supereffective|p2a: Sinistcha|1
|-damage|p2a: Sinistcha|0 fnt
|faint|p2a: Sinistcha
|move|p1b: Farigiraf|Trick Room|p1b: Farigiraf
|-fieldstart|move: Trick Room|[of] p1b: Farigiraf
|
|-damage|p1b: Farigiraf|10/100 brn|[from] brn
|upkeep
|
|t:|1785371188
|switch|p2a: Excadrill|Excadrill, L50, M|100/100
|turn|7
|
|t:|1785371204
|move|p1a: Kingambit|Low Kick|p2a: Excadrill
|-supereffective|p2a: Excadrill|1
|-damage|p2a: Excadrill|1/100
|move|p1b: Farigiraf|Hyper Voice|p2b: Milotic|[spread] p2a,p2b
|-resisted|p2a: Excadrill|1
|-damage|p2a: Excadrill|0 fnt
|-damage|p2b: Milotic|25/100
|faint|p2a: Excadrill
|move|p2b: Milotic|Scald|p1a: Kingambit
|-damage|p1a: Kingambit|0 fnt
|faint|p1a: Kingambit
|
|-damage|p1b: Farigiraf|3/100 brn|[from] brn
|upkeep
|
|t:|1785371221
|switch|p1a: Incineroar|Incineroar, L50, F|79/100
|switch|p2a: Gholdengo|Gholdengo, L50|100/100
|-ability|p1a: Incineroar|Intimidate|boost
|-unboost|p2a: Gholdengo|atk|1
|-unboost|p2b: Milotic|atk|1
|-ability|p2b: Milotic|Competitive|boost
|-boost|p2b: Milotic|spa|2
|turn|8
|
|t:|1785371237
|move|p2b: Milotic|Protect|p2b: Milotic
|-singleturn|p2b: Milotic|Protect
|move|p2a: Gholdengo|Protect|p2a: Gholdengo
|-singleturn|p2a: Gholdengo|Protect
|move|p1a: Incineroar|Flare Blitz|p2a: Gholdengo
|-activate|p2a: Gholdengo|move: Protect
|move|p1b: Farigiraf|Psychic|p2b: Milotic
|-activate|p2b: Milotic|move: Protect
|
|-damage|p1b: Farigiraf|0 fnt|[from] brn
|faint|p1b: Farigiraf
|upkeep
|
|t:|1785371251
|switch|p1b: Politoed|Politoed, L50, F|100/100
|-weather|RainDance|[from] ability: Drizzle|[of] p1b: Politoed
|turn|9
|
|t:|1785371270
|move|p1a: Incineroar|Flare Blitz|p2a: Gholdengo
|-supereffective|p2a: Gholdengo|1
|-damage|p2a: Gholdengo|48/100
|-damage|p1a: Incineroar|64/100|[from] Recoil
|move|p1b: Politoed|Muddy Water|p2b: Milotic|[spread] p2b
|-miss|p1b: Politoed|p2a: Gholdengo
|-resisted|p2b: Milotic|1
|-damage|p2b: Milotic|12/100
|move|p2b: Milotic|Scald|p1a: Incineroar
|-supereffective|p1a: Incineroar|1
|-damage|p1a: Incineroar|0 fnt
|faint|p1a: Incineroar
|move|p2a: Gholdengo|Shadow Ball|p1b: Politoed
|-damage|p1b: Politoed|66/100
|-damage|p2a: Gholdengo|39/100|[from] item: Life Orb
|
|-weather|RainDance|[upkeep]
|-heal|p1b: Politoed|72/100|[from] item: Leftovers
|upkeep
|turn|10
|
|t:|1785371289
|move|p2b: Milotic|Protect|p2b: Milotic
|-singleturn|p2b: Milotic|Protect
|move|p2a: Gholdengo|Protect|p2a: Gholdengo
|-singleturn|p2a: Gholdengo|Protect
|move|p1b: Politoed|Muddy Water|p2b: Milotic|[spread] 
|-activate|p2a: Gholdengo|move: Protect
|-activate|p2b: Milotic|move: Protect
|
|-weather|RainDance|[upkeep]
|-heal|p1b: Politoed|78/100|[from] item: Leftovers
|-fieldend|move: Trick Room
|upkeep
|turn|11
|
|t:|1785371306
|move|p1b: Politoed|Protect|p1b: Politoed
|-singleturn|p1b: Politoed|Protect
|move|p2a: Gholdengo|Shadow Ball|p1b: Politoed
|-activate|p1b: Politoed|move: Protect
|move|p2b: Milotic|Recover|p2b: Milotic
|-heal|p2b: Milotic|62/100
|
|-weather|RainDance|[upkeep]
|-heal|p1b: Politoed|84/100|[from] item: Leftovers
|upkeep
|turn|12
|
|t:|1785371330
|move|p2a: Gholdengo|Shadow Ball|p1b: Politoed
|-damage|p1b: Politoed|48/100
|-damage|p2a: Gholdengo|29/100|[from] item: Life Orb
|move|p2b: Milotic|Scald|p1b: Politoed
|-resisted|p1b: Politoed|1
|-damage|p1b: Politoed|15/100
|move|p1b: Politoed|Muddy Water|p2b: Milotic|[spread] p2a,p2b
|-resisted|p2b: Milotic|1
|-damage|p2a: Gholdengo|0 fnt
|-damage|p2b: Milotic|50/100y
|faint|p2a: Gholdengo
|
|-weather|RainDance|[upkeep]
|-heal|p1b: Politoed|21/100|[from] item: Leftovers
|upkeep
|turn|13
|
|t:|1785371351
|move|p1b: Politoed|Protect|p1b: Politoed
|-singleturn|p1b: Politoed|Protect
|move|p2b: Milotic|Scald|p1b: Politoed
|-activate|p1b: Politoed|move: Protect
|
|-weather|none
|-heal|p1b: Politoed|27/100|[from] item: Leftovers
|upkeep
|turn|14
|
|t:|1785371370
|move|p2b: Milotic|Recover|p2b: Milotic
|-heal|p2b: Milotic|100/100
|move|p1b: Politoed|Muddy Water|p2b: Milotic
|-resisted|p2b: Milotic|1
|-damage|p2b: Milotic|90/100
|
|-heal|p1b: Politoed|33/100|[from] item: Leftovers
|upkeep
|turn|15
|
|t:|1785371383
|move|p2b: Milotic|Scald|p1b: Politoed
|-resisted|p1b: Politoed|1
|-damage|p1b: Politoed|12/100
|move|p1b: Politoed|Muddy Water|p2b: Milotic
|-resisted|p2b: Milotic|1
|-crit|p2b: Milotic
|-damage|p2b: Milotic|75/100
|
|-heal|p1b: Politoed|18/100|[from] item: Leftovers
|upkeep
|turn|16
|
|t:|1785371394
|move|p2b: Milotic|Protect|p2b: Milotic
|-singleturn|p2b: Milotic|Protect
|move|p1b: Politoed|Protect||[still]
|-fail|p1b: Politoed
|
|-heal|p1b: Politoed|24/100|[from] item: Leftovers
|upkeep
|turn|17
|
|t:|1785371403
|move|p1b: Politoed|Protect|p1b: Politoed
|-singleturn|p1b: Politoed|Protect
|move|p2b: Milotic|Scald|p1b: Politoed
|-activate|p1b: Politoed|move: Protect
|
|-heal|p1b: Politoed|30/100|[from] item: Leftovers
|upkeep
|turn|18
|
|t:|1785371412
|move|p2b: Milotic|Scald|p1b: Politoed
|-resisted|p1b: Politoed|1
|-damage|p1b: Politoed|11/100
|move|p1b: Politoed|Perish Song|p1b: Politoed
|-start|p1b: Politoed|perish3|[silent]
|-start|p2b: Milotic|perish3|[silent]
|-fieldactivate|move: Perish Song
|
|-heal|p1b: Politoed|17/100|[from] item: Leftovers
|-start|p2b: Milotic|perish3
|-start|p1b: Politoed|perish3
|upkeep
|turn|19
|
|t:|1785371426
|move|p1b: Politoed|Protect|p1b: Politoed
|-singleturn|p1b: Politoed|Protect
|move|p2b: Milotic|Scald|p1b: Politoed
|-activate|p1b: Politoed|move: Protect
|
|-heal|p1b: Politoed|23/100|[from] item: Leftovers
|-start|p2b: Milotic|perish2
|-start|p1b: Politoed|perish2
|upkeep
|turn|20
|
|t:|1785371436
|move|p1b: Politoed|Protect||[still]
|-fail|p1b: Politoed
|move|p2b: Milotic|Scald|p1b: Politoed
|-resisted|p1b: Politoed|1
|-crit|p1b: Politoed
|-damage|p1b: Politoed|0 fnt
|faint|p1b: Politoed
|
|win|daemian_x
|raw|SZJE's rating: 1052 → 1041(-11 for losing)
|raw|daemian_x's rating: 1185 → 1201(+16 for winning)
