|j|☆GliscorSandwich
|j|☆JohnKaisen067
|html|GliscorSandwichJohnKaisen067    
|uhtml|bestof|Game 3 of a best-of-3
|t:|1782183659
|gametype|doubles
|player|p1|GliscorSandwich|yancy|1081
|player|p2|JohnKaisen067|swimmerf|1023
|gen|9
|tier|[Gen 9 Champions] VGC 2026 Reg M-B (Bo3)
|rated|
|rule|Species Clause: Limit one of each Pokémon
|rule|Item Clause: Limit 1 of each item
|clearpoke
|poke|p1|Altaria, L50, M|
|poke|p1|Farigiraf, L50, M|
|poke|p1|Incineroar, L50, M|
|poke|p1|Sinistcha-Masterpiece, L50|
|poke|p1|Dragonite, L50, M|
|poke|p1|Kingambit, L50, M|
|poke|p2|Mawile, L50, F|
|poke|p2|Dragalge, L50, F|
|poke|p2|Farigiraf, L50, M|
|poke|p2|Torkoal, L50, F|
|poke|p2|Sinistcha, L50|
|poke|p2|Typhlosion-Hisui, L50, M|
|teampreview|4
|showteam|p1|Altaria||Altarianite|CloudNine|HyperVoice,DragonPulse,Flamethrower,Protect|Modest||M|||50|]Farigiraf||ColburBerry|ArmorTail|Protect,HelpingHand,TrickRoom,HyperVoice|Sassy||M|||50|]Incineroar||ShucaBerry|Intimidate|FakeOut,DarkestLariat,FlareBlitz,PartingShot|Adamant||M|||50|]Sinistcha-Masterpiece||SitrusBerry|Hospitality|MatchaGotcha,RagePowder,ShadowBall,Protect|Bold|||||50|]Dragonite||Dragoninite|InnerFocus|Tailwind,Thunderbolt,DracoMeteor,Hurricane|Timid||M|||50|]Kingambit||BlackGlasses|Defiant|SuckerPunch,KowtowCleave,SwordsDance,LowKick|Brave||M|||50|
|showteam|p2|Mawile||Mawilite|Intimidate|PlayRough,SuckerPunch,IronHead,Protect|Adamant||F|||50|]Dragalge||LifeOrb|Adaptability|Thunderbolt,DragonPulse,SludgeBomb,Scald|Modest||F|||50|]Farigiraf||ColburBerry|ArmorTail|HyperVoice,Psychic,HelpingHand,TrickRoom|Modest||M|||50|]Torkoal||Charcoal|Drought|EarthPower,Eruption,WeatherBall,Protect|Modest||F|||50|]Sinistcha||SitrusBerry|Hospitality|MatchaGotcha,RagePowder,TrickRoom,Protect|Quiet|||||50|]Typhlosion-Hisui||FocusSash|Frisk|Eruption,HeatWave,ShadowBall,Protect|Modest||M|||50|
|inactive|Battle timer is ON: inactive players will automatically lose when time's up. (requested by GliscorSandwich)
|inactive|JohnKaisen067 has 60 seconds left.
|
|t:|1782183721
|teamsize|p1|4
|teamsize|p2|4
|start
|switch|p1a: Altaria|Altaria, L50, M|100/100
|switch|p1b: Incineroar|Incineroar, L50, M|100/100
|switch|p2a: Torkoal|Torkoal, L50, F|100/100
|switch|p2b: Typhlosion|Typhlosion-Hisui, L50, M|100/100
|-item|p1a: Altaria|Altarianite|[from] ability: Frisk|[of] p2b: Typhlosion
|-item|p1b: Incineroar|Shuca Berry|[from] ability: Frisk|[of] p2b: Typhlosion
|-ability|p1a: Altaria|Cloud Nine
|-ability|p1b: Incineroar|Intimidate|boost
|-unboost|p2a: Torkoal|atk|1
|-unboost|p2b: Typhlosion|atk|1
|-weather|SunnyDay|[from] ability: Drought|[of] p2a: Torkoal
|turn|1
|
|t:|1782183744
|switch|p2b: Farigiraf|Farigiraf, L50, M|100/100
|move|p1a: Altaria|Protect|p1a: Altaria
|-singleturn|p1a: Altaria|Protect
|move|p1b: Incineroar|Darkest Lariat|p2b: Farigiraf
|-supereffective|p2b: Farigiraf|1
|-enditem|p2b: Farigiraf|Colbur Berry|[eat]
|-enditem|p2b: Farigiraf|Colbur Berry|[weaken]
|-damage|p2b: Farigiraf|65/100
|move|p2a: Torkoal|Earth Power|p1b: Incineroar
|-supereffective|p1b: Incineroar|1
|-crit|p1b: Incineroar
|-enditem|p1b: Incineroar|Shuca Berry|[eat]
|-enditem|p1b: Incineroar|Shuca Berry|[weaken]
|-damage|p1b: Incineroar|65/100
|
|-weather|SunnyDay|[upkeep]
|upkeep
|turn|2
|inactive|JohnKaisen067 has 30 seconds left.
|inactive|JohnKaisen067 has 20 seconds left.
|inactive|JohnKaisen067 has 15 seconds left.
|inactive|JohnKaisen067 has 10 seconds left.
|inactive|JohnKaisen067 has 5 seconds left.
|
|t:|1782183797
|switch|p1b: Farigiraf|Farigiraf, L50, M|100/100
|move|p2b: Farigiraf|Helping Hand|p2a: Torkoal
|-singleturn|p2a: Torkoal|Helping Hand|[of] p2b: Farigiraf
|move|p1a: Altaria|Dragon Pulse|p2a: Torkoal
|-damage|p2a: Torkoal|55/100
|move|p2a: Torkoal|Eruption|p1a: Altaria|[spread] p1a,p1b
|-resisted|p1a: Altaria|1
|-crit|p1b: Farigiraf
|-damage|p1a: Altaria|76/100
|-damage|p1b: Farigiraf|46/100
|
|-weather|SunnyDay|[upkeep]
|upkeep
|turn|3
|inactive|JohnKaisen067 has 30 seconds left.
|
|t:|1782183828
|switch|p2a: Typhlosion|Typhlosion-Hisui, L50, M|100/100
|-item|p1a: Altaria|Altarianite|[from] ability: Frisk|[of] p2a: Typhlosion
|-item|p1b: Farigiraf|Colbur Berry|[from] ability: Frisk|[of] p2a: Typhlosion
|detailschange|p1a: Altaria|Altaria-Mega, L50, M
|-mega|p1a: Altaria|Altaria|Altarianite
|move|p1a: Altaria|Hyper Voice|p2a: Typhlosion|[spread] p2a,p2b
|-resisted|p2a: Typhlosion|1
|-damage|p2a: Typhlosion|73/100
|-damage|p2b: Farigiraf|21/100
|move|p2b: Farigiraf|Hyper Voice|p1b: Farigiraf|[spread] p1a,p1b
|-damage|p1a: Altaria|48/100
|-damage|p1b: Farigiraf|26/100
|move|p1b: Farigiraf|Hyper Voice|p2b: Farigiraf|[spread] p2b
|-immune|p2a: Typhlosion
|-damage|p2b: Farigiraf|0 fnt
|faint|p2b: Farigiraf
|
|-weather|SunnyDay|[upkeep]
|upkeep
|
|t:|1782183848
|switch|p2b: Torkoal|Torkoal, L50, F|55/100
|turn|4
|inactive|JohnKaisen067 has 30 seconds left.
|
|t:|1782183875
|move|p1a: Altaria|Protect|p1a: Altaria
|-singleturn|p1a: Altaria|Protect
|move|p1b: Farigiraf|Protect|p1b: Farigiraf
|-singleturn|p1b: Farigiraf|Protect
|move|p2a: Typhlosion|Eruption|p1b: Farigiraf|[spread] 
|-activate|p1a: Altaria|move: Protect
|-activate|p1b: Farigiraf|move: Protect
|move|p2b: Torkoal|Weather Ball|p1a: Altaria
|-activate|p1a: Altaria|move: Protect
|
|-weather|SunnyDay|[upkeep]
|upkeep
|turn|5
|
|t:|1782183886
|move|p1b: Farigiraf|Helping Hand|p1a: Altaria
|-singleturn|p1a: Altaria|Helping Hand|[of] p1b: Farigiraf
|move|p2a: Typhlosion|Eruption|p1a: Altaria|[spread] p1a,p1b
|-resisted|p1a: Altaria|1
|-damage|p1a: Altaria|15/100
|-damage|p1b: Farigiraf|0 fnt
|faint|p1b: Farigiraf
|move|p1a: Altaria|Hyper Voice|p2a: Typhlosion|[spread] p2a,p2b
|-resisted|p2a: Typhlosion|1
|-resisted|p2b: Torkoal|1
|-damage|p2a: Typhlosion|37/100
|-damage|p2b: Torkoal|15/100
|move|p2b: Torkoal|Weather Ball|p1a: Altaria
|-resisted|p1a: Altaria|1
|-damage|p1a: Altaria|0 fnt
|faint|p1a: Altaria
|
|-weather|none
|upkeep
|
|t:|1782183890
|switch|p1a: Kingambit|Kingambit, L50, M|100/100
|switch|p1b: Incineroar|Incineroar, L50, M|65/100
|-ability|p1b: Incineroar|Intimidate|boost
|-unboost|p2a: Typhlosion|atk|1
|-unboost|p2b: Torkoal|atk|1
|turn|6
|inactive|JohnKaisen067 has 30 seconds left.
|
|t:|1782183920
|move|p2a: Typhlosion|Protect|p2a: Typhlosion
|-singleturn|p2a: Typhlosion|Protect
|move|p2b: Torkoal|Protect|p2b: Torkoal
|-singleturn|p2b: Torkoal|Protect
|move|p1a: Kingambit|Sucker Punch||[still]
|-fail|p1a: Kingambit
|move|p1b: Incineroar|Darkest Lariat|p2b: Torkoal
|-activate|p2b: Torkoal|move: Protect
|
|upkeep
|turn|7
|inactive|JohnKaisen067 has 30 seconds left.
|inactive|GliscorSandwich has 30 seconds left.
|inactive|JohnKaisen067 has 20 seconds left.
|
|t:|1782183957
|switch|p2a: Dragalge|Dragalge, L50, F|100/100
|move|p1a: Kingambit|Sucker Punch|p2b: Torkoal
|-damage|p2b: Torkoal|0 fnt
|faint|p2b: Torkoal
|move|p1b: Incineroar|Flare Blitz|p2a: Dragalge
|-resisted|p2a: Dragalge|1
|-damage|p2a: Dragalge|61/100
|-damage|p1b: Incineroar|54/100|[from] Recoil
|
|upkeep
|
|t:|1782183966
|switch|p2b: Typhlosion|Typhlosion-Hisui, L50, M|37/100
|-item|p1a: Kingambit|Black Glasses|[from] ability: Frisk|[of] p2b: Typhlosion
|turn|8
|
|t:|1782183987
|move|p2b: Typhlosion|Protect|p2b: Typhlosion
|-singleturn|p2b: Typhlosion|Protect
|move|p1a: Kingambit|Sucker Punch|p2a: Dragalge
|-damage|p2a: Dragalge|3/100
|move|p1b: Incineroar|Darkest Lariat|p2a: Dragalge
|-damage|p2a: Dragalge|0 fnt
|faint|p2a: Dragalge
|
|upkeep
|turn|9
|c|☆JohnKaisen067|Niceee readss
|
|t:|1782184004
|move|p1a: Kingambit|Sucker Punch|p2b: Typhlosion
|-supereffective|p2b: Typhlosion|1
|-damage|p2b: Typhlosion|0 fnt
|faint|p2b: Typhlosion
|
|win|GliscorSandwich
|raw|GliscorSandwich's rating: 1081 → 1104(+23 for winning)
|raw|JohnKaisen067's rating: 1023 → 1012(-11 for losing)
|c|☆GliscorSandwich|thx
|c|☆GliscorSandwich|ggs
|c|☆JohnKaisen067|GG
