|j|☆genetakavic
|j|☆Pinoitaliano
|html|genetakavicPinoitaliano    
|uhtml|bestof|Game 2 of a best-of-3
|t:|1756224041
|gametype|doubles
|player|p1|genetakavic|rika|1055
|player|p2|Pinoitaliano|rika|1000
|gen|9
|tier|[Gen 9] VGC 2025 Reg H (Bo3)
|rated|
|rule|Species Clause: Limit one of each Pokémon
|rule|Item Clause: Limit 1 of each item
|clearpoke
|poke|p1|Maushold, L50|
|poke|p1|Annihilape, L50, M|
|poke|p1|Gholdengo, L50|
|poke|p1|Basculegion, L50, M|
|poke|p1|Rillaboom, L50, F|
|poke|p1|Dragonite, L50, M|
|poke|p2|Serperior, L50, M|
|poke|p2|Grimmsnarl, L50, M|
|poke|p2|Whimsicott, L50, F|
|poke|p2|Indeedee, L50, M|
|poke|p2|Gallade, L50, M|
|poke|p2|Ceruledge, L50, F|
|teampreview|4
|showteam|p1|Maushold||WideLens|FriendGuard|FollowMe,PopulationBomb,Feint,Protect||||||50|,,,,,Ghost]Annihilape||SitrusBerry|Defiant|RageFist,CloseCombat,FinalGambit,Protect|||M|||50|,,,,,Steel]Gholdengo||ChoiceSpecs|GoodasGold|PowerGem,MakeItRain,ShadowBall,Trick||||||50|,,,,,Water]Basculegion||FocusSash|SwiftSwim|LastRespects,AquaJet,WaveCrash,Protect|||M|||50|,,,,,Ghost]Rillaboom||AssaultVest|GrassySurge|GrassyGlide,HighHorsepower,WoodHammer,FakeOut|||F|||50|,,,,,Fire]Dragonite||LoadedDice|Multiscale|ScaleShot,IceSpinner,Tailwind,Protect|||M|||50|,,,,,Steel
|showteam|p2|Serperior||FocusSash|Contrary|LeafStorm,TeraBlast,Protect,DragonPulse|||M|||50|,,,,,Stellar]Grimmsnarl||LightClay|Prankster|LightScreen,Reflect,ScaryFace,SpiritBreak|||M|||50|,,,,,Ghost]Whimsicott||CovertCloak|Prankster|Tailwind,Protect,Moonblast,Encore|||F|||50|,,,,,Steel]Indeedee||ChoiceScarf|PsychicSurge|ExpandingForce,Protect,TeraBlast,ShadowBall|||M|||50|,,,,,Fairy]Gallade||ClearAmulet|Sharpness|SacredSword,AquaCutter,Protect,LeafBlade|||M|||50|,,,,,Ground]Ceruledge||Leftovers|FlashFire|BulkUp,BitterBlade,ShadowSneak,Protect|||F|||50|,,,,,Grass
|inactive|Battle timer is ON: inactive players will automatically lose when time's up. (requested by genetakavic)
|inactive|Pinoitaliano also wants the timer to be on.
|
|t:|1756224069
|teamsize|p1|4
|teamsize|p2|4
|start
|switch|p1a: Maushold|Maushold, L50|100/100
|switch|p1b: Gholdengo|Gholdengo, L50|100/100
|switch|p2a: Serperior|Serperior, L50, M|100/100
|switch|p2b: Whimsicott|Whimsicott, L50, F|100/100
|turn|1
|inactive|Pinoitaliano has 30 seconds left.
|
|t:|1756224095
|move|p2b: Whimsicott|Protect|p2b: Whimsicott
|-singleturn|p2b: Whimsicott|Protect
|move|p2a: Serperior|Protect|p2a: Serperior
|-singleturn|p2a: Serperior|Protect
|move|p1a: Maushold|Feint|p2a: Serperior
|-activate|p2a: Serperior|move: Feint
|-damage|p2a: Serperior|88/100
|move|p1b: Gholdengo|Make It Rain|p2b: Whimsicott|[spread] p2a
|-activate|p2b: Whimsicott|move: Protect
|-damage|p2a: Serperior|2/100
|-unboost|p1b: Gholdengo|spa|1
|
|upkeep
|turn|2
|inactive|Pinoitaliano has 30 seconds left.
|
|t:|1756224122
|-terastallize|p2a: Serperior|Stellar
|move|p2b: Whimsicott|Encore|p1a: Maushold
|-start|p1a: Maushold|Encore
|move|p2a: Serperior|Tera Blast|p1b: Gholdengo|[anim] Tera Blast Stellar
|-damage|p1b: Gholdengo|76/100
|-boost|p2a: Serperior|atk|1
|-boost|p2a: Serperior|spa|1
|move|p1b: Gholdengo|Make It Rain|p2a: Serperior|[spread] p2a,p2b
|-supereffective|p2b: Whimsicott
|-damage|p2a: Serperior|0 fnt
|-damage|p2b: Whimsicott|0 fnt
|-unboost|p1b: Gholdengo|spa|1
|faint|p2a: Serperior
|faint|p2b: Whimsicott
|move|p1a: Maushold|Feint|p2: Serperior|[notarget]
|-fail|p1a: Maushold
|
|upkeep
|
|t:|1756224142
|switch|p2a: Indeedee|Indeedee, L50, M|100/100
|switch|p2b: Ceruledge|Ceruledge, L50, F|100/100
|-fieldstart|move: Psychic Terrain|[from] ability: Psychic Surge|[of] p2a: Indeedee
|turn|3
|
|t:|1756224157
|switch|p1b: Rillaboom|Rillaboom, L50, F|100/100
|-fieldstart|move: Grassy Terrain|[from] ability: Grassy Surge|[of] p1b: Rillaboom
|move|p1a: Maushold|Feint|p2b: Ceruledge
|-immune|p2b: Ceruledge
|move|p2a: Indeedee|Expanding Force|p1a: Maushold
|-damage|p1a: Maushold|62/100
|move|p2b: Ceruledge|Bitter Blade|p1b: Rillaboom
|-supereffective|p1b: Rillaboom
|-damage|p1b: Rillaboom|35/100
|
|-heal|p1a: Maushold|68/100|[from] Grassy Terrain
|-heal|p1b: Rillaboom|41/100|[from] Grassy Terrain
|upkeep
|turn|4
|
|t:|1756224180
|switch|p1a: Gholdengo|Gholdengo, L50|76/100
|-terastallize|p1b: Rillaboom|Fire
|move|p2a: Indeedee|Expanding Force|p1b: Rillaboom
|-damage|p1b: Rillaboom|18/100
|move|p1b: Rillaboom|Wood Hammer|p2a: Indeedee
|-damage|p2a: Indeedee|0 fnt
|faint|p2a: Indeedee
|-damage|p1b: Rillaboom|0 fnt|[from] Recoil
|faint|p1b: Rillaboom
|move|p2b: Ceruledge|Bulk Up|p2b: Ceruledge
|-boost|p2b: Ceruledge|atk|1
|-boost|p2b: Ceruledge|def|1
|
|-heal|p1a: Gholdengo|82/100|[from] Grassy Terrain
|upkeep
|
|t:|1756224191
|switch|p1b: Maushold|Maushold, L50|68/100
|turn|5
|inactive|genetakavic has 30 seconds left.
|
|t:|1756224223
|move|p1a: Gholdengo|Trick|p2b: Ceruledge
|-activate|p1a: Gholdengo|move: Trick|[of] p2b: Ceruledge
|-item|p2b: Ceruledge|Choice Specs|[from] move: Trick
|-item|p1a: Gholdengo|Leftovers|[from] move: Trick
|move|p1b: Maushold|Population Bomb|p2b: Ceruledge
|-immune|p2b: Ceruledge
|move|p2b: Ceruledge|Bitter Blade|p1a: Gholdengo
|-supereffective|p1a: Gholdengo
|-damage|p1a: Gholdengo|0 fnt
|faint|p1a: Gholdengo
|
|-heal|p1b: Maushold|74/100|[from] Grassy Terrain
|upkeep
|
|t:|1756224232
|switch|p1a: Basculegion|Basculegion, L50, M|100/100
|turn|6
|
|t:|1756224243
|move|p1b: Maushold|Follow Me|p1b: Maushold
|-singleturn|p1b: Maushold|move: Follow Me
|move|p1a: Basculegion|Wave Crash|p2b: Ceruledge
|-supereffective|p2b: Ceruledge
|-damage|p2b: Ceruledge|8/100
|-damage|p1a: Basculegion|72/100|[from] Recoil
|move|p2b: Ceruledge|Bitter Blade|p1b: Maushold
|-damage|p1b: Maushold|1/100
|-heal|p2b: Ceruledge|44/100|[from] drain|[of] p1b: Maushold
|
|-heal|p1b: Maushold|7/100|[from] Grassy Terrain
|-heal|p1a: Basculegion|78/100|[from] Grassy Terrain
|-heal|p2b: Ceruledge|50/100|[from] Grassy Terrain
|upkeep
|turn|7
|
|t:|1756224259
|move|p1b: Maushold|Follow Me|p1b: Maushold
|-singleturn|p1b: Maushold|move: Follow Me
|move|p1a: Basculegion|Last Respects|p2b: Ceruledge
|-supereffective|p2b: Ceruledge
|-damage|p2b: Ceruledge|0 fnt
|faint|p2b: Ceruledge
|
|win|genetakavic
||Pinoitaliano is ready for game 3.
|inactive|genetakavic has 30 seconds to confirm battle start!
||genetakavic is ready for game 3.
|uhtml|next|Next: Game 3 of 3
