|j|☆slopmachine
|j|☆dookyinmycookie
|html|slopmachinedookyinmycookie    
|uhtml|bestof|Game 1 of a best-of-3
|t:|1785754517
|gametype|doubles
|player|p1|slopmachine|medium|1206
|player|p2|dookyinmycookie|skyla|1064
|gen|9
|tier|[Gen 9 Champions] VGC 2026 Reg M-B (Bo3)
|rated|
|rule|Species Clause: Limit one of each Pokémon
|rule|Item Clause: Limit 1 of each item
|clearpoke
|poke|p1|Floette-Eternal, L50, F|
|poke|p1|Whimsicott, L50, F|
|poke|p1|Charizard, L50, M|
|poke|p1|Basculegion, L50, M|
|poke|p1|Garchomp, L50, F|
|poke|p1|Incineroar, L50, M|
|poke|p2|Staraptor, L50, M, shiny|
|poke|p2|Whimsicott, L50, M, shiny|
|poke|p2|Arcanine-Hisui, L50, M|
|poke|p2|Tinkaton, L50, F, shiny|
|poke|p2|Basculegion, L50, M|
|poke|p2|Kingambit, L50, F|
|teampreview|4
|showteam|p1|Floette-Eternal||Floettite|FlowerVeil|Protect,DazzlingGleam,DrainingKiss,CalmMind|Modest||F|||50|]Whimsicott||FocusSash|Prankster|Protect,Moonblast,Tailwind,Encore|Timid||F|||50|]Charizard||CharizarditeY|Blaze|Protect,WeatherBall,SolarBeam,HeatWave|Modest||M|||50|]Basculegion||ChoiceScarf|Adaptability|FlipTurn,WaveCrash,LastRespects,AquaJet|Jolly||M|||50|]Garchomp||LifeOrb|RoughSkin|Protect,Earthquake,DragonClaw,RockSlide|Jolly||F|||50|]Incineroar||SitrusBerry|Intimidate|FlareBlitz,ThroatChop,FakeOut,PartingShot|Careful||M|||50|
|showteam|p2|Staraptor||Staraptite|Intimidate|Roost,BraveBird,CloseCombat,Protect|Adamant||M|||50|]Whimsicott||FocusSash|Prankster|EnergyBall,Charm,Tailwind,Protect|Timid||M|||50|]Arcanine-Hisui||ChoiceScarf|FlashFire|RockSlide,ExtremeSpeed,FlareBlitz,HeadSmash|Jolly||M|||50|]Tinkaton||SitrusBerry|MoldBreaker|FakeOut,PlayRough,GigatonHammer,Protect|Adamant||F|||50|]Basculegion||LifeOrb|Adaptability|LastRespects,WaveCrash,AquaJet,Protect|Adamant||M|||50|]Kingambit||BlackGlasses|Defiant|KowtowCleave,SuckerPunch,IronHead,Protect|Adamant||F|||50|
|
|t:|1785754575
|teamsize|p1|4
|teamsize|p2|4
|start
|switch|p1a: Floette|Floette-Eternal, L50, F|100/100
|switch|p1b: Incineroar|Incineroar, L50, M|100/100
|switch|p2a: Arcanine|Arcanine-Hisui, L50, M|100/100
|switch|p2b: Staraptor|Staraptor, L50, M, shiny|100/100
|-ability|p2b: Staraptor|Intimidate|boost
|-unboost|p1a: Floette|atk|1
|-unboost|p1b: Incineroar|atk|1
|-ability|p1b: Incineroar|Intimidate|boost
|-unboost|p2a: Arcanine|atk|1
|-unboost|p2b: Staraptor|atk|1
|turn|1
|
|t:|1785754619
|switch|p2b: Tinkaton|Tinkaton, L50, F, shiny|100/100
|-ability|p2b: Tinkaton|Mold Breaker
|detailschange|p1a: Floette|Floette-Mega, L50, F
|-mega|p1a: Floette|Floette|Floettite
|-ability|p1a: Floette|Fairy Aura
|move|p1b: Incineroar|Fake Out|p2a: Arcanine
|-resisted|p2a: Arcanine|1
|-damage|p2a: Arcanine|95/100
|cant|p2a: Arcanine|flinch
|move|p1a: Floette|Calm Mind|p1a: Floette
|-boost|p1a: Floette|spa|1
|-boost|p1a: Floette|spd|1
|
|upkeep
|turn|2
|j| mayankhardrock
|
|t:|1785754659
|move|p2b: Tinkaton|Fake Out|p1b: Incineroar
|-damage|p1b: Incineroar|91/100
|move|p2a: Arcanine|Head Smash|p1b: Incineroar
|-supereffective|p1b: Incineroar|1
|-damage|p1b: Incineroar|15/100
|-enditem|p1b: Incineroar|Sitrus Berry|[eat]
|-heal|p1b: Incineroar|40/100|[from] item: Sitrus Berry
|-damage|p2a: Arcanine|51/100|[from] Recoil
|move|p1a: Floette|Calm Mind|p1a: Floette
|-boost|p1a: Floette|spa|1
|-boost|p1a: Floette|spd|1
|cant|p1b: Incineroar|flinch
|
|upkeep
|turn|3
|inactive|Battle timer is ON: inactive players will automatically lose when time's up. (requested by dookyinmycookie)
|
|t:|1785754688
|switch|p1b: Whimsicott|Whimsicott, L50, F|100/100
|move|p1a: Floette|Protect|p1a: Floette
|-singleturn|p1a: Floette|Protect
|move|p2a: Arcanine|Head Smash|p1b: Whimsicott|[miss]
|-miss|p2a: Arcanine|p1b: Whimsicott
|move|p2b: Tinkaton|Play Rough|p1a: Floette
|-activate|p1a: Floette|move: Protect
|
|upkeep
|turn|4
|
|t:|1785754709
|switch|p1b: Incineroar|Incineroar, L50, M|40/100
|-ability|p1b: Incineroar|Intimidate|boost
|-unboost|p2a: Arcanine|atk|1
|-unboost|p2b: Tinkaton|atk|1
|move|p2a: Arcanine|Head Smash|p1a: Floette
|-damage|p1a: Floette|63/100
|-damage|p2a: Arcanine|32/100|[from] Recoil
|move|p1a: Floette|Dazzling Gleam|p2b: Tinkaton|[spread] p2a,p2b
|-resisted|p2a: Arcanine|1
|-resisted|p2b: Tinkaton|1
|-damage|p2a: Arcanine|0 fnt
|-damage|p2b: Tinkaton|54/100
|faint|p2a: Arcanine
|move|p2b: Tinkaton|Gigaton Hammer|p1a: Floette
|-supereffective|p1a: Floette|1
|-damage|p1a: Floette|0 fnt
|faint|p1a: Floette
|
|upkeep
|
|t:|1785754732
|switch|p2a: Staraptor|Staraptor, L50, M, shiny|100/100
|switch|p1a: Basculegion|Basculegion, L50, M|100/100
|-ability|p2a: Staraptor|Intimidate|boost
|-unboost|p1a: Basculegion|atk|1
|-unboost|p1b: Incineroar|atk|1
|turn|5
|inactive|dookyinmycookie has 30 seconds left.
|inactive|dookyinmycookie has 20 seconds left.
|inactive|dookyinmycookie has 15 seconds left.
|inactive|dookyinmycookie has 10 seconds left.
|
|t:|1785754778
|detailschange|p2a: Staraptor|Staraptor-Mega, L50, M, shiny
|-mega|p2a: Staraptor|Staraptor|Staraptite
|move|p1b: Incineroar|Fake Out|p2a: Staraptor
|-damage|p2a: Staraptor|92/100
|move|p1a: Basculegion|Last Respects|p2b: Tinkaton
|-damage|p2b: Tinkaton|8/100
|-enditem|p2b: Tinkaton|Sitrus Berry|[eat]
|-heal|p2b: Tinkaton|33/100|[from] item: Sitrus Berry
|cant|p2a: Staraptor|flinch
|move|p2b: Tinkaton|Play Rough|p1a: Basculegion
|-damage|p1a: Basculegion|69/100
|
|upkeep
|turn|6
|inactive|slopmachine has 30 seconds left.
|inactive|dookyinmycookie has 30 seconds left.
|inactive|slopmachine has 20 seconds left.
|
|t:|1785754815
|switch|p1a: Whimsicott|Whimsicott, L50, F|100/100
|move|p2a: Staraptor|Close Combat|p1b: Incineroar
|-supereffective|p1b: Incineroar|1
|-damage|p1b: Incineroar|0 fnt
|-boost|p2a: Staraptor|def|1
|-boost|p2a: Staraptor|spd|1
|faint|p1b: Incineroar
|move|p2b: Tinkaton|Play Rough|p1a: Whimsicott
|-damage|p1a: Whimsicott|64/100
|
|upkeep
|
|t:|1785754826
|switch|p1b: Basculegion|Basculegion, L50, M|69/100
|turn|7
|inactive|slopmachine has 30 seconds left.
|
|t:|1785754851
|move|p2a: Staraptor|Protect|p2a: Staraptor
|-singleturn|p2a: Staraptor|Protect
|move|p1a: Whimsicott|Encore|p2a: Staraptor
|-activate|p2a: Staraptor|move: Protect
|move|p1b: Basculegion|Last Respects|p2b: Tinkaton
|-damage|p2b: Tinkaton|0 fnt
|faint|p2b: Tinkaton
|
|upkeep
|
|t:|1785754859
|switch|p2b: Whimsicott|Whimsicott, L50, M, shiny|100/100
|turn|8
|inactive|slopmachine has 30 seconds left.
|inactive|dookyinmycookie has 30 seconds left.
|inactive|slopmachine has 20 seconds left.
|inactive|slopmachine has 15 seconds left.
|inactive|dookyinmycookie has 20 seconds left.
|inactive|slopmachine has 10 seconds left.
|
|t:|1785754907
|move|p2a: Staraptor|Protect||[still]
|-fail|p2a: Staraptor
|move|p1a: Whimsicott|Encore|p2a: Staraptor
|-start|p2a: Staraptor|Encore
|move|p2b: Whimsicott|Charm|p1b: Basculegion
|-unboost|p1b: Basculegion|atk|2
|move|p1b: Basculegion|Last Respects|p2b: Whimsicott
|-damage|p2b: Whimsicott|31/100
|
|upkeep
|turn|9
|
|t:|1785754926
|move|p2b: Whimsicott|Protect|p2b: Whimsicott
|-singleturn|p2b: Whimsicott|Protect
|move|p2a: Staraptor|Protect|p2a: Staraptor
|-singleturn|p2a: Staraptor|Protect
|move|p1b: Basculegion|Last Respects|p2b: Whimsicott
|-activate|p2b: Whimsicott|move: Protect
|move|p1a: Whimsicott|Moonblast|p2b: Whimsicott
|-activate|p2b: Whimsicott|move: Protect
|
|upkeep
|turn|10
|inactive|dookyinmycookie has 30 seconds left.
|inactive|dookyinmycookie has 20 seconds left.
|
|t:|1785754965
|move|p2a: Staraptor|Protect||[still]
|-fail|p2a: Staraptor
|move|p1a: Whimsicott|Encore|p2b: Whimsicott
|-start|p2b: Whimsicott|Encore
|move|p2b: Whimsicott|Protect|p2b: Whimsicott
|-singleturn|p2b: Whimsicott|Protect
|move|p1b: Basculegion|Last Respects|p2a: Staraptor
|-damage|p2a: Staraptor|62/100
|
|upkeep
|turn|11
|
|t:|1785754989
|move|p2b: Whimsicott|Protect|p2b: Whimsicott
|-singleturn|p2b: Whimsicott|Protect
|move|p2a: Staraptor|Protect|p2a: Staraptor
|-singleturn|p2a: Staraptor|Protect
|move|p1b: Basculegion|Last Respects|p2a: Staraptor
|-activate|p2a: Staraptor|move: Protect
|move|p1a: Whimsicott|Moonblast|p2b: Whimsicott
|-activate|p2b: Whimsicott|move: Protect
|
|-end|p2a: Staraptor|Encore
|upkeep
|turn|12
|
|t:|1785755004
|move|p2b: Whimsicott|Protect||[still]
|-fail|p2b: Whimsicott
|move|p1a: Whimsicott|Encore|p2a: Staraptor
|-start|p2a: Staraptor|Encore
|move|p2a: Staraptor|Protect||[still]
|-fail|p2a: Staraptor
|move|p1b: Basculegion|Last Respects|p2b: Whimsicott
|-damage|p2b: Whimsicott|0 fnt
|faint|p2b: Whimsicott
|
|upkeep
|turn|13
|-message|dookyinmycookie forfeited.
|
|win|slopmachine
|l|☆dookyinmycookie
|player|p2|
||dookyinmycookie is ready for game 2.
||slopmachine is ready for game 2.
|uhtml|next|Next: Game 2 of 3
|l| mayankhardrock
