|j|☆Fenozi
|j|☆shalecross
|html|Fenozishalecross    
|uhtml|bestof|Game 2 of a best-of-3
|t:|1755721087
|gametype|doubles
|player|p1|Fenozi|veteran|1224
|player|p2|shalecross|102|1190
|gen|9
|tier|[Gen 9] VGC 2025 Reg H (Bo3)
|rated|
|rule|Species Clause: Limit one of each Pokémon
|rule|Item Clause: Limit 1 of each item
|clearpoke
|poke|p1|Pelipper, L50, M|
|poke|p1|Sinistcha, L50|
|poke|p1|Ursaluna, L50, F|
|poke|p1|Dragonite, L50, M|
|poke|p1|Archaludon, L50, M|
|poke|p1|Incineroar, L50, M|
|poke|p2|Kingambit, L50, M|
|poke|p2|Zoroark-Hisui, L50, M|
|poke|p2|Rillaboom, L50, F|
|poke|p2|Volcarona, L50, M|
|poke|p2|Tauros-Paldea-Aqua, L50, M|
|poke|p2|Clefable, L50, F|
|teampreview|4
|showteam|p1|Pelipper||FocusSash|Drizzle|MuddyWater,Hurricane,Tailwind,Protect|||M|||50|,,,,,Ghost]Sinistcha||SitrusBerry|Hospitality|MatchaGotcha,LifeDew,RagePowder,TrickRoom||||||50|,,,,,Dark]Ursaluna||FlameOrb|Guts|Facade,HeadlongRush,Earthquake,Protect|||F|||50|,,,,,Ghost]Dragonite||LoadedDice|Multiscale|ScaleShot,ExtremeSpeed,Tailwind,Protect|||M|||50|,,,,,Steel]Archaludon||AssaultVest|Stamina|ElectroShot,DragonPulse,Snarl,BodyPress|||M|||50|,,,,,Bug]Incineroar||SafetyGoggles|Intimidate|KnockOff,Taunt,PartingShot,FakeOut|||M|||50|,,,,,Ghost
|showteam|p2|Kingambit||BlackGlasses|Defiant|SuckerPunch,KowtowCleave,SwordsDance,Protect|||M|||50|,,,,,Ghost]Zoroark-Hisui||ChoiceSpecs|Illusion|HyperVoice,ShadowBall,HyperBeam,Flamethrower|||M|||50|,,,,,Normal]Rillaboom||AssaultVest|GrassySurge|FakeOut,GrassyGlide,WoodHammer,HighHorsepower|||F|||50|,,,,,Fire]Volcarona||CovertCloak|FlameBody|QuiverDance,HeatWave,GigaDrain,Protect|||M|||50|,,,,,Grass]Tauros-Paldea-Aqua||GrassySeed|Intimidate|WaveCrash,BodyPress,Protect,AquaJet|||M|||50|,,,,,Fire]Clefable||SafetyGoggles|Unaware|Moonblast,FollowMe,Protect,HelpingHand|||F|||50|,,,,,Ghost
|inactive|Battle timer is ON: inactive players will automatically lose when time's up. (requested by Fenozi)
|
|t:|1755721110
|teamsize|p1|4
|teamsize|p2|4
|start
|switch|p1a: Archaludon|Archaludon, L50, M|100/100
|switch|p1b: Pelipper|Pelipper, L50, M|100/100
|switch|p2a: Clefable|Clefable, L50, F|100/100
|switch|p2b: Kingambit|Kingambit, L50, M|100/100
|-weather|RainDance|[from] ability: Drizzle|[of] p1b: Pelipper
|turn|1
|inactive|Fenozi has 30 seconds left.
|inactive|shalecross has 30 seconds left.
|
|t:|1755721138
|move|p2a: Clefable|Shadow Ball|p1a: Archaludon
|-damage|p1a: Archaludon|59/100
|-ability|p1a: Archaludon|Stamina|boost
|-boost|p1a: Archaludon|def|1
|move|p1b: Pelipper|Hurricane|p2b: Kingambit
|-resisted|p2b: Kingambit
|-damage|p2b: Kingambit|79/100
|move|p1a: Archaludon|Electro Shot||[still]
|-prepare|p1a: Archaludon|Electro Shot
|-boost|p1a: Archaludon|spa|1
|-anim|p1a: Archaludon|Electro Shot|p2b: Kingambit
|-damage|p2b: Kingambit|15/100
|move|p2b: Kingambit|Swords Dance|p2b: Kingambit
|-boost|p2b: Kingambit|atk|2
|
|-weather|RainDance|[upkeep]
|upkeep
|turn|2
|inactive|Fenozi has 30 seconds left.
|inactive|shalecross has 30 seconds left.
|inactive|Fenozi has 20 seconds left.
|inactive|Fenozi has 15 seconds left.
|inactive|shalecross has 20 seconds left.
|inactive|Fenozi has 10 seconds left.
|
|t:|1755721186
|-terastallize|p1a: Archaludon|Bug
|move|p1b: Pelipper|Protect|p1b: Pelipper
|-singleturn|p1b: Pelipper|Protect
|move|p2b: Kingambit|Protect|p2b: Kingambit
|-singleturn|p2b: Kingambit|Protect
|move|p2a: Clefable|Shadow Ball|p1b: Pelipper
|-activate|p1b: Pelipper|move: Protect
|move|p1a: Archaludon|Body Press|p2b: Kingambit
|-activate|p2b: Kingambit|move: Protect
|
|-weather|RainDance|[upkeep]
|upkeep
|turn|3
|inactive|shalecross has 30 seconds left.
|
|t:|1755721211
|move|p2b: Kingambit|Sucker Punch|p1a: Archaludon
|-damage|p1a: Archaludon|14/100
|-ability|p1a: Archaludon|Stamina|boost
|-boost|p1a: Archaludon|def|1
|move|p2a: Clefable|Shadow Ball|p1a: Archaludon
|-damage|p1a: Archaludon|0 fnt
|faint|p1a: Archaludon
|move|p1b: Pelipper|Hurricane|p2a: Clefable
|-damage|p2a: Clefable|13/100
|replace|p2a: Zoroark|Zoroark-Hisui, L50, M
|-end|p2a: Zoroark|Illusion
|
|-weather|RainDance|[upkeep]
|upkeep
|
|t:|1755721217
|switch|p1a: Dragonite|Dragonite, L50, M|100/100
|turn|4
|
|t:|1755721230
|-terastallize|p2b: Kingambit|Ghost
|move|p1a: Dragonite|Extreme Speed|p2b: Kingambit
|-immune|p2b: Kingambit
|move|p2b: Kingambit|Sucker Punch||[still]
|-fail|p2b: Kingambit
|move|p2a: Zoroark|Shadow Ball|p1a: Dragonite
|-damage|p1a: Dragonite|68/100
|move|p1b: Pelipper|Hurricane|p2a: Zoroark
|-damage|p2a: Zoroark|0 fnt
|faint|p2a: Zoroark
|
|-weather|RainDance|[upkeep]
|upkeep
|
|t:|1755721240
|switch|p2a: Clefable|Clefable, L50, F|100/100
|turn|5
|
|t:|1755721247
|move|p1a: Dragonite|Protect|p1a: Dragonite
|-singleturn|p1a: Dragonite|Protect
|move|p1b: Pelipper|Muddy Water|p2b: Kingambit|[spread] p2a
|-miss|p1b: Pelipper|p2b: Kingambit
|-damage|p2a: Clefable|68/100
|-unboost|p2a: Clefable|accuracy|1
|move|p2a: Clefable|Moonblast|p1b: Pelipper
|-damage|p1b: Pelipper|41/100
|-unboost|p1b: Pelipper|spa|1
|move|p2b: Kingambit|Kowtow Cleave|p1b: Pelipper
|-damage|p1b: Pelipper|0 fnt
|faint|p1b: Pelipper
|
|-weather|none
|upkeep
|
|t:|1755721256
|switch|p1b: Sinistcha|Sinistcha, L50|100/100
|-heal|p1a: Dragonite|93/100|[from] ability: Hospitality|[of] p1b: Sinistcha
|turn|6
|
|t:|1755721277
|move|p1a: Dragonite|Extreme Speed|p2a: Clefable
|-damage|p2a: Clefable|39/100
|move|p2a: Clefable|Follow Me|p2a: Clefable
|-singleturn|p2a: Clefable|move: Follow Me
|move|p1b: Sinistcha|Matcha Gotcha|p2b: Kingambit|[spread] p2a,p2b
|-damage|p2a: Clefable|19/100
|-damage|p2b: Kingambit|0 fnt
|faint|p2b: Kingambit
|
|upkeep
|
|t:|1755721285
|switch|p2b: Volcarona|Volcarona, L50, M|100/100
|turn|7
|inactive|Fenozi has 30 seconds left.
|
|t:|1755721320
|move|p1a: Dragonite|Extreme Speed|p2a: Clefable
|-damage|p2a: Clefable|0 fnt
|faint|p2a: Clefable
|move|p2b: Volcarona|Quiver Dance|p2b: Volcarona
|-boost|p2b: Volcarona|spa|1
|-boost|p2b: Volcarona|spd|1
|-boost|p2b: Volcarona|spe|1
|move|p1b: Sinistcha|Matcha Gotcha|p2b: Volcarona
|-resisted|p2b: Volcarona
|-damage|p2b: Volcarona|96/100
|
|upkeep
|turn|8
|
|t:|1755721332
|move|p2b: Volcarona|Heat Wave|p1a: Dragonite|[spread] p1a,p1b
|-resisted|p1a: Dragonite
|-supereffective|p1b: Sinistcha
|-damage|p1a: Dragonite|67/100
|-damage|p1b: Sinistcha|15/100
|-status|p1b: Sinistcha|brn
|-enditem|p1b: Sinistcha|Sitrus Berry|[eat]
|-heal|p1b: Sinistcha|40/100 brn|[from] item: Sitrus Berry
|move|p1a: Dragonite|Scale Shot|p2b: Volcarona
|-damage|p2b: Volcarona|79/100
|-damage|p2b: Volcarona|61/100
|-damage|p2b: Volcarona|42/100
|-damage|p2b: Volcarona|25/100
|-hitcount|p2b: Volcarona|4
|-unboost|p1a: Dragonite|def|1
|-boost|p1a: Dragonite|spe|1
|move|p1b: Sinistcha|Life Dew|p1b: Sinistcha|[spread] p1a,p1b
|-heal|p1a: Dragonite|92/100
|-heal|p1b: Sinistcha|65/100 brn
|
|-damage|p1b: Sinistcha|59/100 brn|[from] brn
|upkeep
|turn|9
|
|t:|1755721343
|move|p2b: Volcarona|Heat Wave|p1a: Dragonite|[spread] p1a,p1b
|-resisted|p1a: Dragonite
|-supereffective|p1b: Sinistcha
|-damage|p1a: Dragonite|68/100
|-damage|p1b: Sinistcha|0 fnt
|-status|p1a: Dragonite|brn
|faint|p1b: Sinistcha
|move|p1a: Dragonite|Scale Shot|p2b: Volcarona
|-damage|p2b: Volcarona|16/100
|-damage|p2b: Volcarona|8/100
|-damage|p2b: Volcarona|0 fnt
|faint|p2b: Volcarona
|-hitcount|p2: Volcarona|3
|
|win|Fenozi
|raw|Fenozi's rating: 1224 → 1247(+23 for winning)
|raw|shalecross's rating: 1190 → 1167(-23 for losing)
|c|☆Fenozi|gg
|c|☆shalecross|gg
