|j|☆nutbuster151
|j|☆SunshineTufo
|html|nutbuster151SunshineTufo    
|uhtml|bestof|Game 3 of a best-of-3
|t:|1785175542
|gametype|doubles
|player|p1|nutbuster151|acetrainer|1285
|player|p2|SunshineTufo|li|1264
|gen|9
|tier|[Gen 9 Champions] VGC 2026 Reg M-B (Bo3)
|rated|
|rule|Species Clause: Limit one of each Pokémon
|rule|Item Clause: Limit 1 of each item
|clearpoke
|poke|p1|Kingambit, L50, M|
|poke|p1|Charizard, L50, M|
|poke|p1|Aerodactyl, L50, M|
|poke|p1|Farigiraf, L50, F|
|poke|p1|Garchomp, L50, M|
|poke|p1|Sylveon, L50, M|
|poke|p2|Blaziken, L50, M, shiny|
|poke|p2|Whimsicott, L50, M, shiny|
|poke|p2|Kingambit, L50, M, shiny|
|poke|p2|Basculegion, L50, M, shiny|
|poke|p2|Floette-Eternal, L50, F|
|poke|p2|Glimmora, L50, M, shiny|
|teampreview|4
|showteam|p1|Kingambit||FocusSash|Defiant|KowtowCleave,IronHead,SuckerPunch,LowKick|Adamant||M|||50|]Charizard||CharizarditeY|Blaze|HeatWave,SolarBeam,WeatherBall,Protect|Modest||M|||50|]Aerodactyl||Aerodactylite|Unnerve|RockSlide,DualWingbeat,IceFang,Tailwind|Jolly||M|||50|]Farigiraf||SitrusBerry|ArmorTail|Psychic,Thunderbolt,TrickRoom,Protect|Bold||F|||50|]Garchomp||LifeOrb|RoughSkin|Earthquake,DragonClaw,StompingTantrum,Protect|Jolly||M|||50|]Sylveon||FairyFeather|Pixilate|HyperVoice,HyperBeam,QuickAttack,Protect|Modest||M|||50|
|showteam|p2|Blaziken||Blazikenite|SpeedBoost|FlareBlitz,CloseCombat,RockTomb,Protect|Adamant||M|||50|]Whimsicott||CobaBerry|Prankster|Moonblast,Encore,Tailwind,Protect|Timid||M|||50|]Kingambit||BlackGlasses|Defiant|KowtowCleave,SuckerPunch,IronHead,Protect|Adamant||M|||50|]Basculegion||LifeOrb|Adaptability|WaveCrash,AquaJet,LastRespects,Protect|Adamant||M|||50|]Floette-Eternal||Floettite|FlowerVeil|Moonblast,DazzlingGleam,LightofRuin,Protect|Timid||F|||50|]Glimmora||FocusSash|ToxicDebris|PowerGem,SludgeBomb,EnergyBall,SpikyShield|Timid||M|||50|
|inactive|Battle timer is ON: inactive players will automatically lose when time's up. (requested by SunshineTufo)
|inactive|nutbuster151 has 60 seconds left.
|
|t:|1785175576
|teamsize|p1|4
|teamsize|p2|4
|start
|switch|p1a: Charizard|Charizard, L50, M|100/100
|switch|p1b: Kingambit|Kingambit, L50, M|100/100
|switch|p2a: Blaziken|Blaziken, L50, M, shiny|100/100
|switch|p2b: Floette|Floette-Eternal, L50, F|100/100
|turn|1
|inactive|nutbuster151 has 30 seconds left.
|inactive|nutbuster151 has 20 seconds left.
|inactive|nutbuster151 has 15 seconds left.
|inactive|nutbuster151 has 10 seconds left.
|inactive|nutbuster151 has 5 seconds left.
|
|t:|1785175631
|switch|p1b: Farigiraf|Farigiraf, L50, F|100/100
|detailschange|p1a: Charizard|Charizard-Mega-Y, L50, M
|-mega|p1a: Charizard|Charizard|Charizardite Y
|-weather|SunnyDay|[from] ability: Drought|[of] p1a: Charizard
|move|p2b: Floette|Protect|p2b: Floette
|-singleturn|p2b: Floette|Protect
|move|p2a: Blaziken|Protect|p2a: Blaziken
|-singleturn|p2a: Blaziken|Protect
|move|p1a: Charizard|Heat Wave|p2b: Floette|[spread] 
|-activate|p2a: Blaziken|move: Protect
|-activate|p2b: Floette|move: Protect
|
|-weather|SunnyDay|[upkeep]
|-ability|p2a: Blaziken|Speed Boost|boost
|-boost|p2a: Blaziken|spe|1
|upkeep
|turn|2
|inactive|nutbuster151 has 30 seconds left.
|inactive|nutbuster151 has 20 seconds left.
|inactive|nutbuster151 has 15 seconds left.
|
|t:|1785175672
|move|p1a: Charizard|Protect|p1a: Charizard
|-singleturn|p1a: Charizard|Protect
|move|p2a: Blaziken|Flare Blitz|p1b: Farigiraf
|-damage|p1b: Farigiraf|25/100
|-enditem|p1b: Farigiraf|Sitrus Berry|[eat]
|-heal|p1b: Farigiraf|50/100y|[from] item: Sitrus Berry
|-damage|p2a: Blaziken|64/100|[from] Recoil
|move|p2b: Floette|Dazzling Gleam|p1a: Charizard|[spread] p1b
|-activate|p1a: Charizard|move: Protect
|-damage|p1b: Farigiraf|21/100
|move|p1b: Farigiraf|Trick Room|p1b: Farigiraf
|-fieldstart|move: Trick Room|[of] p1b: Farigiraf
|
|-weather|SunnyDay|[upkeep]
|-ability|p2a: Blaziken|Speed Boost|boost
|-boost|p2a: Blaziken|spe|1
|upkeep
|turn|3
|inactive|nutbuster151 has 30 seconds left.
|inactive|nutbuster151 has 20 seconds left.
|inactive|nutbuster151 has 15 seconds left.
|inactive|nutbuster151 has 10 seconds left.
|inactive|nutbuster151 has 5 seconds left.
|
|t:|1785175723
|switch|p2a: Kingambit|Kingambit, L50, M, shiny|100/100
|move|p1b: Farigiraf|Protect|p1b: Farigiraf
|-singleturn|p1b: Farigiraf|Protect
|move|p2b: Floette|Protect|p2b: Floette
|-singleturn|p2b: Floette|Protect
|move|p1a: Charizard|Weather Ball|p2b: Floette
|-activate|p2b: Floette|move: Protect
|
|-weather|SunnyDay|[upkeep]
|upkeep
|turn|4
|inactive|nutbuster151 has 30 seconds left.
|inactive|nutbuster151 has 20 seconds left.
|
|t:|1785175761
|switch|p1b: Kingambit|Kingambit, L50, M|100/100
|switch|p2b: Basculegion|Basculegion, L50, M, shiny|100/100
|move|p2a: Kingambit|Kowtow Cleave|p1b: Kingambit
|-resisted|p1b: Kingambit|1
|-damage|p1b: Kingambit|74/100
|move|p1a: Charizard|Heat Wave|p2b: Basculegion|[spread] p2a,p2b
|-supereffective|p2a: Kingambit|1
|-resisted|p2b: Basculegion|1
|-damage|p2a: Kingambit|0 fnt
|-damage|p2b: Basculegion|62/100
|faint|p2a: Kingambit
|
|-weather|SunnyDay|[upkeep]
|upkeep
|
|t:|1785175766
|switch|p2a: Blaziken|Blaziken, L50, M, shiny|64/100
|turn|5
|inactive|nutbuster151 has 30 seconds left.
|inactive|nutbuster151 has 20 seconds left.
|inactive|nutbuster151 has 15 seconds left.
|inactive|nutbuster151 has 10 seconds left.
|inactive|nutbuster151 has 5 seconds left.
|
|t:|1785175821
|switch|p2b: Floette|Floette-Eternal, L50, F|100/100
|move|p1b: Kingambit|Kowtow Cleave|p2a: Blaziken
|-resisted|p2a: Blaziken|1
|-damage|p2a: Blaziken|28/100
|move|p1a: Charizard|Heat Wave|p2a: Blaziken|[spread] p2a
|-miss|p1a: Charizard|p2b: Floette
|-resisted|p2a: Blaziken|1
|-damage|p2a: Blaziken|0 fnt
|faint|p2a: Blaziken
|
|-weather|none
|upkeep
|c|☆SunshineTufo|Stop stalling yime bro
|
|t:|1785175832
|switch|p2a: Basculegion|Basculegion, L50, M, shiny|62/100
|turn|6
|inactive|nutbuster151 has 30 seconds left.
|inactive|nutbuster151 has 20 seconds left.
|inactive|nutbuster151 has 15 seconds left.
|inactive|nutbuster151 has 10 seconds left.
|inactive|nutbuster151 has 5 seconds left.
|
|t:|1785175887
|detailschange|p2b: Floette|Floette-Mega, L50, F
|-mega|p2b: Floette|Floette|Floettite
|-ability|p2b: Floette|Fairy Aura
|move|p2a: Basculegion|Protect|p2a: Basculegion
|-singleturn|p2a: Basculegion|Protect
|move|p1b: Kingambit|Kowtow Cleave|p2b: Floette
|-resisted|p2b: Floette|1
|-damage|p2b: Floette|68/100
|move|p1a: Charizard|Heat Wave|p2b: Floette|[spread] p2b
|-activate|p2a: Basculegion|move: Protect
|-damage|p2b: Floette|31/100
|move|p2b: Floette|Moonblast|p1b: Kingambit
|-damage|p1b: Kingambit|0 fnt
|faint|p1b: Kingambit
|
|-fieldend|move: Trick Room
|upkeep
|inactiveoff|Battle timer is now OFF.
|
|t:|1785175911
|switch|p1b: Garchomp|Garchomp, L50, M|100/100
|turn|7
|
|t:|1785175925
|switch|p1a: Farigiraf|Farigiraf, L50, F|21/100
|move|p2a: Basculegion|Aqua Jet||[still]
|cant|p1a: Farigiraf|ability: Armor Tail|Aqua Jet|[of] p2a: Basculegion
|move|p2b: Floette|Dazzling Gleam|p1a: Farigiraf|[spread] p1a,p1b
|-supereffective|p1b: Garchomp|1
|-damage|p1a: Farigiraf|0 fnt
|-damage|p1b: Garchomp|2/100
|faint|p1a: Farigiraf
|move|p1b: Garchomp|Earthquake|p2b: Floette|[spread] p2a,p2b
|-crit|p2a: Basculegion
|-damage|p2a: Basculegion|0 fnt
|-damage|p2b: Floette|0 fnt
|faint|p2a: Basculegion
|faint|p2b: Floette
|-damage|p1b: Garchomp|0 fnt|[from] item: Life Orb
|faint|p1b: Garchomp
|
|win|nutbuster151
|raw|nutbuster151's rating: 1285 → 1308(+23 for winning)
|raw|SunshineTufo's rating: 1264 → 1241(-23 for losing)
|l|☆SunshineTufo
|player|p2|
|c|☆nutbuster151|holy cow
|c|☆nutbuster151|hardest macth of my life
