|j|‽curiositytest
|j|☆dabean16
|html|curiositytestdabean16    
|uhtml|bestof|Game 2 of a best-of-3
|t:|1782960391
|gametype|doubles
|player|p1|curiositytest|drayden|1151
|player|p2|dabean16|101|1155
|gen|9
|tier|[Gen 9 Champions] VGC 2026 Reg M-B (Bo3)
|rated|
|rule|Species Clause: Limit one of each Pokémon
|rule|Item Clause: Limit 1 of each item
|clearpoke
|poke|p1|Sneasler, L50, M|
|poke|p1|Sylveon, L50, M|
|poke|p1|Gholdengo, L50|
|poke|p1|Lycanroc-Dusk, L50, M|
|poke|p1|Sableye, L50, F|
|poke|p1|Dragonite, L50, M|
|poke|p2|Dragonite, L50, F, shiny|
|poke|p2|Scizor, L50, M|
|poke|p2|Incineroar, L50, M|
|poke|p2|Pelipper, L50, F, shiny|
|poke|p2|Basculegion, L50, M, shiny|
|poke|p2|Archaludon, L50, F|
|teampreview|4
|showteam|p1|Sneasler||WhiteHerb|Unburden|FakeOut,DireClaw,CloseCombat,Coaching|Adamant||M|||50|]Sylveon||FairyFeather|Pixilate|HyperVoice,HyperBeam,QuickAttack,Protect|Modest||M|||50|]Gholdengo||Leftovers|GoodasGold|MakeItRain,ShadowBall,NastyPlot,Protect|Modest|||||50|]Lycanroc-Dusk||FocusSash|ToughClaws|Accelerock,RockSlide,CloseCombat,Protect|Jolly||M|||50|]Sableye||RoseliBerry|Prankster|RainDance,WillOWisp,LightScreen,FoulPlay|Sassy||F|||50|]Dragonite||Dragoninite|Multiscale|Hurricane,DracoMeteor,HeatWave,Protect|Modest||M|||50|
|showteam|p2|Dragonite||Dragoninite|Multiscale|Tailwind,Protect,DragonPulse,Flamethrower|Modest||F|||50|]Scizor||Scizorite|Technician|Protect,SwordsDance,CloseCombat,BulletPunch|Adamant||M|||50|]Incineroar||SitrusBerry|Intimidate|FakeOut,ThroatChop,PartingShot,FlareBlitz|Careful||M|||50|]Pelipper||FocusSash|Drizzle|Tailwind,Hurricane,WeatherBall,Protect|Modest||F|||50|]Basculegion||ChoiceScarf|Adaptability|LastRespects,WaveCrash,FlipTurn,AquaJet|Adamant||M|||50|]Archaludon||ChopleBerry|Stamina|ElectroShot,Protect,DragonPulse,AuraSphere|Calm||F|||50|
|
|t:|1782960442
|teamsize|p1|4
|teamsize|p2|4
|start
|switch|p1a: Sneasler|Sneasler, L50, M|100/100
|switch|p1b: Sylveon|Sylveon, L50, M|100/100
|switch|p2a: Basculegion|Basculegion, L50, M, shiny|100/100
|switch|p2b: Dragonite|Dragonite, L50, F, shiny|100/100
|turn|1
|inactive|Battle timer is ON: inactive players will automatically lose when time's up. (requested by curiositytest)
|
|t:|1782960477
|switch|p2b: Pelipper|Pelipper, L50, F, shiny|100/100
|-weather|RainDance|[from] ability: Drizzle|[of] p2b: Pelipper
|move|p2a: Basculegion|Wave Crash|p1b: Sylveon
|-damage|p1b: Sylveon|0 fnt
|faint|p1b: Sylveon
|-damage|p2a: Basculegion|69/100|[from] Recoil
|move|p1a: Sneasler|Dire Claw|p2a: Basculegion
|-resisted|p2a: Basculegion|1
|-damage|p2a: Basculegion|38/100
|
|-weather|RainDance|[upkeep]
|upkeep
|
|t:|1782960484
|switch|p1b: Sableye|Sableye, L50, F|100/100
|turn|2
|
|t:|1782960505
|switch|p2a: Incineroar|Incineroar, L50, M|100/100
|-ability|p2a: Incineroar|Intimidate|boost
|-unboost|p1a: Sneasler|atk|1
|-unboost|p1b: Sableye|atk|1
|-enditem|p1a: Sneasler|White Herb
|-clearnegativeboost|p1a: Sneasler|[silent]
|switch|p1a: Dragonite|Dragonite, L50, M|100/100
|move|p1b: Sableye|Will-O-Wisp|p2a: Incineroar
|-immune|p2a: Incineroar
|move|p2b: Pelipper|Hurricane|p1a: Dragonite
|-damage|p1a: Dragonite|75/100
|
|-weather|RainDance|[upkeep]
|upkeep
|turn|3
|inactive|dabean16 has 30 seconds left.
|inactive|dabean16 has 20 seconds left.
|inactive|dabean16 has 15 seconds left.
|inactive|dabean16 has 10 seconds left.
|inactive|dabean16 has 5 seconds left.
|
|t:|1782960555
|detailschange|p1a: Dragonite|Dragonite-Mega, L50, M
|-mega|p1a: Dragonite|Dragonite|Dragoninite
|move|p1b: Sableye|Light Screen|p1b: Sableye
|-sidestart|p1: curiositytest|move: Light Screen
|move|p1a: Dragonite|Hurricane|p2b: Pelipper
|-enditem|p2b: Pelipper|Focus Sash
|-damage|p2b: Pelipper|1/100
|-start|p2b: Pelipper|confusion
|-activate|p2b: Pelipper|confusion
|move|p2b: Pelipper|Hurricane|p1b: Sableye
|-damage|p1b: Sableye|57/100
|-start|p1b: Sableye|confusion
|move|p2a: Incineroar|Parting Shot|p1a: Dragonite
|-unboost|p1a: Dragonite|atk|1
|-unboost|p1a: Dragonite|spa|1
|inactive|dabean16 has 30 seconds left.
|
|t:|1782960581
|switch|p2a: Dragonite|Dragonite, L50, F, shiny|100/100|[from] Parting Shot
|
|-weather|RainDance|[upkeep]
|upkeep
|turn|4
|inactive|dabean16 has 30 seconds left.
|inactive|dabean16 has 20 seconds left.
|
|t:|1782960618
|detailschange|p2a: Dragonite|Dragonite-Mega, L50, F, shiny
|-mega|p2a: Dragonite|Dragonite|Dragoninite
|move|p2a: Dragonite|Tailwind|p2a: Dragonite
|-sidestart|p2: dabean16|move: Tailwind
|-activate|p2b: Pelipper|confusion
|move|p2b: Pelipper|Hurricane|p1b: Sableye
|-damage|p1b: Sableye|14/100
|move|p1a: Dragonite|Hurricane|p2a: Dragonite
|-damage|p2a: Dragonite|80/100
|-activate|p1b: Sableye|confusion
|move|p1b: Sableye|Foul Play|p2a: Dragonite
|-damage|p2a: Dragonite|47/100
|
|-weather|RainDance|[upkeep]
|upkeep
|turn|5
|
|t:|1782960640
|switch|p1a: Sneasler|Sneasler, L50, M|100/100
|-activate|p1b: Sableye|confusion
|-damage|p1b: Sableye|7/100|[from] confusion
|move|p2a: Dragonite|Dragon Pulse|p1a: Sneasler
|-damage|p1a: Sneasler|52/100
|-activate|p2b: Pelipper|confusion
|move|p2b: Pelipper|Weather Ball|p1b: Sableye
|-damage|p1b: Sableye|0 fnt
|faint|p1b: Sableye
|
|-weather|none
|upkeep
|
|t:|1782960654
|switch|p1b: Dragonite|Dragonite-Mega, L50, M|75/100
|turn|6
|inactive|curiositytest has 30 seconds left.
|
|t:|1782960681
|switch|p2b: Incineroar|Incineroar, L50, M|100/100
|-ability|p2b: Incineroar|Intimidate|boost
|-unboost|p1a: Sneasler|atk|1
|-unboost|p1b: Dragonite|atk|1
|move|p2a: Dragonite|Protect|p2a: Dragonite
|-singleturn|p2a: Dragonite|Protect
|move|p1a: Sneasler|Fake Out|p2a: Dragonite
|-activate|p2a: Dragonite|move: Protect
|move|p1b: Dragonite|Hurricane|p2b: Incineroar
|-damage|p2b: Incineroar|50/100g
|
|upkeep
|turn|7
|
|t:|1782960706
|move|p1b: Dragonite|Protect|p1b: Dragonite
|-singleturn|p1b: Dragonite|Protect
|move|p2b: Incineroar|Fake Out|p1a: Sneasler
|-damage|p1a: Sneasler|33/100
|move|p2a: Dragonite|Dragon Pulse|p1a: Sneasler
|-damage|p1a: Sneasler|0 fnt
|faint|p1a: Sneasler
|
|-sideend|p1: curiositytest|move: Light Screen
|-sideend|p2: dabean16|move: Tailwind
|upkeep
|turn|8
|
|t:|1782960720
|move|p2a: Dragonite|Dragon Pulse|p1b: Dragonite
|-supereffective|p1b: Dragonite|1
|-damage|p1b: Dragonite|0 fnt
|faint|p1b: Dragonite
|
|win|dabean16
|raw|curiositytest's rating: 1151 → 1126(-25 for losing)
|raw|dabean16's rating: 1155 → 1180(+25 for winning)
