|j|☆T1guel
|j|☆mew mew season 2
|html|T1guelmew mew season 2    
|uhtml|bestof|Game 1 of a best-of-3
|t:|1782644846
|gametype|doubles
|player|p1|T1guel|hilbert|1109
|player|p2|mew mew season 2|miku-psychic|1227
|gen|9
|tier|[Gen 9 Champions] VGC 2026 Reg M-B (Bo3)
|rated|
|rule|Species Clause: Limit one of each Pokémon
|rule|Item Clause: Limit 1 of each item
|clearpoke
|poke|p1|Aggron, L50, M|
|poke|p1|Cofagrigus, L50, M|
|poke|p1|Sinistcha, L50|
|poke|p1|Tyranitar, L50, F|
|poke|p1|Incineroar, L50, F|
|poke|p1|Farigiraf, L50, F|
|poke|p2|Floette-Eternal, L50, F|
|poke|p2|Delphox, L50, F|
|poke|p2|Kingambit, L50, F|
|poke|p2|Sneasler, L50, M|
|poke|p2|Sinistcha, L50|
|poke|p2|Incineroar, L50, F|
|teampreview|4
|showteam|p1|Aggron||Aggronite|Sturdy|BodyPress,HeavySlam,Protect,IronDefense|Sassy||M|||50|]Cofagrigus||ColburBerry|Mummy|ShadowBall,DestinyBond,Protect,TrickRoom|Sassy||M|||50|]Sinistcha||Leftovers|Hospitality|MatchaGotcha,ShadowBall,Protect,LifeDew|Calm|||||50|]Tyranitar||Tyranitarite|SandStream|RockSlide,KnockOff,Protect,IcePunch|Adamant||F|||50|]Incineroar||SitrusBerry|Intimidate|FakeOut,FlareBlitz,PartingShot,DarkestLariat|Adamant||F|||50|]Farigiraf||LumBerry|ArmorTail|Psychic,MeanLook,Protect,TrickRoom|Relaxed||F|||50|
|showteam|p2|Floette-Eternal||Floettite|FlowerVeil|Protect,CalmMind,DazzlingGleam,DrainingKiss|Modest||F|||50|]Delphox||Delphoxite|Blaze|HeatWave,Psychic,NastyPlot,Protect|Timid||F|||50|]Kingambit||BlackGlasses|Defiant|SuckerPunch,KowtowCleave,SwordsDance,Protect|Adamant||F|||50|]Sneasler||FocusSash|PoisonTouch|FakeOut,PoisonJab,CloseCombat,QuickGuard|Jolly||M|||50|]Sinistcha||KasibBerry|Hospitality|MatchaGotcha,RagePowder,LifeDew,TrickRoom|Calm|||||50|]Incineroar||SitrusBerry|Intimidate|FakeOut,FlareBlitz,ThroatChop,PartingShot|Bold||F|||50|
|c|☆T1guel|glhf
|c|☆mew mew season 2|glhf
|
|t:|1782644932
|teamsize|p1|4
|teamsize|p2|4
|start
|switch|p1a: Aggron|Aggron, L50, M|100/100
|switch|p1b: Cofagrigus|Cofagrigus, L50, M|100/100
|switch|p2a: Incineroar|Incineroar, L50, F|100/100
|switch|p2b: Delphox|Delphox, L50, F|100/100
|-ability|p2a: Incineroar|Intimidate|boost
|-unboost|p1a: Aggron|atk|1
|-unboost|p1b: Cofagrigus|atk|1
|turn|1
|
|t:|1782644957
|switch|p1a: Tyranitar|Tyranitar, L50, F|100/100
|-weather|Sandstorm|[from] ability: Sand Stream|[of] p1a: Tyranitar
|detailschange|p2b: Delphox|Delphox-Mega, L50, F
|-mega|p2b: Delphox|Delphox|Delphoxite
|move|p2b: Delphox|Heat Wave|p1b: Cofagrigus|[spread] p1a,p1b
|-resisted|p1a: Tyranitar|1
|-crit|p1b: Cofagrigus
|-damage|p1a: Tyranitar|89/100
|-damage|p1b: Cofagrigus|56/100
|-status|p1b: Cofagrigus|brn
|move|p2a: Incineroar|Throat Chop|p1b: Cofagrigus
|-supereffective|p1b: Cofagrigus|1
|-enditem|p1b: Cofagrigus|Colbur Berry|[eat]
|-enditem|p1b: Cofagrigus|Colbur Berry|[weaken]
|-damage|p1b: Cofagrigus|34/100 brn
|-start|p1b: Cofagrigus|Throat Chop|[silent]
|-activate|p1b: Cofagrigus|ability: Mummy|p2a: Incineroar|[ability] Intimidate
|move|p1b: Cofagrigus|Trick Room|p1b: Cofagrigus
|-fieldstart|move: Trick Room|[of] p1b: Cofagrigus
|
|-weather|Sandstorm|[upkeep]
|-damage|p1b: Cofagrigus|28/100 brn|[from] Sandstorm
|-damage|p2a: Incineroar|94/100|[from] Sandstorm
|-damage|p2b: Delphox|93/100|[from] Sandstorm
|-damage|p1b: Cofagrigus|22/100 brn|[from] brn
|upkeep
|turn|2
|inactive|Battle timer is ON: inactive players will automatically lose when time's up. (requested by T1guel)
|
|t:|1782644981
|switch|p2b: Kingambit|Kingambit, L50, F|100/100
|detailschange|p1a: Tyranitar|Tyranitar-Mega, L50, F
|-mega|p1a: Tyranitar|Tyranitar|Tyranitarite
|move|p1b: Cofagrigus|Shadow Ball|p2b: Kingambit
|-resisted|p2b: Kingambit|1
|-damage|p2b: Kingambit|86/100
|move|p2a: Incineroar|Parting Shot|p1a: Tyranitar
|-unboost|p1a: Tyranitar|atk|1
|-unboost|p1a: Tyranitar|spa|1
|
|t:|1782644991
|switch|p2a: Sinistcha|Sinistcha, L50|100/100|[from] Parting Shot
|-heal|p2b: Kingambit|100/100|[from] ability: Hospitality|[of] p2a: Sinistcha
|move|p1a: Tyranitar|Rock Slide|p2a: Sinistcha|[spread] p2a,p2b
|-resisted|p2b: Kingambit|1
|-damage|p2a: Sinistcha|76/100
|-damage|p2b: Kingambit|89/100
|
|-weather|Sandstorm|[upkeep]
|-damage|p1b: Cofagrigus|16/100 brn|[from] Sandstorm
|-damage|p2a: Sinistcha|70/100|[from] Sandstorm
|-damage|p1b: Cofagrigus|10/100 brn|[from] brn
|-end|p1b: Cofagrigus|Throat Chop|[silent]
|upkeep
|turn|3
|
|t:|1782645012
|switch|p1b: Girfkri|Sinistcha, L50|100/100
|-heal|p1a: Tyranitar|100/100|[from] ability: Hospitality|[of] p1b: Girfkri
|switch|p2a: Incineroar|Incineroar, L50, F|94/100
|-ability|p2a: Incineroar|Intimidate|boost
|-unboost|p1a: Tyranitar|atk|1
|-unboost|p1b: Girfkri|atk|1
|move|p2b: Kingambit|Swords Dance|p2b: Kingambit
|-boost|p2b: Kingambit|atk|2
|move|p1a: Tyranitar|Knock Off|p2a: Incineroar
|-resisted|p2a: Incineroar|1
|-damage|p2a: Incineroar|81/100
|-enditem|p2a: Incineroar|Sitrus Berry|[from] move: Knock Off|[of] p1a: Tyranitar
|
|-weather|Sandstorm|[upkeep]
|-damage|p2a: Incineroar|75/100|[from] Sandstorm
|-damage|p1b: Girfkri|93/100|[from] Sandstorm
|-heal|p1b: Girfkri|100/100|[from] item: Leftovers
|upkeep
|turn|4
|
|t:|1782645029
|switch|p1a: Cofagrigus|Cofagrigus, L50, M|10/100 brn
|move|p1b: Girfkri|Protect|p1b: Girfkri
|-singleturn|p1b: Girfkri|Protect
|move|p2b: Kingambit|Kowtow Cleave|p1b: Girfkri
|-activate|p1b: Girfkri|move: Protect
|move|p2a: Incineroar|Parting Shot|p1a: Cofagrigus
|-unboost|p1a: Cofagrigus|atk|1
|-unboost|p1a: Cofagrigus|spa|1
|
|t:|1782645039
|switch|p2a: Sinistcha|Sinistcha, L50|70/100|[from] Parting Shot
|-heal|p2b: Kingambit|100/100|[from] ability: Hospitality|[of] p2a: Sinistcha
|
|-weather|Sandstorm|[upkeep]
|-damage|p1a: Cofagrigus|4/100 brn|[from] Sandstorm
|-damage|p2a: Sinistcha|64/100|[from] Sandstorm
|-damage|p1b: Girfkri|93/100|[from] Sandstorm
|-heal|p1b: Girfkri|100/100|[from] item: Leftovers
|-damage|p1a: Cofagrigus|0 fnt|[from] brn
|faint|p1a: Cofagrigus
|upkeep
|
|t:|1782645044
|switch|p1a: Aggron|Aggron, L50, M|100/100
|turn|5
|inactive|mew mew season 2 has 30 seconds left.
|
|t:|1782645077
|switch|p1b: Tyranitar|Tyranitar-Mega, L50, F|100/100
|move|p2a: Sinistcha|Rage Powder|p2a: Sinistcha
|-singleturn|p2a: Sinistcha|move: Rage Powder
|move|p1a: Aggron|Body Press|p2a: Sinistcha
|-immune|p2a: Sinistcha
|move|p2b: Kingambit|Kowtow Cleave|p1b: Tyranitar
|-resisted|p1b: Tyranitar|1
|-damage|p1b: Tyranitar|64/100
|
|-weather|none
|-fieldend|move: Trick Room
|upkeep
|turn|6
|
|t:|1782645102
|switch|p2a: Incineroar|Incineroar, L50, F|75/100
|-ability|p2a: Incineroar|Intimidate|boost
|-unboost|p1a: Aggron|atk|1
|-unboost|p1b: Tyranitar|atk|1
|move|p2b: Kingambit|Protect|p2b: Kingambit
|-singleturn|p2b: Kingambit|Protect
|move|p1b: Tyranitar|Knock Off|p2a: Incineroar
|-resisted|p2a: Incineroar|1
|-damage|p2a: Incineroar|63/100
|move|p1a: Aggron|Body Press|p2b: Kingambit
|-activate|p2b: Kingambit|move: Protect
|
|upkeep
|turn|7
|
|t:|1782645119
|switch|p1b: Girfkri|Sinistcha, L50|100/100
|move|p2a: Incineroar|Fake Out|p1a: Aggron
|-resisted|p1a: Aggron|2
|-damage|p1a: Aggron|98/100
|move|p2b: Kingambit|Swords Dance|p2b: Kingambit
|-boost|p2b: Kingambit|atk|2
|cant|p1a: Aggron|flinch
|
|upkeep
|turn|8
|
|t:|1782645133
|move|p1b: Girfkri|Protect|p1b: Girfkri
|-singleturn|p1b: Girfkri|Protect
|move|p2b: Kingambit|Protect|p2b: Kingambit
|-singleturn|p2b: Kingambit|Protect
|move|p2a: Incineroar|Parting Shot|p1a: Aggron
|-unboost|p1a: Aggron|atk|1
|-unboost|p1a: Aggron|spa|1
|
|t:|1782645140
|switch|p2a: Sinistcha|Sinistcha, L50|64/100|[from] Parting Shot
|move|p1a: Aggron|Iron Defense|p1a: Aggron
|-boost|p1a: Aggron|def|2
|
|upkeep
|turn|9
|
|t:|1782645152
|switch|p1b: Tyranitar|Tyranitar-Mega, L50, F|64/100
|-weather|Sandstorm|[from] ability: Sand Stream|[of] p1b: Tyranitar
|move|p2a: Sinistcha|Rage Powder|p2a: Sinistcha
|-singleturn|p2a: Sinistcha|move: Rage Powder
|move|p2b: Kingambit|Kowtow Cleave|p1b: Tyranitar
|-resisted|p1b: Tyranitar|1
|-damage|p1b: Tyranitar|12/100
|move|p1a: Aggron|Iron Defense|p1a: Aggron
|-boost|p1a: Aggron|def|2
|
|-weather|Sandstorm|[upkeep]
|-damage|p2a: Sinistcha|57/100|[from] Sandstorm
|upkeep
|turn|10
|
|t:|1782645165
|move|p2a: Sinistcha|Rage Powder|p2a: Sinistcha
|-singleturn|p2a: Sinistcha|move: Rage Powder
|move|p2b: Kingambit|Sucker Punch|p1b: Tyranitar
|-resisted|p1b: Tyranitar|1
|-damage|p1b: Tyranitar|0 fnt
|faint|p1b: Tyranitar
|move|p1a: Aggron|Body Press|p2a: Sinistcha
|-immune|p2a: Sinistcha
|
|-weather|Sandstorm|[upkeep]
|-damage|p2a: Sinistcha|51/100|[from] Sandstorm
|upkeep
|
|t:|1782645169
|switch|p1b: Girfkri|Sinistcha, L50|100/100
|-heal|p1a: Aggron|100/100|[from] ability: Hospitality|[of] p1b: Girfkri
|turn|11
|
|t:|1782645176
|move|p2a: Sinistcha|Rage Powder|p2a: Sinistcha
|-singleturn|p2a: Sinistcha|move: Rage Powder
|move|p1b: Girfkri|Shadow Ball|p2a: Sinistcha
|-supereffective|p2a: Sinistcha|1
|-enditem|p2a: Sinistcha|Kasib Berry|[eat]
|-enditem|p2a: Sinistcha|Kasib Berry|[weaken]
|-damage|p2a: Sinistcha|20/100y
|move|p2b: Kingambit|Kowtow Cleave|p1b: Girfkri
|-supereffective|p1b: Girfkri|1
|-damage|p1b: Girfkri|0 fnt
|faint|p1b: Girfkri
|move|p1a: Aggron|Body Press|p2a: Sinistcha
|-immune|p2a: Sinistcha
|
|-weather|Sandstorm|[upkeep]
|-damage|p2a: Sinistcha|14/100|[from] Sandstorm
|upkeep
|turn|12
|
|t:|1782645191
|move|p2a: Sinistcha|Rage Powder|p2a: Sinistcha
|-singleturn|p2a: Sinistcha|move: Rage Powder
|move|p2b: Kingambit|Kowtow Cleave|p1a: Aggron
|-damage|p1a: Aggron|64/100
|move|p1a: Aggron|Body Press|p2a: Sinistcha
|-immune|p2a: Sinistcha
|
|-weather|Sandstorm|[upkeep]
|-damage|p2a: Sinistcha|8/100|[from] Sandstorm
|upkeep
|turn|13
|
|t:|1782645199
|move|p2a: Sinistcha|Rage Powder|p2a: Sinistcha
|-singleturn|p2a: Sinistcha|move: Rage Powder
|move|p2b: Kingambit|Kowtow Cleave|p1a: Aggron
|-damage|p1a: Aggron|28/100
|move|p1a: Aggron|Heavy Slam|p2a: Sinistcha
|-damage|p2a: Sinistcha|0 fnt
|faint|p2a: Sinistcha
|
|-weather|none
|upkeep
|
|t:|1782645205
|switch|p2a: Incineroar|Incineroar, L50, F|63/100
|-ability|p2a: Incineroar|Intimidate|boost
|-unboost|p1a: Aggron|atk|1
|turn|14
|
|t:|1782645207
|move|p2a: Incineroar|Fake Out|p1a: Aggron
|-resisted|p1a: Aggron|2
|-damage|p1a: Aggron|28/100
|move|p2b: Kingambit|Swords Dance|p2b: Kingambit
|-boost|p2b: Kingambit|atk|2
|cant|p1a: Aggron|flinch
|
|upkeep
|turn|15
|
|t:|1782645214
|move|p2a: Incineroar|Flare Blitz|p1a: Aggron
|-damage|p1a: Aggron|19/100
|-damage|p2a: Incineroar|60/100|[from] Recoil
|move|p2b: Kingambit|Kowtow Cleave|p1a: Aggron
|-damage|p1a: Aggron|0 fnt
|faint|p1a: Aggron
|
|win|mew mew season 2
