|j|☆der_capri
|j|☆CrazyyBoi
|html|der_capriCrazyyBoi    
|uhtml|bestof|Game 1 of a best-of-3
|t:|1757924187
|gametype|doubles
|player|p1|der_capri|barry|1149
|player|p2|CrazyyBoi|102|1138
|gen|9
|tier|[Gen 9] VGC 2025 Reg H (Bo3)
|rated|
|rule|Species Clause: Limit one of each Pokémon
|rule|Item Clause: Limit 1 of each item
|clearpoke
|poke|p1|Indeedee-F, L50, F|
|poke|p1|Gallade, L50, M|
|poke|p1|Exeggutor, L50, F|
|poke|p1|Ursaluna, L50, M|
|poke|p1|Lilligant-Hisui, L50, F|
|poke|p1|Torkoal, L50, M|
|poke|p2|Meowscarada, L50, F|
|poke|p2|Sableye, L50, F|
|poke|p2|Gothitelle, L50, M|
|poke|p2|Kommo-o, L50, F|
|poke|p2|Incineroar, L50, M|
|poke|p2|Primarina, L50, F|
|teampreview|4
|showteam|p1|Indeedee-F||PsychicSeed|PsychicSurge|TrickRoom,HelpingHand,DazzlingGleam,FollowMe|||F|||50|,,,,,Fairy]Gallade||ClearAmulet|Sharpness|PsychoCut,SacredSword,TrickRoom,WideGuard|||M|||50|,,,,,Psychic]Exeggutor||TwistedSpoon|Chlorophyll|ExpandingForce,GigaDrain,SkillSwap,Protect|||F|||50|,,,,,Psychic]Ursaluna||FlameOrb|Guts|HeadlongRush,Earthquake,Facade,Protect|||M|||50|,,,,,Ghost]Lilligant-Hisui||FocusSash|Chlorophyll|SolarBlade,CloseCombat,AfterYou,SleepPowder|||F|||50|,,,,,Ghost]Torkoal||EjectPack|Drought|Eruption,Overheat,Protect,EarthPower|||M|||50|,,,,,Fire
|showteam|p2|Meowscarada||ClearAmulet|Overgrow|FlowerTrick,SuckerPunch,ThroatChop,Protect|||F|||50|,,,,,Fire]Sableye||MentalHerb|Prankster|WillOWisp,Quash,Disable,Encore|||F|||50|,,,,,Grass]Gothitelle||SitrusBerry|ShadowTag|FakeOut,Psychic,TrickRoom,Protect|||M|||50|,,,,,Steel]Kommo-o||ThroatSpray|Overcoat|ClangorousSoul,ClangingScales,Protect,AuraSphere|||F|||50|,,,,,Steel]Incineroar||SafetyGoggles|Intimidate|FakeOut,PartingShot,KnockOff,Taunt|||M|||50|,,,,,Ghost]Primarina||LifeOrb|LiquidVoice|HyperVoice,Moonblast,PerishSong,Protect|||F|||50|,,,,,Dragon
|
|t:|1757924239
|teamsize|p1|4
|teamsize|p2|4
|start
|switch|p1a: Lilligant|Lilligant-Hisui, L50, F|100/100
|switch|p1b: Torkoal|Torkoal, L50, M|100/100
|switch|p2a: Gothitelle|Gothitelle, L50, M|100/100
|switch|p2b: Kommo-o|Kommo-o, L50, F|100/100
|-weather|SunnyDay|[from] ability: Drought|[of] p1b: Torkoal
|turn|1
|
|t:|1757924285
|switch|p2a: Incineroar|Incineroar, L50, M|100/100
|-ability|p2a: Incineroar|Intimidate|boost
|-unboost|p1a: Lilligant|atk|1
|-unboost|p1b: Torkoal|atk|1
|-enditem|p1b: Torkoal|Eject Pack
|inactive|Battle timer is ON: inactive players will automatically lose when time's up. (requested by CrazyyBoi)
|
|t:|1757924292
|switch|p1b: Ursaluna|Ursaluna, L50, M|100/100
|move|p1a: Lilligant|After You||[still]
|-fail|p1a: Lilligant
|move|p2b: Kommo-o|Clanging Scales|p1b: Ursaluna|[spread] p1a,p1b
|-damage|p1a: Lilligant|44/100
|-damage|p1b: Ursaluna|65/100
|-unboost|p2b: Kommo-o|def|1
|-enditem|p2b: Kommo-o|Throat Spray
|-boost|p2b: Kommo-o|spa|1|[from] item: Throat Spray
|
|-weather|SunnyDay|[upkeep]
|-status|p1b: Ursaluna|brn|[from] item: Flame Orb
|upkeep
|turn|2
|inactive|der_capri has 30 seconds left.
|inactive|CrazyyBoi has 30 seconds left.
|inactive|der_capri has 20 seconds left.
|inactive|der_capri has 15 seconds left.
|
|t:|1757924336
|switch|p1a: Indeedee|Indeedee-F, L50, F|100/100
|-fieldstart|move: Psychic Terrain|[from] ability: Psychic Surge|[of] p1a: Indeedee
|-enditem|p1a: Indeedee|Psychic Seed
|-boost|p1a: Indeedee|spd|1|[from] item: Psychic Seed
|move|p2b: Kommo-o|Protect|p2b: Kommo-o
|-singleturn|p2b: Kommo-o|Protect
|move|p2a: Incineroar|Parting Shot|p1a: Indeedee
|-unboost|p1a: Indeedee|atk|1
|-unboost|p1a: Indeedee|spa|1
|
|t:|1757924352
|switch|p2a: Gothitelle|Gothitelle, L50, M|100/100|[from] Parting Shot
|move|p1b: Ursaluna|Facade|p2b: Kommo-o
|-activate|p2b: Kommo-o|move: Protect
|
|-weather|SunnyDay|[upkeep]
|-damage|p1b: Ursaluna|59/100 brn|[from] brn
|upkeep
|turn|3
|inactive|der_capri has 30 seconds left.
|inactive|CrazyyBoi has 30 seconds left.
|
|t:|1757924381
|switch|p2a: Incineroar|Incineroar, L50, M|100/100
|-ability|p2a: Incineroar|Intimidate|boost
|-unboost|p1a: Indeedee|atk|1
|-unboost|p1b: Ursaluna|atk|1
|move|p1b: Ursaluna|Protect|p1b: Ursaluna
|-singleturn|p1b: Ursaluna|Protect
|move|p2b: Kommo-o|Clanging Scales|p1b: Ursaluna|[spread] p1a
|-activate|p1b: Ursaluna|move: Protect
|-damage|p1a: Indeedee|71/100
|-unboost|p2b: Kommo-o|def|1
|move|p1a: Indeedee|Dazzling Gleam|p2b: Kommo-o|[spread] p2a,p2b
|-supereffective|p2b: Kommo-o
|-damage|p2a: Incineroar|93/100
|-damage|p2b: Kommo-o|63/100
|
|-weather|SunnyDay|[upkeep]
|-damage|p1b: Ursaluna|53/100 brn|[from] brn
|upkeep
|turn|4
|inactive|der_capri has 30 seconds left.
|inactive|CrazyyBoi has 30 seconds left.
|inactive|CrazyyBoi has 20 seconds left.
|inactive|CrazyyBoi has 15 seconds left.
|
|t:|1757924422
|-terastallize|p1a: Indeedee|Fairy
|move|p2b: Kommo-o|Clanging Scales|p1b: Ursaluna|[spread] p1b
|-immune|p1a: Indeedee
|-damage|p1b: Ursaluna|0 fnt
|faint|p1b: Ursaluna
|-unboost|p2b: Kommo-o|def|1
|move|p2a: Incineroar|Taunt|p1a: Indeedee
|-start|p1a: Indeedee|move: Taunt
|cant|p1a: Indeedee|move: Taunt|Trick Room
|
|-weather|SunnyDay|[upkeep]
|upkeep
|
|t:|1757924433
|switch|p1b: Lilligant|Lilligant-Hisui, L50, F|44/100
|turn|5
|inactive|CrazyyBoi has 30 seconds left.
|inactive|der_capri has 30 seconds left.
|
|t:|1757924474
|switch|p2b: Gothitelle|Gothitelle, L50, M|100/100
|move|p1b: Lilligant|Solar Blade||[still]
|-prepare|p1b: Lilligant|Solar Blade
|-anim|p1b: Lilligant|Solar Blade|p2a: Incineroar
|-resisted|p2a: Incineroar
|-damage|p2a: Incineroar|70/100
|move|p1a: Indeedee|Dazzling Gleam|p2b: Gothitelle|[spread] p2a,p2b
|-damage|p2a: Incineroar|59/100
|-damage|p2b: Gothitelle|90/100
|move|p2a: Incineroar|Parting Shot|p1b: Lilligant
|-unboost|p1b: Lilligant|atk|1
|-unboost|p1b: Lilligant|spa|1
|
|t:|1757924495
|switch|p2a: Kommo-o|Kommo-o, L50, F|63/100|[from] Parting Shot
|
|-weather|none
|upkeep
|turn|6
|
|t:|1757924520
|switch|p2b: Incineroar|Incineroar, L50, M|59/100
|-ability|p2b: Incineroar|Intimidate|boost
|-unboost|p1a: Indeedee|atk|1
|-unboost|p1b: Lilligant|atk|1
|move|p2a: Kommo-o|Protect|p2a: Kommo-o
|-singleturn|p2a: Kommo-o|Protect
|move|p1b: Lilligant|Sleep Powder|p2a: Kommo-o
|-activate|p2a: Kommo-o|move: Protect
|move|p1a: Indeedee|Dazzling Gleam|p2b: Incineroar|[spread] p2b
|-activate|p2a: Kommo-o|move: Protect
|-damage|p2b: Incineroar|48/100
|
|-end|p1a: Indeedee|move: Taunt
|-fieldend|move: Psychic Terrain
|upkeep
|turn|7
|inactive|der_capri has 30 seconds left.
|inactive|CrazyyBoi has 30 seconds left.
|
|t:|1757924551
|switch|p1a: Torkoal|Torkoal, L50, M|100/100
|-weather|SunnyDay|[from] ability: Drought|[of] p1a: Torkoal
|move|p2b: Incineroar|Fake Out|p1b: Lilligant
|-damage|p1b: Lilligant|27/100
|cant|p1b: Lilligant|flinch
|move|p2a: Kommo-o|Clanging Scales|p1b: Lilligant|[spread] p1a,p1b
|-damage|p1a: Torkoal|52/100
|-damage|p1b: Lilligant|0 fnt
|faint|p1b: Lilligant
|-unboost|p2a: Kommo-o|def|1
|
|-weather|SunnyDay|[upkeep]
|upkeep
|
|t:|1757924563
|switch|p1b: Indeedee|Indeedee-F, L50, F, tera:Fairy|71/100
|-fieldstart|move: Psychic Terrain|[from] ability: Psychic Surge|[of] p1b: Indeedee
|turn|8
|inactive|CrazyyBoi has 30 seconds left.
|
|t:|1757924589
|move|p1a: Torkoal|Protect|p1a: Torkoal
|-singleturn|p1a: Torkoal|Protect
|move|p2a: Kommo-o|Clanging Scales|p1a: Torkoal|[spread] 
|-activate|p1a: Torkoal|move: Protect
|-immune|p1b: Indeedee
|move|p2b: Incineroar|Parting Shot|p1b: Indeedee
|-unboost|p1b: Indeedee|atk|1
|-unboost|p1b: Indeedee|spa|1
|
|t:|1757924598
|switch|p2b: Primarina|Primarina, L50, F|100/100|[from] Parting Shot
|move|p1b: Indeedee|Trick Room|p1b: Indeedee
|-fieldstart|move: Trick Room|[of] p1b: Indeedee
|
|-weather|SunnyDay|[upkeep]
|upkeep
|turn|9
|inactive|der_capri has 30 seconds left.
|
|t:|1757924624
|move|p1b: Indeedee|Helping Hand|p1a: Torkoal
|-singleturn|p1a: Torkoal|Helping Hand|[of] p1b: Indeedee
|move|p1a: Torkoal|Earth Power|p2b: Primarina
|-damage|p2b: Primarina|66/100
|move|p2b: Primarina|Perish Song|p2b: Primarina
|-start|p1a: Torkoal|perish3|[silent]
|-start|p1b: Indeedee|perish3|[silent]
|-start|p2a: Kommo-o|perish3|[silent]
|-start|p2b: Primarina|perish3|[silent]
|-fieldactivate|move: Perish Song
|move|p2a: Kommo-o|Clanging Scales|p1b: Indeedee|[spread] p1a
|-immune|p1b: Indeedee
|-damage|p1a: Torkoal|1/100
|-unboost|p2a: Kommo-o|def|1
|
|-weather|SunnyDay|[upkeep]
|-start|p1a: Torkoal|perish3
|-start|p2b: Primarina|perish3
|-start|p1b: Indeedee|perish3
|-start|p2a: Kommo-o|perish3
|upkeep
|turn|10
|-message|der_capri forfeited.
|
|win|CrazyyBoi
|l|☆der_capri
|player|p1|
||der_capri is ready for game 2.
||CrazyyBoi is ready for game 2.
|uhtml|next|Next: Game 2 of 3
