|j|☆tamagotchai-05
|j|☆AllySwitch24
|html|tamagotchai-05AllySwitch24    
|uhtml|bestof|Game 2 of a best-of-3
|t:|1786067645
|gametype|doubles
|player|p1|tamagotchai-05|101|1085
|player|p2|AllySwitch24|elesa|1120
|gen|9
|tier|[Gen 9 Champions] VGC 2026 Reg M-B (Bo3)
|rated|
|rule|Species Clause: Limit one of each Pokémon
|rule|Item Clause: Limit 1 of each item
|clearpoke
|poke|p1|Charizard, L50, M|
|poke|p1|Garchomp, L50, F|
|poke|p1|Gholdengo, L50|
|poke|p1|Whimsicott, L50, M|
|poke|p1|Incineroar, L50, F|
|poke|p1|Basculegion, L50, M|
|poke|p2|Palafin, L50, M|
|poke|p2|Raichu, L50, F|
|poke|p2|Incineroar, L50, M|
|poke|p2|Froslass, L50, F|
|poke|p2|Sylveon, L50, F|
|poke|p2|Corviknight, L50, F|
|teampreview|4
|showteam|p1|Charizard||CharizarditeY|Blaze|HeatWave,SolarBeam,WeatherBall,Protect|Timid||M|||50|]Garchomp||LifeOrb|RoughSkin|Earthquake,DragonClaw,RockSlide,Protect|Jolly||F|||50|]Gholdengo||MetalCoat|GoodasGold|MakeItRain,ShadowBall,NastyPlot,Protect|Modest|||||50|]Whimsicott||FocusSash|Prankster|Moonblast,Tailwind,Encore,Protect|Timid||M|||50|]Incineroar||SitrusBerry|Intimidate|FlareBlitz,ThroatChop,FakeOut,PartingShot|Impish||F|||50|]Basculegion||ChoiceScarf|Adaptability|WaveCrash,LastRespects,AquaJet,FlipTurn|Jolly||M|||50|
|showteam|p2|Palafin||LifeOrb|ZerotoHero|JetPunch,WaveCrash,IcePunch,Protect|Adamant||M|||50|]Raichu||RaichuniteY|LightningRod|ZapCannon,FocusBlast,FakeOut,Protect|Timid||F|||50|]Incineroar||SitrusBerry|Intimidate|FlareBlitz,ThroatChop,PartingShot,FakeOut|Impish||M|||50|]Froslass||Froslassite|CursedBody|Blizzard,ShadowBall,Thunderbolt,Protect|Timid||F|||50|]Sylveon||FairyFeather|Pixilate|HyperVoice,QuickAttack,HyperBeam,Protect|Modest||F|||50|]Corviknight||Leftovers|MirrorArmor|BodyPress,BraveBird,Protect,Tailwind|Impish||F|||50|
|inactive|Battle timer is ON: inactive players will automatically lose when time's up. (requested by tamagotchai-05)
|inactive|AllySwitch24 has 60 seconds left.
|
|t:|1786067682
|teamsize|p1|4
|teamsize|p2|4
|start
|switch|p1a: Charizard|Charizard, L50, M|100/100
|switch|p1b: Gholdengo|Gholdengo, L50|100/100
|switch|p2a: Palafin|Palafin, L50, M|100/100
|switch|p2b: Froslass|Froslass, L50, F|100/100
|turn|1
|inactive|tamagotchai-05 has 30 seconds left.
|inactive|AllySwitch24 has 30 seconds left.
|inactive|tamagotchai-05 has 20 seconds left.
|inactive|AllySwitch24 has 20 seconds left.
|
|t:|1786067719
|detailschange|p2a: Palafin|Palafin-Hero, L50, M
|switch|p2a: Incineroar|Incineroar, L50, M|100/100
|-ability|p2a: Incineroar|Intimidate|boost
|-unboost|p1a: Charizard|atk|1
|-unboost|p1b: Gholdengo|atk|1
|detailschange|p1a: Charizard|Charizard-Mega-Y, L50, M
|-mega|p1a: Charizard|Charizard|Charizardite Y
|-weather|SunnyDay|[from] ability: Drought|[of] p1a: Charizard
|move|p2b: Froslass|Protect|p2b: Froslass
|-singleturn|p2b: Froslass|Protect
|move|p1a: Charizard|Heat Wave|p2a: Incineroar|[spread] p2a
|-activate|p2b: Froslass|move: Protect
|-resisted|p2a: Incineroar|1
|-damage|p2a: Incineroar|74/100
|move|p1b: Gholdengo|Shadow Ball|p2a: Incineroar
|-resisted|p2a: Incineroar|1
|-damage|p2a: Incineroar|56/100
|
|-weather|SunnyDay|[upkeep]
|upkeep
|turn|2
|inactive|AllySwitch24 has 30 seconds left.
|
|t:|1786067745
|detailschange|p2b: Froslass|Froslass-Mega, L50, F
|-mega|p2b: Froslass|Froslass|Froslassite
|-weather|Snowscape|[from] ability: Snow Warning|[of] p2b: Froslass
|move|p2b: Froslass|Shadow Ball|p1a: Charizard
|-damage|p1a: Charizard|59/100
|move|p1a: Charizard|Weather Ball|p2b: Froslass
|-resisted|p2b: Froslass|1
|-damage|p2b: Froslass|77/100
|move|p1b: Gholdengo|Make It Rain|p2b: Froslass|[spread] p2a
|-miss|p1b: Gholdengo|p2b: Froslass
|-resisted|p2a: Incineroar|1
|-damage|p2a: Incineroar|33/100
|-unboost|p1b: Gholdengo|spa|2
|-enditem|p2a: Incineroar|Sitrus Berry|[eat]
|-heal|p2a: Incineroar|58/100|[from] item: Sitrus Berry
|move|p2a: Incineroar|Flare Blitz|p1b: Gholdengo
|-supereffective|p1b: Gholdengo|1
|-damage|p1b: Gholdengo|0 fnt
|faint|p1b: Gholdengo
|-damage|p2a: Incineroar|30/100|[from] Recoil
|
|-weather|Snowscape|[upkeep]
|upkeep
|
|t:|1786067745
|switch|p1b: Basculegion|Basculegion, L50, M|100/100
|turn|3
|inactive|AllySwitch24 has 30 seconds left.
|inactive|AllySwitch24 has 20 seconds left.
|inactive|AllySwitch24 has 15 seconds left.
|inactive|AllySwitch24 has 10 seconds left.
|inactive|AllySwitch24 has 5 seconds left.
|
|t:|1786067800
|switch|p2a: Corviknight|Corviknight, L50, F|100/100
|move|p1b: Basculegion|Flip Turn|p2a: Corviknight
|-damage|p2a: Corviknight|79/100
|
|t:|1786067800
|switch|p1b: Garchomp|Garchomp, L50, F|100/100|[from] Flip Turn
|move|p2b: Froslass|Thunderbolt|p1a: Charizard
|-supereffective|p1a: Charizard|1
|-damage|p1a: Charizard|0 fnt
|faint|p1a: Charizard
|
|-weather|Snowscape|[upkeep]
|-heal|p2a: Corviknight|85/100|[from] item: Leftovers
|upkeep
|
|t:|1786067801
|switch|p1a: Basculegion|Basculegion, L50, M|100/100
|turn|4
|inactive|AllySwitch24 has 30 seconds left.
|
|t:|1786067830
|move|p1a: Basculegion|Wave Crash|p2b: Froslass
|-damage|p2b: Froslass|2/100
|-damage|p1a: Basculegion|81/100|[from] Recoil
|move|p2b: Froslass|Thunderbolt|p1a: Basculegion
|-supereffective|p1a: Basculegion|1
|-damage|p1a: Basculegion|5/100
|move|p1b: Garchomp|Rock Slide|p2b: Froslass|[spread] p2a,p2b
|-supereffective|p2b: Froslass|1
|-damage|p2a: Corviknight|70/100
|-damage|p2b: Froslass|0 fnt
|faint|p2b: Froslass
|-damage|p1b: Garchomp|90/100|[from] item: Life Orb
|cant|p2a: Corviknight|flinch
|
|-weather|Snowscape|[upkeep]
|-heal|p2a: Corviknight|76/100|[from] item: Leftovers
|upkeep
|
|t:|1786067845
|switch|p2b: Incineroar|Incineroar, L50, M|30/100
|-ability|p2b: Incineroar|Intimidate|boost
|-unboost|p1a: Basculegion|atk|1
|-unboost|p1b: Garchomp|atk|1
|turn|5
|
|t:|1786067853
|move|p2b: Incineroar|Fake Out|p1b: Garchomp
|-damage|p1b: Garchomp|79/100
|-damage|p2b: Incineroar|18/100|[from] ability: Rough Skin|[of] p1b: Garchomp
|move|p1a: Basculegion|Wave Crash|p2a: Corviknight
|-damage|p2a: Corviknight|46/100
|-damage|p1a: Basculegion|0 fnt|[from] Recoil
|faint|p1a: Basculegion
|cant|p1b: Garchomp|flinch
|move|p2a: Corviknight|Tailwind|p2a: Corviknight
|-sidestart|p2: AllySwitch24|move: Tailwind
|
|-weather|Snowscape|[upkeep]
|-heal|p2a: Corviknight|52/100|[from] item: Leftovers
|upkeep
|turn|6
|
|t:|1786067869
|move|p2a: Corviknight|Brave Bird|p1b: Garchomp
|-damage|p1b: Garchomp|40/100
|-damage|p2a: Corviknight|40/100|[from] ability: Rough Skin|[of] p1b: Garchomp
|-damage|p2a: Corviknight|28/100|[from] Recoil
|move|p1b: Garchomp|Rock Slide|p2b: Incineroar|[spread] p2a
|-miss|p1b: Garchomp|p2b: Incineroar
|-damage|p2a: Corviknight|18/100
|-damage|p1b: Garchomp|31/100|[from] item: Life Orb
|move|p2b: Incineroar|Throat Chop|p1b: Garchomp
|-damage|p1b: Garchomp|0 fnt
|-damage|p2b: Incineroar|5/100|[from] ability: Rough Skin|[of] p1b: Garchomp
|faint|p1b: Garchomp
|
|win|AllySwitch24
||tamagotchai-05 is ready for game 3.
|inactive|AllySwitch24 has 30 seconds to confirm battle start!
||AllySwitch24 is ready for game 3.
|uhtml|next|Next: Game 3 of 3
