|j|☆Hjmane
|j|☆swarley3000
|html|Hjmaneswarley3000    
|uhtml|bestof|Game 1 of a best-of-3
|t:|1785789867
|gametype|doubles
|player|p1|Hjmane|265|1173
|player|p2|swarley3000|arven-s|1200
|gen|9
|tier|[Gen 9 Champions] VGC 2026 Reg M-B (Bo3)
|rated|
|rule|Species Clause: Limit one of each Pokémon
|rule|Item Clause: Limit 1 of each item
|clearpoke
|poke|p1|Staraptor, L50, M|
|poke|p1|Whimsicott, L50, M|
|poke|p1|Sableye, L50, F|
|poke|p1|Jolteon, L50, M|
|poke|p1|Altaria, L50, F|
|poke|p1|Volcarona, L50, F|
|poke|p2|Raichu, L50, F|
|poke|p2|Staraptor, L50, F|
|poke|p2|Arcanine-Hisui, L50, M|
|poke|p2|Farigiraf, L50, M|
|poke|p2|Sylveon, L50, F|
|poke|p2|Kingambit, L50, M|
|teampreview|4
|showteam|p1|Staraptor||Staraptite|Intimidate|CloseCombat,BraveBird,Protect,QuickAttack|Jolly||M|||50|]Whimsicott||MentalHerb|Prankster|Tailwind,Charm,CottonSpore,Moonblast|Bold||M|||50|]Sableye||LightClay|Prankster|LightScreen,Encore,Disable,Reflect|Calm||F|||50|]Jolteon||Magnet|VoltAbsorb|Thunderbolt,CalmMind,HyperVoice,Protect|Timid||M|||50|]Altaria||Leftovers|CloudNine|DragonDance,Roost,BraveBird,DragonClaw|Adamant||F|||50|]Volcarona||Charcoal|FlameBody|FireBlast,BugBuzz,RainDance,Protect|Timid||F|||50|
|showteam|p2|Raichu||RaichuniteY|LightningRod|ZapCannon,FocusBlast,FakeOut,Protect|Timid||F|||50|]Staraptor||Staraptite|Intimidate|CloseCombat,DualWingbeat,Tailwind,Protect|Jolly||F|||50|]Arcanine-Hisui||FocusSash|RockHead|FlareBlitz,HeadSmash,ExtremeSpeed,Protect|Jolly||M|||50|]Farigiraf||SitrusBerry|ArmorTail|Psychic,HelpingHand,TrickRoom,Protect|Calm||M|||50|]Sylveon||FairyFeather|Pixilate|HyperVoice,QuickAttack,HyperBeam,Detect|Modest||F|||50|]Kingambit||LifeOrb|Defiant|KowtowCleave,SuckerPunch,SwordsDance,Protect|Adamant||M|||50|
|inactive|Battle timer is ON: inactive players will automatically lose when time's up. (requested by swarley3000)
|inactive|Hjmane has 60 seconds left.
|inactive|swarley3000 has 60 seconds left.
|
|t:|1785789902
|teamsize|p1|4
|teamsize|p2|4
|start
|switch|p1a: Staraptor|Staraptor, L50, M|100/100
|switch|p1b: Sableye|Sableye, L50, F|100/100
|switch|p2a: Raichu|Raichu, L50, F|100/100
|switch|p2b: Kingambit|Kingambit, L50, M|100/100
|-ability|p1a: Staraptor|Intimidate|boost
|-unboost|p2a: Raichu|atk|1
|-unboost|p2b: Kingambit|atk|1
|-ability|p2b: Kingambit|Defiant|boost
|-boost|p2b: Kingambit|atk|2
|turn|1
|
|t:|1785789917
|detailschange|p2a: Raichu|Raichu-Mega-Y, L50, F
|-mega|p2a: Raichu|Raichu|Raichunite Y
|detailschange|p1a: Staraptor|Staraptor-Mega, L50, M
|-mega|p1a: Staraptor|Staraptor|Staraptite
|move|p1a: Staraptor|Protect|p1a: Staraptor
|-singleturn|p1a: Staraptor|Protect
|move|p1b: Sableye|Reflect|p1b: Sableye
|-sidestart|p1: Hjmane|Reflect
|move|p2a: Raichu|Zap Cannon|p1a: Staraptor
|-activate|p1a: Staraptor|move: Protect
|move|p2b: Kingambit|Kowtow Cleave|p1b: Sableye
|-damage|p1b: Sableye|8/100
|-damage|p2b: Kingambit|90/100|[from] item: Life Orb
|
|upkeep
|turn|2
|
|t:|1785789934
|switch|p1a: Jolteon|Jolteon, L50, M|100/100
|switch|p2b: Farigiraf|Farigiraf, L50, M|100/100
|move|p1b: Sableye|Encore||[still]
|cant|p2b: Farigiraf|ability: Armor Tail|Encore|[of] p1b: Sableye
|move|p2a: Raichu|Zap Cannon|p1a: Jolteon
|-immune|p1a: Jolteon|[from] ability: Volt Absorb
|
|upkeep
|turn|3
|inactive|swarley3000 has 30 seconds left.
|inactive|Hjmane has 30 seconds left.
|
|t:|1785789967
|move|p1a: Jolteon|Protect|p1a: Jolteon
|-singleturn|p1a: Jolteon|Protect
|move|p1b: Sableye|Light Screen|p1b: Sableye
|-sidestart|p1: Hjmane|move: Light Screen
|move|p2a: Raichu|Focus Blast|p1a: Jolteon
|-activate|p1a: Jolteon|move: Protect
|move|p2b: Farigiraf|Psychic|p1a: Jolteon
|-activate|p1a: Jolteon|move: Protect
|
|upkeep
|turn|4
|
|t:|1785789983
|switch|p1a: Volcarona|Volcarona, L50, F|100/100
|switch|p2a: Sylveon|Sylveon, L50, F|100/100
|switch|p1b: Staraptor|Staraptor-Mega, L50, M|100/100
|move|p2b: Farigiraf|Trick Room|p2b: Farigiraf
|-fieldstart|move: Trick Room|[of] p2b: Farigiraf
|
|upkeep
|turn|5
|
|t:|1785790003
|move|p1b: Staraptor|Protect|p1b: Staraptor
|-singleturn|p1b: Staraptor|Protect
|move|p2b: Farigiraf|Psychic|p1b: Staraptor
|-activate|p1b: Staraptor|move: Protect
|move|p2a: Sylveon|Hyper Voice|p1a: Volcarona|[spread] p1a
|-activate|p1b: Staraptor|move: Protect
|-resisted|p1a: Volcarona|1
|-damage|p1a: Volcarona|85/100
|move|p1a: Volcarona|Fire Blast|p2a: Sylveon
|-damage|p2a: Sylveon|48/100
|
|upkeep
|turn|6
|
|t:|1785790022
|switch|p1b: Sableye|Sableye, L50, F|8/100
|move|p2b: Farigiraf|Psychic|p1b: Sableye
|-immune|p1b: Sableye
|move|p2a: Sylveon|Hyper Voice|p1b: Sableye|[spread] p1a,p1b
|-resisted|p1a: Volcarona|1
|-supereffective|p1b: Sableye|1
|-damage|p1a: Volcarona|68/100
|-damage|p1b: Sableye|0 fnt
|faint|p1b: Sableye
|move|p1a: Volcarona|Fire Blast|p2a: Sylveon
|-damage|p2a: Sylveon|0 fnt
|faint|p2a: Sylveon
|
|upkeep
|
|t:|1785790039
|switch|p1b: Jolteon|Jolteon, L50, M|100/100
|switch|p2a: Kingambit|Kingambit, L50, M|90/100
|turn|7
|
|t:|1785790044
|move|p1b: Jolteon|Protect|p1b: Jolteon
|-singleturn|p1b: Jolteon|Protect
|move|p2a: Kingambit|Kowtow Cleave|p1a: Volcarona
|-damage|p1a: Volcarona|0 fnt
|faint|p1a: Volcarona
|-damage|p2a: Kingambit|80/100|[from] item: Life Orb
|move|p2b: Farigiraf|Psychic|p1b: Jolteon
|-activate|p1b: Jolteon|move: Protect
|
|upkeep
|
|t:|1785790054
|switch|p1a: Staraptor|Staraptor-Mega, L50, M|100/100
|turn|8
|
|t:|1785790058
|switch|p2b: Raichu|Raichu-Mega-Y, L50, F|100/100
|move|p1a: Staraptor|Protect|p1a: Staraptor
|-singleturn|p1a: Staraptor|Protect
|move|p2a: Kingambit|Kowtow Cleave|p1b: Jolteon
|-damage|p1b: Jolteon|19/100
|-damage|p2a: Kingambit|71/100|[from] item: Life Orb
|move|p1b: Jolteon|Thunderbolt|p2a: Kingambit
|-damage|p2a: Kingambit|23/100
|
|-sideend|p1: Hjmane|Reflect
|-fieldend|move: Trick Room
|upkeep
|turn|9
|inactive|Hjmane has 30 seconds left.
|
|t:|1785790088
|move|p2b: Raichu|Protect|p2b: Raichu
|-singleturn|p2b: Raichu|Protect
|move|p1b: Jolteon|Protect|p1b: Jolteon
|-singleturn|p1b: Jolteon|Protect
|move|p2a: Kingambit|Protect|p2a: Kingambit
|-singleturn|p2a: Kingambit|Protect
|move|p1a: Staraptor|Close Combat|p2b: Raichu
|-activate|p2b: Raichu|move: Protect
|
|upkeep
|turn|10
|
|t:|1785790095
|move|p1b: Jolteon|Protect||[still]
|-fail|p1b: Jolteon
|move|p2a: Kingambit|Sucker Punch|p1a: Staraptor
|-resisted|p1a: Staraptor|1
|-damage|p1a: Staraptor|70/100
|-damage|p2a: Kingambit|13/100|[from] item: Life Orb
|move|p2b: Raichu|Zap Cannon|p1a: Staraptor
|-supereffective|p1a: Staraptor|1
|-damage|p1a: Staraptor|0 fnt
|faint|p1a: Staraptor
|
|-sideend|p1: Hjmane|move: Light Screen
|upkeep
|turn|11
|-message|Hjmane forfeited.
|
|win|swarley3000
