|j|☆Bujero A subir
|j|☆PlayzNSlayz
|html|Bujero A subirPlayzNSlayz    
|uhtml|bestof|Game 2 of a best-of-3
|t:|1756491696
|gametype|doubles
|player|p1|Bujero A subir|acetrainercouple|1076
|player|p2|PlayzNSlayz|parasollady|1000
|gen|9
|tier|[Gen 9] VGC 2025 Reg H (Bo3)
|rated|
|rule|Species Clause: Limit one of each Pokémon
|rule|Item Clause: Limit 1 of each item
|clearpoke
|poke|p1|Rillaboom, L50, M|
|poke|p1|Kingambit, L50, M|
|poke|p1|Sneasler, L50, M|
|poke|p1|Electabuzz, L50, M|
|poke|p1|Dragonite, L50, M|
|poke|p1|Volcarona, L50, M|
|poke|p2|Indeedee-F, L50, F|
|poke|p2|Hatterene, L50, F|
|poke|p2|Gallade, L50, M|
|poke|p2|Ursaluna, L50, M|
|poke|p2|Lilligant-Hisui, L50, F|
|poke|p2|Torkoal, L50, M|
|teampreview|4
|showteam|p1|Rillaboom||AssaultVest|GrassySurge|FakeOut,WoodHammer,HighHorsepower,GrassyGlide|||M|||50|,,,,,Fire]Kingambit||BlackGlasses|Defiant|KowtowCleave,SuckerPunch,SwordsDance,Protect|||M|||50|,,,,,Dark]Sneasler||GrassySeed|Unburden|CloseCombat,DireClaw,Protect,Coaching|||M|||50|,,,,,Stellar]Electabuzz||Eviolite|VitalSpirit|Electroweb,Taunt,FollowMe,Protect|||M|||50|,,,,,Dragon]Dragonite||LoadedDice|Multiscale|ScaleShot,Tailwind,Protect,Haze|||M|||50|,,,,,Fairy]Volcarona||CovertCloak|FlameBody|QuiverDance,TeraBlast,HeatWave,Protect|||M|||50|,,,,,Fairy
|showteam|p2|Indeedee-F||PsychicSeed|PsychicSurge|TrickRoom,FollowMe,HelpingHand,DazzlingGleam|||F|||50|,,,,,Fire]Hatterene||LifeOrb|MagicBounce|ExpandingForce,TrickRoom,DazzlingGleam,Protect|||F|||50|,,,,,Psychic]Gallade||ClearAmulet|Sharpness|PsychoCut,TrickRoom,SacredSword,WideGuard|||M|||50|,,,,,Grass]Ursaluna||FlameOrb|Guts|HeadlongRush,Facade,SwordsDance,Protect|||M|||50|,,,,,Ghost]Lilligant-Hisui||FocusSash|Chlorophyll|SolarBlade,SleepPowder,CloseCombat,AfterYou|||F|||50|,,,,,Ghost]Torkoal||ChoiceSpecs|Drought|Eruption,HeatWave,WeatherBall,EarthPower|||M|||50|,,,,,Fire
|inactive|Battle timer is ON: inactive players will automatically lose when time's up. (requested by PlayzNSlayz)
|c|☆Bujero A subir|glhf
|inactive|PlayzNSlayz has 60 seconds left.
|
|t:|1756491731
|teamsize|p1|4
|teamsize|p2|4
|start
|switch|p1a: Kingambit|Kingambit, L50, M, shiny|100/100
|switch|p1b: Electabuzz|Electabuzz, L50, M, shiny|100/100
|switch|p2a: Torkoal|Torkoal, L50, M, shiny|100/100
|switch|p2b: Lilligant|Lilligant-Hisui, L50, F, shiny|100/100
|-weather|SunnyDay|[from] ability: Drought|[of] p2a: Torkoal
|turn|1
|inactive|PlayzNSlayz has 30 seconds left.
|
|t:|1756491761
|-terastallize|p1a: Kingambit|Dark
|-terastallize|p2a: Torkoal|Fire
|move|p1b: Electabuzz|Follow Me|p1b: Electabuzz
|-singleturn|p1b: Electabuzz|move: Follow Me
|move|p2b: Lilligant|Close Combat|p1b: Electabuzz
|-damage|p1b: Electabuzz|52/100
|-unboost|p2b: Lilligant|def|1
|-unboost|p2b: Lilligant|spd|1
|move|p1a: Kingambit|Kowtow Cleave|p2a: Torkoal
|-damage|p2a: Torkoal|43/100
|move|p2a: Torkoal|Eruption|p1b: Electabuzz|[spread] p1a,p1b
|-damage|p1a: Kingambit|39/100
|-damage|p1b: Electabuzz|0 fnt
|faint|p1b: Electabuzz
|
|-weather|SunnyDay|[upkeep]
|upkeep
|
|t:|1756491779
|switch|p1b: Volcarona|Volcarona, L50, M|100/100
|turn|2
|
|t:|1756491785
|move|p1a: Kingambit|Protect|p1a: Kingambit
|-singleturn|p1a: Kingambit|Protect
|move|p2b: Lilligant|Close Combat|p1a: Kingambit
|-activate|p1a: Kingambit|move: Protect
|move|p1b: Volcarona|Heat Wave|p2a: Torkoal|[spread] p2a,p2b
|-resisted|p2a: Torkoal
|-supereffective|p2b: Lilligant
|-damage|p2a: Torkoal|7/100
|-enditem|p2b: Lilligant|Focus Sash
|-damage|p2b: Lilligant|1/100
|move|p2a: Torkoal|Eruption|p1a: Kingambit|[spread] p1b
|-activate|p1a: Kingambit|move: Protect
|-damage|p1b: Volcarona|92/100
|
|-weather|SunnyDay|[upkeep]
|upkeep
|turn|3
|inactive|Bujero A subir has 30 seconds left.
|
|t:|1756491812
|switch|p2b: Indeedee|Indeedee-F, L50, F, shiny|100/100
|-fieldstart|move: Psychic Terrain|[from] ability: Psychic Surge|[of] p2b: Indeedee
|-enditem|p2b: Indeedee|Psychic Seed
|-boost|p2b: Indeedee|spd|1|[from] item: Psychic Seed
|switch|p2a: Hatterene|Hatterene, L50, F, shiny|100/100
|move|p1a: Kingambit|Sucker Punch||[still]
|-fail|p1a: Kingambit
|move|p1b: Volcarona|Quiver Dance|p1b: Volcarona
|-boost|p1b: Volcarona|spa|1
|-boost|p1b: Volcarona|spd|1
|-boost|p1b: Volcarona|spe|1
|
|-weather|SunnyDay|[upkeep]
|upkeep
|turn|4
|
|t:|1756491830
|move|p1b: Volcarona|Heat Wave|p2b: Indeedee|[spread] p2a,p2b
|-damage|p2a: Hatterene|19/100
|-damage|p2b: Indeedee|47/100
|move|p1a: Kingambit|Kowtow Cleave|p2b: Indeedee
|-supereffective|p2b: Indeedee
|-damage|p2b: Indeedee|0 fnt
|faint|p2b: Indeedee
|move|p2a: Hatterene|Expanding Force|p1b: Volcarona|[spread] p1b
|-immune|p1a: Kingambit
|-crit|p1b: Volcarona
|-damage|p1b: Volcarona|0 fnt
|faint|p1b: Volcarona
|-damage|p2a: Hatterene|9/100|[from] item: Life Orb
|
|-weather|SunnyDay|[upkeep]
|upkeep
|
|t:|1756491845
|switch|p1b: Dragonite|Dragonite, L50, M, shiny|100/100
|switch|p2b: Torkoal|Torkoal, L50, M, shiny, tera:Fire|7/100
|turn|5
|
|t:|1756491863
|move|p1b: Dragonite|Scale Shot|p2b: Torkoal
|-damage|p2b: Torkoal|0 fnt
|faint|p2b: Torkoal
|-hitcount|p2: Torkoal|1
|-unboost|p1b: Dragonite|def|1
|-boost|p1b: Dragonite|spe|1
|move|p1a: Kingambit|Kowtow Cleave|p2a: Hatterene
|-damage|p2a: Hatterene|0 fnt
|faint|p2a: Hatterene
|
|-weather|none
|upkeep
|
|t:|1756491879
|switch|p2b: Lilligant|Lilligant-Hisui, L50, F, shiny|1/100
|turn|6
|
|t:|1756491885
|move|p1a: Kingambit|Protect|p1a: Kingambit
|-singleturn|p1a: Kingambit|Protect
|move|p1b: Dragonite|Scale Shot|p2b: Lilligant
|-damage|p2b: Lilligant|0 fnt
|faint|p2b: Lilligant
|-hitcount|p2: Lilligant|1
|
|win|Bujero A subir
|raw|Bujero A subir's rating: 1076 → 1098(+22 for winning)
|raw|PlayzNSlayz's rating: 1000 → 1000(+0 for losing)
|l|☆PlayzNSlayz
|player|p2|
