|j|☆Kardeas
|j|☆failandimprove5
|html|Kardeasfailandimprove5    
|uhtml|bestof|Game 2 of a best-of-3
|t:|1784508598
|gametype|doubles
|player|p1|Kardeas|clerkf|1186
|player|p2|failandimprove5|266|1333
|gen|9
|tier|[Gen 9 Champions] VGC 2026 Reg M-B (Bo3)
|rated|
|rule|Species Clause: Limit one of each Pokémon
|rule|Item Clause: Limit 1 of each item
|clearpoke
|poke|p1|Kingambit, L50, M|
|poke|p1|Sneasler, L50, F|
|poke|p1|Dragonite, L50, M|
|poke|p1|Sableye, L50, F|
|poke|p1|Ninetales-Alola, L50, M|
|poke|p1|Toxapex, L50, M|
|poke|p2|Kingambit, L50, F|
|poke|p2|Sneasler, L50, M|
|poke|p2|Froslass, L50, F|
|poke|p2|Lycanroc-Dusk, L50, M|
|poke|p2|Basculegion, L50, M|
|poke|p2|Scovillain, L50, F|
|teampreview|4
|showteam|p1|Kingambit||LifeOrb|Defiant|KowtowCleave,SuckerPunch,IronHead,Protect|Adamant||M|||50|]Sneasler||FocusSash|PoisonTouch|PoisonJab,CloseCombat,FakeOut,QuickGuard|Jolly||F|||50|]Dragonite||Dragoninite|Multiscale|DragonPulse,HeatWave,Tailwind,Protect|Modest||M|||50|]Sableye||RoseliBerry|Prankster|FakeOut,Encore,Disable,FoulPlay|Calm||F|||50|]Ninetales-Alola||NeverMeltIce|SnowWarning|Blizzard,FreezeDry,Encore,Protect|Timid||M|||50|]Toxapex||Leftovers|Regenerator|Infestation,Toxic,WideGuard,BanefulBunker|Bold||M|||50|
|showteam|p2|Kingambit||LifeOrb|Defiant|KowtowCleave,SuckerPunch,SwordsDance,Protect|Adamant||F|||50|]Sneasler||WhiteHerb|Unburden|FakeOut,CloseCombat,GunkShot,Protect|Adamant||M|||50|]Froslass||Froslassite|SnowCloak|Blizzard,AuroraVeil,ShadowBall,Protect|Timid||F|||50|]Lycanroc-Dusk||FocusSash|ToughClaws|CloseCombat,RockSlide,Accelerock,Protect|Adamant||M|||50|]Basculegion||SitrusBerry|Adaptability|LastRespects,AquaJet,WaveCrash,Protect|Adamant||M|||50|]Scovillain||Scovillainite|Moody|Overheat,GigaDrain,RagePowder,Protect|Bold||F|||50|
|inactive|Battle timer is ON: inactive players will automatically lose when time's up. (requested by failandimprove5)
|inactive|failandimprove5 has 60 seconds left.
|
|t:|1784508634
|teamsize|p1|4
|teamsize|p2|4
|start
|switch|p1a: Dragonite|Dragonite, L50, M|100/100
|switch|p1b: Toxapex|Toxapex, L50, M|100/100
|switch|p2a: Froslass|Froslass, L50, F|100/100
|switch|p2b: Sneasler|Sneasler, L50, M|100/100
|turn|1
|inactive|Kardeas has 30 seconds left.
|inactive|failandimprove5 has 30 seconds left.
|
|t:|1784508667
|detailschange|p2a: Froslass|Froslass-Mega, L50, F
|-mega|p2a: Froslass|Froslass|Froslassite
|-weather|Snowscape|[from] ability: Snow Warning|[of] p2a: Froslass
|detailschange|p1a: Dragonite|Dragonite-Mega, L50, M
|-mega|p1a: Dragonite|Dragonite|Dragoninite
|move|p2b: Sneasler|Fake Out|p1b: Toxapex
|-damage|p1b: Toxapex|90/100
|cant|p1b: Toxapex|flinch
|move|p2a: Froslass|Aurora Veil|p2a: Froslass
|-sidestart|p2: failandimprove5|move: Aurora Veil
|move|p1a: Dragonite|Heat Wave|p2a: Froslass|[spread] p2a,p2b
|-supereffective|p2a: Froslass|1
|-damage|p2a: Froslass|59/100
|-damage|p2b: Sneasler|75/100
|
|-weather|Snowscape|[upkeep]
|-heal|p1b: Toxapex|96/100|[from] item: Leftovers
|upkeep
|turn|2
|inactive|Kardeas has 30 seconds left.
|inactive|Kardeas has 20 seconds left.
|
|t:|1784508702
|move|p2a: Froslass|Protect|p2a: Froslass
|-singleturn|p2a: Froslass|Protect
|move|p1a: Dragonite|Protect|p1a: Dragonite
|-singleturn|p1a: Dragonite|Protect
|move|p2b: Sneasler|Close Combat|p1a: Dragonite
|-activate|p1a: Dragonite|move: Protect
|move|p1b: Toxapex|Infestation|p2b: Sneasler
|-resisted|p2b: Sneasler|2
|-damage|p2b: Sneasler|75/100
|-activate|p2b: Sneasler|move: Infestation|[of] p1b: Toxapex
|
|-weather|Snowscape|[upkeep]
|-heal|p1b: Toxapex|100/100|[from] item: Leftovers
|-damage|p2b: Sneasler|63/100|[from] move: Infestation|[partiallytrapped]
|upkeep
|turn|3
|inactive|failandimprove5 has 30 seconds left.
|
|t:|1784508737
|move|p1b: Toxapex|Wide Guard|p1b: Toxapex
|-singleturn|p1b: Toxapex|Wide Guard
|move|p2a: Froslass|Shadow Ball|p1a: Dragonite
|-crit|p1a: Dragonite
|-damage|p1a: Dragonite|76/100
|move|p2b: Sneasler|Gunk Shot|p1a: Dragonite
|-damage|p1a: Dragonite|16/100
|move|p1a: Dragonite|Dragon Pulse|p2b: Sneasler
|-damage|p2b: Sneasler|21/100
|
|-weather|Snowscape|[upkeep]
|-damage|p2b: Sneasler|9/100|[from] move: Infestation|[partiallytrapped]
|upkeep
|turn|4
|
|t:|1784508758
|switch|p2a: Kingambit|Kingambit, L50, F|100/100
|move|p2b: Sneasler|Close Combat|p1a: Dragonite
|-resisted|p1a: Dragonite|1
|-damage|p1a: Dragonite|0 fnt
|-unboost|p2b: Sneasler|def|1
|-unboost|p2b: Sneasler|spd|1
|faint|p1a: Dragonite
|-enditem|p2b: Sneasler|White Herb
|-clearnegativeboost|p2b: Sneasler|[silent]
|move|p1b: Toxapex|Toxic|p2a: Kingambit
|-immune|p2a: Kingambit
|
|-weather|Snowscape|[upkeep]
|-damage|p2b: Sneasler|0 fnt|[from] move: Infestation|[partiallytrapped]
|faint|p2b: Sneasler
|upkeep
|
|t:|1784508774
|switch|p2b: Basculegion|Basculegion, L50, M|100/100
|switch|p1a: Kingambit|Kingambit, L50, M|100/100
|turn|5
|
|t:|1784508785
|move|p2b: Basculegion|Protect|p2b: Basculegion
|-singleturn|p2b: Basculegion|Protect
|move|p2a: Kingambit|Swords Dance|p2a: Kingambit
|-boost|p2a: Kingambit|atk|2
|move|p1a: Kingambit|Kowtow Cleave|p2b: Basculegion
|-activate|p2b: Basculegion|move: Protect
|move|p1b: Toxapex|Infestation|p2a: Kingambit
|-damage|p2a: Kingambit|97/100
|-activate|p2a: Kingambit|move: Infestation|[of] p1b: Toxapex
|
|-weather|none
|-damage|p2a: Kingambit|85/100|[from] move: Infestation|[partiallytrapped]
|-sideend|p2: failandimprove5|move: Aurora Veil
|upkeep
|turn|6
|
|t:|1784508809
|move|p1a: Kingambit|Protect|p1a: Kingambit
|-singleturn|p1a: Kingambit|Protect
|move|p1b: Toxapex|Baneful Bunker|p1b: Toxapex
|-singleturn|p1b: Toxapex|move: Protect
|move|p2b: Basculegion|Last Respects|p1b: Toxapex
|-activate|p1b: Toxapex|move: Protect
|move|p2a: Kingambit|Kowtow Cleave|p1b: Toxapex
|-activate|p1b: Toxapex|move: Protect
|
|-damage|p2a: Kingambit|73/100|[from] move: Infestation|[partiallytrapped]
|upkeep
|turn|7
|inactive|Kardeas has 30 seconds left.
|
|t:|1784508835
|switch|p2b: Froslass|Froslass-Mega, L50, F|59/100
|-weather|Snowscape|[from] ability: Snow Warning|[of] p2b: Froslass
|move|p1a: Kingambit|Sucker Punch||[still]
|-fail|p1a: Kingambit
|move|p2a: Kingambit|Swords Dance|p2a: Kingambit
|-boost|p2a: Kingambit|atk|2
|move|p1b: Toxapex|Toxic|p2b: Froslass
|-status|p2b: Froslass|tox
|
|-weather|Snowscape|[upkeep]
|-damage|p2b: Froslass|53/100 tox|[from] psn
|-damage|p2a: Kingambit|60/100|[from] move: Infestation|[partiallytrapped]
|upkeep
|turn|8
|inactive|failandimprove5 has 30 seconds left.
|inactive|failandimprove5 has 20 seconds left.
|
|t:|1784508871
|move|p1a: Kingambit|Protect|p1a: Kingambit
|-singleturn|p1a: Kingambit|Protect
|move|p1b: Toxapex|Baneful Bunker|p1b: Toxapex
|-singleturn|p1b: Toxapex|move: Protect
|move|p2b: Froslass|Aurora Veil|p2b: Froslass
|-sidestart|p2: failandimprove5|move: Aurora Veil
|move|p2a: Kingambit|Kowtow Cleave|p1a: Kingambit
|-activate|p1a: Kingambit|move: Protect
|
|-weather|Snowscape|[upkeep]
|-damage|p2b: Froslass|41/100 tox|[from] psn
|-damage|p2a: Kingambit|48/100|[from] move: Infestation|[partiallytrapped]
|upkeep
|turn|9
|
|t:|1784508884
|switch|p1b: Sneasler|Sneasler, L50, F|100/100
|move|p1a: Kingambit|Sucker Punch|p2b: Froslass
|-supereffective|p2b: Froslass|1
|-damage|p2b: Froslass|0 fnt
|faint|p2b: Froslass
|-damage|p1a: Kingambit|90/100|[from] item: Life Orb
|move|p2a: Kingambit|Kowtow Cleave|p1b: Sneasler
|-resisted|p1b: Sneasler|1
|-enditem|p1b: Sneasler|Focus Sash
|-damage|p1b: Sneasler|1/100
|-damage|p2a: Kingambit|39/100|[from] item: Life Orb
|
|-weather|Snowscape|[upkeep]
|-end|p2a: Kingambit|Infestation|[partiallytrapped]
|upkeep
|
|t:|1784508887
|switch|p2b: Basculegion|Basculegion, L50, M|100/100
|turn|10
|inactive|failandimprove5 has 30 seconds left.
|
|t:|1784508915
|move|p2b: Basculegion|Protect|p2b: Basculegion
|-singleturn|p2b: Basculegion|Protect
|move|p2a: Kingambit|Protect|p2a: Kingambit
|-singleturn|p2a: Kingambit|Protect
|move|p1b: Sneasler|Fake Out|p2a: Kingambit
|-activate|p2a: Kingambit|move: Protect
|move|p1a: Kingambit|Kowtow Cleave|p2b: Basculegion
|-activate|p2b: Basculegion|move: Protect
|
|-weather|Snowscape|[upkeep]
|upkeep
|turn|11
|inactive|failandimprove5 has 30 seconds left.
|inactive|failandimprove5 has 20 seconds left.
|inactive|failandimprove5 has 15 seconds left.
|
|t:|1784508957
|move|p1b: Sneasler|Quick Guard|p1b: Sneasler
|-singleturn|p1b: Sneasler|Quick Guard
|move|p2a: Kingambit|Sucker Punch||[still]
|-fail|p2a: Kingambit
|move|p2b: Basculegion|Wave Crash|p1a: Kingambit
|-damage|p1a: Kingambit|33/100
|-damage|p2b: Basculegion|82/100|[from] Recoil
|move|p1a: Kingambit|Kowtow Cleave|p2b: Basculegion
|-supereffective|p2b: Basculegion|1
|-crit|p2b: Basculegion
|-damage|p2b: Basculegion|0 fnt
|faint|p2b: Basculegion
|-damage|p1a: Kingambit|23/100|[from] item: Life Orb
|
|-weather|none
|upkeep
|turn|12
|-message|failandimprove5 forfeited.
|
|win|Kardeas
