|j|☆raineyluvsu
|j|☆pod_warbatino
|html|raineyluvsupod_warbatino    
|uhtml|bestof|Game 1 of a best-of-3
|t:|1782596392
|gametype|doubles
|player|p1|raineyluvsu|1|1042
|player|p2|pod_warbatino|richboy|1077
|gen|9
|tier|[Gen 9 Champions] VGC 2026 Reg M-B (Bo3)
|rated|
|rule|Species Clause: Limit one of each Pokémon
|rule|Item Clause: Limit 1 of each item
|clearpoke
|poke|p1|Metagross, L50|
|poke|p1|Basculegion, L50, M|
|poke|p1|Blaziken, L50, M|
|poke|p1|Politoed, L50, M|
|poke|p1|Tsareena, L50, F|
|poke|p1|Kingambit, L50, M|
|poke|p2|Whimsicott, L50, M, shiny|
|poke|p2|Ditto, L50, shiny|
|poke|p2|Glimmora, L50, M, shiny|
|poke|p2|Sneasler, L50, F, shiny|
|poke|p2|Basculegion, L50, M, shiny|
|poke|p2|Archaludon, L50, F|
|teampreview|4
|showteam|p1|Metagross||Metagrossite|ClearBody|IronHead,PsychicFangs,StompingTantrum,Protect|Jolly|||||50|]Basculegion||LifeOrb|Adaptability|WaveCrash,LastRespects,AquaJet,Protect|Jolly||M|||50|]Blaziken||FocusSash|SpeedBoost|Overheat,AuraSphere,Coaching,Detect|Modest||M|||50|]Politoed||SitrusBerry|Drizzle|WeatherBall,IceBeam,PerishSong,Protect|Bold||M|||50|]Tsareena||ChoiceScarf|QueenlyMajesty|TropKick,TripleAxel,LowKick,Uturn|Jolly||F|||50|]Kingambit||BlackGlasses|Defiant|KowtowCleave,SuckerPunch,SwordsDance,Protect|Brave||M|||50|
|showteam|p2|Whimsicott||FocusSash|Prankster|Encore,Tailwind,HelpingHand,Moonblast|Bold||M|||50|]Ditto||QuickClaw|Imposter|Transform|Bold|||||50|]Glimmora||Glimmoranite|ToxicDebris|EarthPower,PowerGem,SludgeBomb,SpikyShield|Timid||M|||50|]Sneasler||WhiteHerb|Unburden|Protect,CloseCombat,FakeOut,DireClaw|Adamant||F|||50|]Basculegion||ChoiceScarf|Adaptability|LastRespects,Crunch,Protect,WaveCrash|Jolly||M|||50|]Archaludon||WiseGlasses|Stamina|ElectroShot,DragonPulse,AuraSphere,Protect|Timid||F|||50|
|
|t:|1782596407
|teamsize|p1|4
|teamsize|p2|4
|start
|switch|p1a: Blaziken|Blaziken, L50, M|100/100
|switch|p1b: Metagross|Metagross, L50|100/100
|switch|p2a: Theridiosa|Sneasler, L50, F, shiny|100/100
|switch|p2b: Amlo|Whimsicott, L50, M, shiny|100/100
|turn|1
|
|t:|1782596426
|switch|p1a: Tsareena|Tsareena, L50, F|100/100
|detailschange|p1b: Metagross|Metagross-Mega, L50
|-mega|p1b: Metagross|Metagross|Metagrossite
|move|p2a: Theridiosa|Fake Out||[still]
|cant|p1a: Tsareena|ability: Queenly Majesty|Fake Out|[of] p2a: Theridiosa
|move|p2b: Amlo|Tailwind|p2b: Amlo
|-sidestart|p2: pod_warbatino|move: Tailwind
|move|p1b: Metagross|Psychic Fangs|p2a: Theridiosa
|-supereffective|p2a: Theridiosa|2
|-damage|p2a: Theridiosa|0 fnt
|faint|p2a: Theridiosa
|
|upkeep
|
|t:|1782596442
|switch|p2a: Transforma-ditto|Ditto, L50, shiny|100/100
|-transform|p2a: Transforma-ditto|p1b: Metagross|[from] ability: Imposter
|turn|2
|
|t:|1782596473
|move|p2b: Amlo|Helping Hand|p2a: Transforma-ditto
|-singleturn|p2a: Transforma-ditto|Helping Hand|[of] p2b: Amlo
|move|p1b: Metagross|Protect|p1b: Metagross
|-singleturn|p1b: Metagross|Protect
|move|p2a: Transforma-ditto|Psychic Fangs|p1a: Tsareena
|-damage|p1a: Tsareena|0 fnt
|faint|p1a: Tsareena
|
|upkeep
|
|t:|1782596493
|switch|p1a: Blaziken|Blaziken, L50, M|100/100
|turn|3
|-activate|p2a: Transforma-ditto|item: Quick Claw
|
|t:|1782596504
|move|p2b: Amlo|Helping Hand|p2a: Transforma-ditto
|-singleturn|p2a: Transforma-ditto|Helping Hand|[of] p2b: Amlo
|move|p2a: Transforma-ditto|Stomping Tantrum|p1a: Blaziken
|-supereffective|p1a: Blaziken|1
|-enditem|p1a: Blaziken|Focus Sash
|-damage|p1a: Blaziken|1/100
|move|p1b: Metagross|Iron Head|p2b: Amlo
|-supereffective|p2b: Amlo|1
|-damage|p2b: Amlo|6/100
|move|p1a: Blaziken|Overheat|p2a: Transforma-ditto
|-supereffective|p2a: Transforma-ditto|1
|-damage|p2a: Transforma-ditto|0 fnt
|-unboost|p1a: Blaziken|spa|2
|faint|p2a: Transforma-ditto
|
|-ability|p1a: Blaziken|Speed Boost|boost
|-boost|p1a: Blaziken|spe|1
|upkeep
|
|t:|1782596524
|switch|p2a: Archaludon|Archaludon, L50, F|100/100
|turn|4
|
|t:|1782596542
|move|p1b: Metagross|Protect|p1b: Metagross
|-singleturn|p1b: Metagross|Protect
|move|p2a: Archaludon|Electro Shot||[still]
|-prepare|p2a: Archaludon|Electro Shot
|-boost|p2a: Archaludon|spa|1
|move|p2b: Amlo|Moonblast|p1a: Blaziken
|-damage|p1a: Blaziken|0 fnt
|faint|p1a: Blaziken
|
|-sideend|p2: pod_warbatino|move: Tailwind
|upkeep
|
|t:|1782596554
|switch|p1a: Kingambit|Kingambit, L50, M|100/100
|turn|5
|
|t:|1782596566
|move|p2b: Amlo|Tailwind|p2b: Amlo
|-sidestart|p2: pod_warbatino|move: Tailwind
|move|p2a: Archaludon|Electro Shot|p1b: Metagross|[from] lockedmove
|-damage|p1b: Metagross|29/100
|move|p1b: Metagross|Stomping Tantrum|p2a: Archaludon
|-supereffective|p2a: Archaludon|1
|-damage|p2a: Archaludon|40/100
|-ability|p2a: Archaludon|Stamina|boost
|-boost|p2a: Archaludon|def|1
|move|p1a: Kingambit|Swords Dance|p1a: Kingambit
|-boost|p1a: Kingambit|atk|2
|
|upkeep
|turn|6
|
|t:|1782596601
|move|p2b: Amlo|Encore|p1a: Kingambit
|-hint|Since gen 7, Dark is immune to Prankster moves.
|-immune|p1a: Kingambit
|move|p1a: Kingambit|Sucker Punch||[still]
|-fail|p1a: Kingambit
|move|p2a: Archaludon|Aura Sphere|p1a: Kingambit
|-supereffective|p1a: Kingambit|2
|-damage|p1a: Kingambit|0 fnt
|faint|p1a: Kingambit
|move|p1b: Metagross|Stomping Tantrum|p2a: Archaludon
|-supereffective|p2a: Archaludon|1
|-damage|p2a: Archaludon|0 fnt
|faint|p2a: Archaludon
|
|upkeep
|turn|7
|
|t:|1782596620
|move|p1b: Metagross|Protect|p1b: Metagross
|-singleturn|p1b: Metagross|Protect
|move|p2b: Amlo|Moonblast|p1b: Metagross
|-activate|p1b: Metagross|move: Protect
|
|upkeep
|turn|8
|
|t:|1782596628
|move|p2b: Amlo|Encore|p1b: Metagross
|-start|p1b: Metagross|Encore
|move|p1b: Metagross|Protect||[still]
|-fail|p1b: Metagross
|
|-sideend|p2: pod_warbatino|move: Tailwind
|upkeep
|turn|9
|
|t:|1782596635
|move|p1b: Metagross|Protect|p1b: Metagross
|-singleturn|p1b: Metagross|Protect
|move|p2b: Amlo|Tailwind|p2b: Amlo
|-sidestart|p2: pod_warbatino|move: Tailwind
|
|upkeep
|turn|10
|
|t:|1782596643
|move|p1b: Metagross|Protect||[still]
|-fail|p1b: Metagross
|move|p2b: Amlo|Moonblast|p1b: Metagross
|-resisted|p1b: Metagross|1
|-damage|p1b: Metagross|16/100
|
|-end|p1b: Metagross|Encore
|upkeep
|turn|11
|
|t:|1782596653
|move|p2b: Amlo|Encore|p1b: Metagross
|-start|p1b: Metagross|Encore
|move|p1b: Metagross|Protect||[still]
|-fail|p1b: Metagross
|
|upkeep
|turn|12
|
|t:|1782596666
|move|p1b: Metagross|Protect|p1b: Metagross
|-singleturn|p1b: Metagross|Protect
|move|p2b: Amlo|Moonblast|p1b: Metagross
|-activate|p1b: Metagross|move: Protect
|
|-end|p1b: Metagross|Encore
|-sideend|p2: pod_warbatino|move: Tailwind
|upkeep
|turn|13
|
|t:|1782596677
|move|p2b: Amlo|Encore||[still]
|-fail|p2b: Amlo
|move|p1b: Metagross|Iron Head|p2b: Amlo
|-supereffective|p2b: Amlo|1
|-damage|p2b: Amlo|0 fnt
|faint|p2b: Amlo
|
|win|raineyluvsu
