|j|☆Bodhidelbarrio
|j|☆Bread248
|html|BodhidelbarrioBread248    
|uhtml|bestof|Game 2 of a best-of-3
|t:|1756857999
|gametype|doubles
|player|p1|Bodhidelbarrio|alder|1229
|player|p2|Bread248|266|1257
|gen|9
|tier|[Gen 9] VGC 2025 Reg H (Bo3)
|rated|
|rule|Species Clause: Limit one of each Pokémon
|rule|Item Clause: Limit 1 of each item
|clearpoke
|poke|p1|Dragonite, L50, F|
|poke|p1|Garchomp, L50, F|
|poke|p1|Kingambit, L50, M|
|poke|p1|Amoonguss, L50, F|
|poke|p1|Incineroar, L50, M|
|poke|p1|Ninetales-Alola, L50, F|
|poke|p2|Ursaluna-Bloodmoon, L50, M|
|poke|p2|Incineroar, L50, F|
|poke|p2|Dragonite, L50, F|
|poke|p2|Rillaboom, L50, M|
|poke|p2|Gholdengo, L50|
|poke|p2|Annihilape, L50, F|
|teampreview|4
|showteam|p1|Dragonite||LoadedDice|Multiscale|ScaleShot,Haze,Tailwind,Protect|||F|||50|,,,,,Fairy]Garchomp||LifeOrb|RoughSkin|Earthquake,DragonClaw,StompingTantrum,Protect|||F|||50|,,,,,Ground]Kingambit||BlackGlasses|Defiant|KowtowCleave,SwordsDance,Protect,SuckerPunch|||M|||50|,,,,,Flying]Amoonguss||SitrusBerry|Regenerator|Spore,RagePowder,PollenPuff,Protect|||F|||50|,,,,,Psychic]Incineroar||SafetyGoggles|Intimidate|FakeOut,FlareBlitz,KnockOff,PartingShot|||M|||50|,,,,,Ghost]Ninetales-Alola||FocusSash|SnowWarning|Blizzard,NastyPlot,Moonblast,Protect|||F|||50|,,,,,Water
|showteam|p2|Ursaluna-Bloodmoon||FocusSash|MindsEye|BloodMoon,HyperVoice,EarthPower,Protect|||M|||50|,,,,,Normal]Incineroar||SitrusBerry|Intimidate|FlareBlitz,KnockOff,PartingShot,FakeOut|||F|||50|,,,,,Ghost]Dragonite||LoadedDice|Multiscale|ScaleShot,Tailwind,Protect,Haze|||F|||50|,,,,,Steel]Rillaboom||AssaultVest|GrassySurge|WoodHammer,FakeOut,GrassyGlide,HighHorsepower|||M|||50|,,,,,Fire]Gholdengo||LifeOrb|GoodasGold|MakeItRain,ShadowBall,NastyPlot,Protect||||||50|,,,,,Water]Annihilape||SafetyGoggles|Defiant|CloseCombat,RageFist,Taunt,FinalGambit|||F|||50|,,,,,Water
|inactive|Battle timer is ON: inactive players will automatically lose when time's up. (requested by Bread248)
|
|t:|1756858026
|teamsize|p1|4
|teamsize|p2|4
|start
|switch|p1a: Jaque|Kingambit, L50, M|100/100
|switch|p1b: Syrax|Garchomp, L50, F|100/100
|switch|p2a: Rillaboom|Rillaboom, L50, M|100/100
|switch|p2b: Gholdengo|Gholdengo, L50|100/100
|-fieldstart|move: Grassy Terrain|[from] ability: Grassy Surge|[of] p2a: Rillaboom
|turn|1
|
|t:|1756858042
|-terastallize|p2b: Gholdengo|Water
|move|p2a: Rillaboom|Fake Out|p1a: Jaque
|-resisted|p1a: Jaque
|-damage|p1a: Jaque|95/100
|move|p1b: Syrax|Stomping Tantrum|p2b: Gholdengo
|-damage|p2b: Gholdengo|43/100
|-damage|p1b: Syrax|91/100|[from] item: Life Orb
|move|p2b: Gholdengo|Nasty Plot|p2b: Gholdengo
|-boost|p2b: Gholdengo|spa|2
|cant|p1a: Jaque|flinch
|
|-heal|p1b: Syrax|97/100|[from] Grassy Terrain
|-heal|p2b: Gholdengo|49/100|[from] Grassy Terrain
|-heal|p1a: Jaque|100/100|[from] Grassy Terrain
|upkeep
|turn|2
|inactive|Bread248 has 30 seconds left.
|
|t:|1756858071
|switch|p2a: Incineroar|Incineroar, L50, F|100/100
|-ability|p2a: Incineroar|Intimidate|boost
|-unboost|p1a: Jaque|atk|1
|-ability|p1a: Jaque|Defiant|boost
|-boost|p1a: Jaque|atk|2
|-unboost|p1b: Syrax|atk|1
|move|p2b: Gholdengo|Protect|p2b: Gholdengo
|-singleturn|p2b: Gholdengo|Protect
|move|p1b: Syrax|Stomping Tantrum|p2b: Gholdengo
|-activate|p2b: Gholdengo|move: Protect
|move|p1a: Jaque|Swords Dance|p1a: Jaque
|-boost|p1a: Jaque|atk|2
|
|-heal|p1b: Syrax|100/100|[from] Grassy Terrain
|-heal|p2b: Gholdengo|55/100|[from] Grassy Terrain
|upkeep
|turn|3
|
|t:|1756858090
|switch|p2b: Rillaboom|Rillaboom, L50, M|100/100
|move|p1b: Syrax|Protect|p1b: Syrax
|-singleturn|p1b: Syrax|Protect
|move|p1a: Jaque|Protect|p1a: Jaque
|-singleturn|p1a: Jaque|Protect
|move|p2a: Incineroar|Flare Blitz|p1a: Jaque
|-activate|p1a: Jaque|move: Protect
|
|upkeep
|turn|4
|inactive|Bodhidelbarrio has 30 seconds left.
|
|t:|1756858120
|-terastallize|p1a: Jaque|Flying
|move|p2b: Rillaboom|Fake Out|p1a: Jaque
|-damage|p1a: Jaque|90/100
|move|p1b: Syrax|Stomping Tantrum|p2a: Incineroar
|-supereffective|p2a: Incineroar
|-damage|p2a: Incineroar|34/100
|-enditem|p2a: Incineroar|Sitrus Berry|[eat]
|-heal|p2a: Incineroar|59/100|[from] item: Sitrus Berry
|-damage|p1b: Syrax|91/100|[from] item: Life Orb
|move|p2a: Incineroar|Flare Blitz|p1a: Jaque
|-damage|p1a: Jaque|52/100
|-status|p1a: Jaque|brn
|-damage|p2a: Incineroar|47/100|[from] Recoil
|cant|p1a: Jaque|flinch
|
|-heal|p1b: Syrax|97/100|[from] Grassy Terrain
|-heal|p2a: Incineroar|53/100|[from] Grassy Terrain
|-damage|p1a: Jaque|46/100 brn|[from] brn
|upkeep
|turn|5
|
|t:|1756858138
|move|p1b: Syrax|Stomping Tantrum|p2a: Incineroar
|-supereffective|p2a: Incineroar
|-damage|p2a: Incineroar|0 fnt
|faint|p2a: Incineroar
|-damage|p1b: Syrax|87/100|[from] item: Life Orb
|move|p2b: Rillaboom|Wood Hammer|p1b: Syrax
|-damage|p1b: Syrax|0 fnt
|-damage|p2b: Rillaboom|88/100|[from] ability: Rough Skin|[of] p1b: Syrax
|faint|p1b: Syrax
|-damage|p2b: Rillaboom|63/100|[from] Recoil
|move|p1a: Jaque|Kowtow Cleave|p2b: Rillaboom
|-damage|p2b: Rillaboom|0 fnt
|faint|p2b: Rillaboom
|
|-damage|p1a: Jaque|40/100 brn|[from] brn
|-fieldend|move: Grassy Terrain
|upkeep
|
|t:|1756858156
|switch|p1b: Rhaenyra|Dragonite, L50, F|100/100
|switch|p2b: Gholdengo|Gholdengo, L50, tera:Water|55/100
|switch|p2a: Annihilape|Annihilape, L50, F|100/100
|turn|6
|
|t:|1756858172
|move|p1a: Jaque|Sucker Punch|p2a: Annihilape
|-damage|p2a: Annihilape|43/100
|move|p2a: Annihilape|Final Gambit|p1b: Rhaenyra
|-damage|p1b: Rhaenyra|47/100
|faint|p2a: Annihilape
|move|p2b: Gholdengo|Make It Rain|p1b: Rhaenyra|[spread] p1a,p1b
|-damage|p1a: Jaque|0 fnt
|-damage|p1b: Rhaenyra|0 fnt
|-unboost|p2b: Gholdengo|spa|1
|faint|p1a: Jaque
|faint|p1b: Rhaenyra
|-damage|p2b: Gholdengo|46/100|[from] item: Life Orb
|
|upkeep
|
|t:|1756858181
|switch|p1b: Winter|Ninetales-Alola, L50, F|100/100
|-weather|Snowscape|[from] ability: Snow Warning|[of] p1b: Winter
|turn|7
|
|t:|1756858192
|move|p1b: Winter|Nasty Plot|p1b: Winter
|-boost|p1b: Winter|spa|2
|move|p2b: Gholdengo|Make It Rain|p1b: Winter
|-supereffective|p1b: Winter
|-enditem|p1b: Winter|Focus Sash
|-damage|p1b: Winter|1/100
|-unboost|p2b: Gholdengo|spa|1
|-damage|p2b: Gholdengo|36/100|[from] item: Life Orb
|
|-weather|Snowscape|[upkeep]
|upkeep
|turn|8
|
|t:|1756858196
|move|p1b: Winter|Moonblast|p2b: Gholdengo
|-damage|p2b: Gholdengo|0 fnt
|faint|p2b: Gholdengo
|
|win|Bodhidelbarrio
||Bread248 is ready for game 3.
||Bodhidelbarrio is ready for game 3.
|uhtml|next|Next: Game 3 of 3
