|j|☆dhrx
|j|☆lizardylizardman
|html|dhrxlizardylizardman    
|uhtml|bestof|Game 1 of a best-of-3
|t:|1784736389
|gametype|doubles
|player|p1|dhrx|lucian|1000
|player|p2|lizardylizardman|swimmerf-gen4|1000
|gen|9
|tier|[Gen 9 Champions] VGC 2026 Reg M-B (Bo3)
|rated|
|rule|Species Clause: Limit one of each Pokémon
|rule|Item Clause: Limit 1 of each item
|clearpoke
|poke|p1|Delphox, L50, F|
|poke|p1|Raichu, L50, F|
|poke|p1|Sneasler, L50, F|
|poke|p1|Sinistcha, L50|
|poke|p1|Gyarados, L50, F|
|poke|p1|Gliscor, L50, F|
|poke|p2|Gengar, L50, M|
|poke|p2|Politoed, L50, F|
|poke|p2|Maushold-Four, L50|
|poke|p2|Archaludon, L50, F|
|poke|p2|Swampert, L50, F|
|poke|p2|Dragonite, L50, F|
|teampreview|4
|showteam|p1|Delphox||Delphoxite|Blaze|HeatWave,Psychic,Protect,CalmMind|Timid||F|||50|]Raichu||RaichuniteY|LightningRod|ZapCannon,FakeOut,FocusBlast,Protect|Modest||F|||50|]Sneasler||FocusSash|Unburden|FakeOut,CloseCombat,Protect,DireClaw|Jolly||F|||50|]Sinistcha||OccaBerry|Hospitality|LifeDew,RagePowder,ShadowBall,MatchaGotcha|Bold|||||50|]Gyarados||Leftovers|Intimidate|Waterfall,Protect,IceFang,PowerWhip|Adamant||F|||50|]Gliscor||SitrusBerry|HyperCutter|HighHorsepower,Tailwind,Acrobatics,RockSlide|Jolly||F|||50|
|showteam|p2|Gengar||Gengarite|CursedBody|SludgeBomb,ShadowBall,PerishSong,Protect|Bold||M|||50|]Politoed||SitrusBerry|Drizzle|PerishSong,Protect,WeatherBall,HyperVoice|Quiet||F|||50|]Maushold-Four||FocusSash|FriendGuard|FollowMe,Taunt,LowKick,PopulationBomb|Jolly|||||50|]Archaludon||Leftovers|Stamina|AuraSphere,DragonPulse,ElectroShot,Protect|Modest||F|||50|]Swampert||Swampertite|Torrent|Earthquake,WaveCrash,IcePunch,Protect|Jolly||F|||50|]Dragonite||LifeOrb|InnerFocus|ExtremeSpeed,RockSlide,Outrage,Tailwind|Adamant||F|||50|
|inactive|Battle timer is ON: inactive players will automatically lose when time's up. (requested by lizardylizardman)
|inactive|dhrx has 60 seconds left.
|
|t:|1784736474
|teamsize|p1|4
|teamsize|p2|4
|start
|switch|p1a: Gliscor|Gliscor, L50, F|100/100
|switch|p1b: Sneasler|Sneasler, L50, F|100/100
|switch|p2a: Dragonite|Dragonite, L50, F|100/100
|switch|p2b: Swampert|Swampert, L50, F|100/100
|turn|1
|
|t:|1784736497
|move|p1b: Sneasler|Fake Out|p2b: Swampert
|-damage|p2b: Swampert|82/100
|move|p1a: Gliscor|Tailwind|p1a: Gliscor
|-sidestart|p1: dhrx|move: Tailwind
|cant|p2b: Swampert|flinch
|move|p2a: Dragonite|Rock Slide|p1a: Gliscor|[spread] p1b
|-miss|p2a: Dragonite|p1a: Gliscor
|-resisted|p1b: Sneasler|1
|-damage|p1b: Sneasler|75/100
|-damage|p2a: Dragonite|90/100|[from] item: Life Orb
|
|upkeep
|turn|2
|inactive|dhrx has 30 seconds left.
|
|t:|1784736523
|move|p2a: Dragonite|Extreme Speed|p1b: Sneasler
|-damage|p1b: Sneasler|9/100
|-damage|p2a: Dragonite|80/100|[from] item: Life Orb
|move|p1b: Sneasler|Close Combat|p2b: Swampert
|-damage|p2b: Swampert|12/100
|-unboost|p1b: Sneasler|def|1
|-unboost|p1b: Sneasler|spd|1
|move|p1a: Gliscor|Rock Slide|p2b: Swampert|[spread] p2a,p2b
|-supereffective|p2a: Dragonite|1
|-resisted|p2b: Swampert|1
|-damage|p2a: Dragonite|49/100
|-damage|p2b: Swampert|3/100
|cant|p2b: Swampert|flinch
|
|upkeep
|turn|3
|inactive|dhrx has 30 seconds left.
|
|t:|1784736552
|switch|p2b: Politoed|Politoed, L50, F|100/100
|-weather|RainDance|[from] ability: Drizzle|[of] p2b: Politoed
|move|p1b: Sneasler|Protect|p1b: Sneasler
|-singleturn|p1b: Sneasler|Protect
|move|p2a: Dragonite|Extreme Speed|p1a: Gliscor
|-damage|p1a: Gliscor|63/100
|-damage|p2a: Dragonite|39/100|[from] item: Life Orb
|move|p1a: Gliscor|Rock Slide|p2b: Politoed|[spread] p2a,p2b
|-supereffective|p2a: Dragonite|1
|-damage|p2a: Dragonite|8/100
|-damage|p2b: Politoed|82/100
|
|-weather|RainDance|[upkeep]
|upkeep
|turn|4
|
|t:|1784736571
|move|p2a: Dragonite|Extreme Speed|p1b: Sneasler
|-damage|p1b: Sneasler|0 fnt
|faint|p1b: Sneasler
|-damage|p2a: Dragonite|0 fnt|[from] item: Life Orb
|faint|p2a: Dragonite
|move|p1a: Gliscor|Rock Slide|p2b: Politoed
|-damage|p2b: Politoed|58/100
|cant|p2b: Politoed|flinch
|
|-weather|RainDance|[upkeep]
|-sideend|p1: dhrx|move: Tailwind
|upkeep
|inactive|dhrx has 30 seconds left.
|
|t:|1784736597
|switch|p1b: Gyarados|Gyarados, L50, F|100/100
|switch|p2a: Archaludon|Archaludon, L50, F|100/100
|-ability|p1b: Gyarados|Intimidate|boost
|-unboost|p2a: Archaludon|atk|1
|-unboost|p2b: Politoed|atk|1
|turn|5
|
|t:|1784736615
|switch|p1b: Raichu|Raichu, L50, F|100/100
|move|p1a: Gliscor|High Horsepower|p2a: Archaludon
|-supereffective|p2a: Archaludon|1
|-damage|p2a: Archaludon|34/100
|-ability|p2a: Archaludon|Stamina|boost
|-boost|p2a: Archaludon|def|1
|move|p2a: Archaludon|Electro Shot||[still]
|-prepare|p2a: Archaludon|Electro Shot
|-boost|p2a: Archaludon|spa|1
|-anim|p2a: Archaludon|Electro Shot|p1b: Raichu
|-ability|p1b: Raichu|Lightning Rod|boost
|-boost|p1b: Raichu|spa|1
|move|p2b: Politoed|Weather Ball|p1a: Gliscor
|-supereffective|p1a: Gliscor|1
|-damage|p1a: Gliscor|0 fnt
|faint|p1a: Gliscor
|
|-weather|RainDance|[upkeep]
|-heal|p2a: Archaludon|40/100|[from] item: Leftovers
|upkeep
|
|t:|1784736632
|switch|p1a: Gyarados|Gyarados, L50, F|100/100
|-ability|p1a: Gyarados|Intimidate|boost
|-unboost|p2a: Archaludon|atk|1
|-unboost|p2b: Politoed|atk|1
|turn|6
|
|t:|1784736648
|detailschange|p1b: Raichu|Raichu-Mega-Y, L50, F
|-mega|p1b: Raichu|Raichu|Raichunite Y
|move|p1b: Raichu|Focus Blast|p2a: Archaludon
|-supereffective|p2a: Archaludon|1
|-damage|p2a: Archaludon|0 fnt
|faint|p2a: Archaludon
|move|p1a: Gyarados|Power Whip|p2b: Politoed
|-supereffective|p2b: Politoed|1
|-damage|p2b: Politoed|0 fnt
|faint|p2b: Politoed
|
|-weather|RainDance|[upkeep]
|upkeep
|l|☆lizardylizardman
|inactive|lizardylizardman disconnected and has a minute to reconnect!
|player|p2|
|inactive|lizardylizardman has 30 seconds left.
|inactive|lizardylizardman has 20 seconds left.
|inactive|lizardylizardman has 15 seconds left.
|inactive|lizardylizardman has 10 seconds left.
|inactive|lizardylizardman has 5 seconds left.
|-message|lizardylizardman lost due to inactivity.
|
|win|dhrx
||dhrx is ready for game 2.
