|j|☆eviovulpix
|j|☆p1ch1pichi
|html|eviovulpixp1ch1pichi    
|uhtml|bestof|Game 1 of a best-of-3
|t:|1784306292
|gametype|doubles
|player|p1|eviovulpix|2|1202
|player|p2|p1ch1pichi|n|1183
|gen|9
|tier|[Gen 9 Champions] VGC 2026 Reg M-B (Bo3)
|rated|
|rule|Species Clause: Limit one of each Pokémon
|rule|Item Clause: Limit 1 of each item
|clearpoke
|poke|p1|Blaziken, L50, M, shiny|
|poke|p1|Aerodactyl, L50, F|
|poke|p1|Kingambit, L50, M, shiny|
|poke|p1|Tsareena, L50, F|
|poke|p1|Altaria, L50, M|
|poke|p1|Floette-Eternal, L50, F|
|poke|p2|Ampharos, L50, M, shiny|
|poke|p2|Farigiraf, L50, F, shiny|
|poke|p2|Incineroar, L50, M|
|poke|p2|Vivillon, L50, M, shiny|
|poke|p2|Vanilluxe, L50, M|
|poke|p2|Goodra-Hisui, L50, M|
|teampreview|4
|showteam|p1|Blaziken||Blazikenite|SpeedBoost|FlareBlitz,CloseCombat,Protect,RockSlide|Adamant||M|||50|]Aerodactyl||FocusSash|Unnerve|DualWingbeat,Tailwind,WideGuard,RockSlide|Jolly||F|||50|]Kingambit||LifeOrb|Defiant|KowtowCleave,IronHead,LowKick,SuckerPunch|Adamant||M|||50|]Tsareena||OccaBerry|QueenlyMajesty|Taunt,TropKick,TripleAxel,HelpingHand|Adamant||F|||50|]Altaria||SitrusBerry|CloudNine|WillOWisp,DracoMeteor,PerishSong,Roost|Bold||M|||50|]Floette-Eternal||Floettite|FlowerVeil|Moonblast,Protect,LightofRuin,DazzlingGleam|Modest||F|||50|
|showteam|p2|Ampharos||Ampharosite|Static|DragonPulse,Thunderbolt,PowerGem,Protect|Quiet||M|||50|]Farigiraf||ColburBerry|ArmorTail|Psychic,TrickRoom,HelpingHand,Protect|Relaxed||F|||50|]Incineroar||PasshoBerry|Intimidate|PartingShot,FakeOut,FlareBlitz,ThroatChop|Brave||M|||50|]Vivillon||FocusSash|CompoundEyes|Protect,SleepPowder,Whirlwind,Hurricane|Timid||M|||50|]Vanilluxe||NeverMeltIce|SnowWarning|Protect,Blizzard,FreezeDry,AuroraVeil|Quiet||M|||50|]Goodra-Hisui||Leftovers|ShellArmor|LifeDew,Shelter,BodyPress,HeavySlam|Relaxed||M|||50|
|inactive|Battle timer is ON: inactive players will automatically lose when time's up. (requested by p1ch1pichi)
|
|t:|1784306314
|teamsize|p1|4
|teamsize|p2|4
|start
|switch|p1a: Tsareena|Tsareena, L50, F|100/100
|switch|p1b: Altaria|Altaria, L50, M|100/100
|switch|p2a: Starfinder|Vivillon, L50, M, shiny|100/100
|switch|p2b: Float|Farigiraf, L50, F, shiny|100/100
|-ability|p1b: Altaria|Cloud Nine
|turn|1
|
|t:|1784306336
|move|p2b: Float|Helping Hand|p2a: Starfinder
|-singleturn|p2a: Starfinder|Helping Hand|[of] p2b: Float
|move|p2a: Starfinder|Hurricane|p1a: Tsareena|[miss]
|-miss|p2a: Starfinder|p1a: Tsareena
|move|p1b: Altaria|Draco Meteor|p2a: Starfinder
|-damage|p2a: Starfinder|35/100
|-unboost|p1b: Altaria|spa|2
|move|p1a: Tsareena|Taunt|p2b: Float
|-start|p2b: Float|move: Taunt
|
|upkeep
|turn|2
|
|t:|1784306355
|switch|p1a: Kingambit|Kingambit, L50, M, shiny|100/100
|move|p2a: Starfinder|Hurricane|p1a: Kingambit
|-resisted|p1a: Kingambit|1
|-damage|p1a: Kingambit|76/100
|move|p1b: Altaria|Draco Meteor|p2a: Starfinder
|-damage|p2a: Starfinder|1/100
|-unboost|p1b: Altaria|spa|2
|move|p2b: Float|Psychic|p1a: Kingambit
|-immune|p1a: Kingambit
|
|upkeep
|turn|3
|
|t:|1784306376
|switch|p1a: Tsareena|Tsareena, L50, F|100/100
|move|p2a: Starfinder|Sleep Powder|p1a: Tsareena
|-immune|p1a: Tsareena
|move|p1b: Altaria|Will-O-Wisp|p2a: Starfinder|[miss]
|-miss|p1b: Altaria|p2a: Starfinder
|move|p2b: Float|Psychic|p1b: Altaria
|-damage|p1b: Altaria|71/100
|
|upkeep
|turn|4
|
|t:|1784306393
|move|p2a: Starfinder|Hurricane|p1b: Altaria
|-damage|p1b: Altaria|30/100
|-enditem|p1b: Altaria|Sitrus Berry|[eat]
|-heal|p1b: Altaria|54/100|[from] item: Sitrus Berry
|move|p1b: Altaria|Will-O-Wisp|p2b: Float|[miss]
|-miss|p1b: Altaria|p2b: Float
|move|p1a: Tsareena|Triple Axel|p2a: Starfinder
|-supereffective|p2a: Starfinder|1
|-damage|p2a: Starfinder|0 fnt
|faint|p2a: Starfinder
|-hitcount|p2: Starfinder|1
|move|p2b: Float|Psychic|p1b: Altaria
|-damage|p1b: Altaria|25/100
|
|-end|p2b: Float|move: Taunt
|upkeep
|inactive|p1ch1pichi has 30 seconds left.
|inactive|p1ch1pichi has 20 seconds left.
|
|t:|1784306430
|switch|p2a: Goodra|Goodra-Hisui, L50, M|100/100
|turn|5
|
|t:|1784306438
|move|p1b: Altaria|Roost|p1b: Altaria
|-heal|p1b: Altaria|75/100
|-singleturn|p1b: Altaria|move: Roost
|move|p1a: Tsareena|Taunt|p2a: Goodra
|-start|p2a: Goodra|move: Taunt
|cant|p2a: Goodra|move: Taunt|Shelter
|move|p2b: Float|Trick Room|p2b: Float
|-fieldstart|move: Trick Room|[of] p2b: Float
|
|upkeep
|turn|6
|
|t:|1784306456
|move|p2b: Float|Helping Hand|p2a: Goodra
|-singleturn|p2a: Goodra|Helping Hand|[of] p2b: Float
|move|p2a: Goodra|Heavy Slam|p1b: Altaria
|-damage|p1b: Altaria|25/100
|move|p1a: Tsareena|Taunt|p2b: Float
|-start|p2b: Float|move: Taunt
|move|p1b: Altaria|Perish Song|p1b: Altaria
|-start|p1a: Tsareena|perish3|[silent]
|-start|p1b: Altaria|perish3|[silent]
|-start|p2a: Goodra|perish3|[silent]
|-start|p2b: Float|perish3|[silent]
|-fieldactivate|move: Perish Song
|
|-start|p2a: Goodra|perish3
|-start|p2b: Float|perish3
|-start|p1a: Tsareena|perish3
|-start|p1b: Altaria|perish3
|upkeep
|turn|7
|inactive|p1ch1pichi has 30 seconds left.
|
|t:|1784306483
|switch|p1b: Floette|Floette-Eternal, L50, F|100/100
|move|p2b: Float|Psychic|p1b: Floette
|-damage|p1b: Floette|70/100
|move|p2a: Goodra|Heavy Slam|p1a: Tsareena
|-damage|p1a: Tsareena|60/100
|move|p1a: Tsareena|Trop Kick|p2a: Goodra
|-resisted|p2a: Goodra|2
|-damage|p2a: Goodra|93/100
|-unboost|p2a: Goodra|atk|1
|
|-heal|p2a: Goodra|99/100|[from] item: Leftovers
|-end|p2a: Goodra|move: Taunt
|-start|p2b: Float|perish2
|-start|p2a: Goodra|perish2
|-start|p1a: Tsareena|perish2
|upkeep
|turn|8
|inactive|eviovulpix has 30 seconds left.
|inactive|eviovulpix has 20 seconds left.
|
|t:|1784306518
|switch|p1a: Kingambit|Kingambit, L50, M, shiny|76/100
|detailschange|p1b: Floette|Floette-Mega, L50, F
|-mega|p1b: Floette|Floette|Floettite
|-ability|p1b: Floette|Fairy Aura
|move|p2b: Float|Psychic|p1b: Floette
|-damage|p1b: Floette|44/100
|move|p2a: Goodra|Heavy Slam|p1b: Floette
|-supereffective|p1b: Floette|1
|-damage|p1b: Floette|3/100
|move|p1b: Floette|Light of Ruin|p2b: Float
|-damage|p2b: Float|0 fnt
|faint|p2b: Float
|-damage|p1b: Floette|0 fnt|[from] Recoil
|faint|p1b: Floette
|
|-heal|p2a: Goodra|100/100|[from] item: Leftovers
|-start|p2a: Goodra|perish1
|upkeep
|
|t:|1784306539
|switch|p2b: Yoghurt|Ampharos, L50, M, shiny|100/100
|switch|p1b: Altaria|Altaria, L50, M|25/100
|-ability|p1b: Altaria|Cloud Nine
|turn|9
|
|t:|1784306549
|switch|p1a: Tsareena|Tsareena, L50, F|60/100
|detailschange|p2b: Yoghurt|Ampharos-Mega, L50, M, shiny
|-mega|p2b: Yoghurt|Ampharos|Ampharosite
|-ability|p2b: Yoghurt|Mold Breaker
|move|p2b: Yoghurt|Dragon Pulse|p1b: Altaria
|-supereffective|p1b: Altaria|1
|-damage|p1b: Altaria|0 fnt
|faint|p1b: Altaria
|move|p2a: Goodra|Body Press|p1a: Tsareena
|-damage|p1a: Tsareena|34/100
|
|-start|p2a: Goodra|perish0
|-fieldend|move: Trick Room
|upkeep
|faint|p2a: Goodra
|
|t:|1784306561
|switch|p1b: Kingambit|Kingambit, L50, M, shiny|76/100
|turn|10
|
|t:|1784306576
|move|p1a: Tsareena|Triple Axel|p2b: Yoghurt
|-supereffective|p2b: Yoghurt|1
|-damage|p2b: Yoghurt|89/100
|-supereffective|p2b: Yoghurt|1
|-damage|p2b: Yoghurt|69/100
|-supereffective|p2b: Yoghurt|1
|-damage|p2b: Yoghurt|37/100
|-hitcount|p2b: Yoghurt|3
|move|p1b: Kingambit|Kowtow Cleave|p2b: Yoghurt
|-damage|p2b: Yoghurt|0 fnt
|faint|p2b: Yoghurt
|-damage|p1b: Kingambit|66/100|[from] item: Life Orb
|
|win|eviovulpix
||p1ch1pichi is ready for game 2.
|inactive|eviovulpix has 30 seconds to confirm battle start!
|inactive|eviovulpix has 20 seconds to confirm battle start!
||eviovulpix is ready for game 2.
|uhtml|next|Next: Game 2 of 3
|l|☆eviovulpix
|player|p1|
