|j|☆PopoVGC
|j|☆Inkerious
|html|PopoVGCInkerious    
|uhtml|bestof|Game 3 of a best-of-3
|t:|1783896584
|gametype|doubles
|player|p1|PopoVGC|silver|1179
|player|p2|Inkerious|169|1217
|gen|9
|tier|[Gen 9 Champions] VGC 2026 Reg M-B (Bo3)
|rated|
|rule|Species Clause: Limit one of each Pokémon
|rule|Item Clause: Limit 1 of each item
|clearpoke
|poke|p1|Pidgeot, L50, M|
|poke|p1|Excadrill, L50, F|
|poke|p1|Tyranitar, L50, F|
|poke|p1|Tsareena, L50, F|
|poke|p1|Gholdengo, L50|
|poke|p1|Rotom-Wash, L50|
|poke|p2|Delphox, L50, M|
|poke|p2|Aerodactyl, L50, F|
|poke|p2|Garchomp, L50, M|
|poke|p2|Tsareena, L50, F|
|poke|p2|Scrafty, L50, M|
|poke|p2|Kingambit, L50, F|
|teampreview|4
|showteam|p1|Pidgeot||Pidgeotite|BigPecks|Hurricane,HeatWave,Tailwind,Protect|Timid||M|||50|]Excadrill||FocusSash|SandRush|Earthquake,IronHead,RockSlide,Protect|Adamant||F|||50|]Tyranitar||Tyranitarite|SandStream|RockSlide,KnockOff,Protect,LowKick|Adamant||F|||50|]Tsareena||ChoiceScarf|QueenlyMajesty|PowerWhip,TripleAxel,Uturn,LowKick|Jolly||F|||50|]Gholdengo||Leftovers|GoodasGold|ShadowBall,MakeItRain,NastyPlot,Protect|Modest|||||50|]Rotom-Wash||SitrusBerry|Levitate|HydroPump,Thunderbolt,WillOWisp,Protect|Bold|||||50|
|showteam|p2|Delphox||Delphoxite|Blaze|HeatWave,CalmMind,Psychic,Protect|Timid||M|||50|]Aerodactyl||FocusSash|Unnerve|RockSlide,DualWingbeat,Tailwind,Protect|Jolly||F|||50|]Garchomp||LifeOrb|RoughSkin|StompingTantrum,DragonClaw,Protect,RockSlide|Jolly||M|||50|]Tsareena||SitrusBerry|QueenlyMajesty|PowerWhip,TripleAxel,LowKick,Protect|Adamant||F|||50|]Scrafty||Scraftinite|Intimidate|FakeOut,DrainPunch,KnockOff,BulkUp|Jolly||M|||50|]Kingambit||ChopleBerry|Defiant|KowtowCleave,SuckerPunch,IronHead,LowKick|Adamant||F|||50|
|inactive|Battle timer is ON: inactive players will automatically lose when time's up. (requested by Inkerious)
|j| lowjee
|
|t:|1783896602
|teamsize|p1|4
|teamsize|p2|4
|start
|switch|p1a: Tsareena|Tsareena, L50, F|100/100
|switch|p1b: Rotom|Rotom-Wash, L50|100/100
|switch|p2a: Aerodactyl|Aerodactyl, L50, F|100/100
|switch|p2b: Garchomp|Garchomp, L50, M|100/100
|-ability|p2a: Aerodactyl|Unnerve
|turn|1
|inactive|Inkerious has 30 seconds left.
|inactive|Inkerious has 20 seconds left.
|inactive|Inkerious has 15 seconds left.
|
|t:|1783896645
|switch|p2b: Scrafty|Scrafty, L50, M|100/100
|-ability|p2b: Scrafty|Intimidate|boost
|-unboost|p1a: Tsareena|atk|1
|-unboost|p1b: Rotom|atk|1
|move|p1a: Tsareena|Triple Axel|p2a: Aerodactyl
|-supereffective|p2a: Aerodactyl|1
|-damage|p2a: Aerodactyl|85/100
|-supereffective|p2a: Aerodactyl|1
|-damage|p2a: Aerodactyl|57/100
|-supereffective|p2a: Aerodactyl|1
|-damage|p2a: Aerodactyl|18/100
|-hitcount|p2a: Aerodactyl|3
|move|p2a: Aerodactyl|Dual Wingbeat|p1a: Tsareena
|-supereffective|p1a: Tsareena|1
|-damage|p1a: Tsareena|51/100
|-supereffective|p1a: Tsareena|1
|-damage|p1a: Tsareena|10/100
|-hitcount|p1a: Tsareena|2
|move|p1b: Rotom|Will-O-Wisp|p2b: Scrafty
|-status|p2b: Scrafty|brn
|
|-damage|p2b: Scrafty|94/100 brn|[from] brn
|upkeep
|turn|2
|inactive|Inkerious has 30 seconds left.
|inactive|PopoVGC has 30 seconds left.
|inactive|Inkerious has 20 seconds left.
|
|t:|1783896689
|detailschange|p2b: Scrafty|Scrafty-Mega, L50, M
|-mega|p2b: Scrafty|Scrafty|Scraftinite
|-ability|p2b: Scrafty|Intimidate|boost
|-unboost|p1a: Tsareena|atk|1
|-unboost|p1b: Rotom|atk|1
|move|p2a: Aerodactyl|Protect|p2a: Aerodactyl
|-singleturn|p2a: Aerodactyl|Protect
|move|p1a: Tsareena|Triple Axel|p2a: Aerodactyl
|-activate|p2a: Aerodactyl|move: Protect
|move|p2b: Scrafty|Drain Punch|p1a: Tsareena
|-damage|p1a: Tsareena|0 fnt
|-heal|p2b: Scrafty|98/100 brn|[from] drain|[of] p1a: Tsareena
|faint|p1a: Tsareena
|move|p1b: Rotom|Thunderbolt|p2b: Scrafty
|-damage|p2b: Scrafty|74/100 brn
|
|-damage|p2b: Scrafty|68/100 brn|[from] brn
|upkeep
|
|t:|1783896699
|switch|p1a: Pidgeot|Pidgeot, L50, M|100/100
|turn|3
|
|t:|1783896720
|detailschange|p1a: Pidgeot|Pidgeot-Mega, L50, M
|-mega|p1a: Pidgeot|Pidgeot|Pidgeotite
|move|p2a: Aerodactyl|Tailwind|p2a: Aerodactyl
|-sidestart|p2: Inkerious|move: Tailwind
|move|p2b: Scrafty|Knock Off|p1b: Rotom
|-damage|p1b: Rotom|81/100
|-enditem|p1b: Rotom|Sitrus Berry|[from] move: Knock Off|[of] p2b: Scrafty
|move|p1a: Pidgeot|Tailwind|p1a: Pidgeot
|-sidestart|p1: PopoVGC|move: Tailwind
|move|p1b: Rotom|Thunderbolt|p2a: Aerodactyl
|-supereffective|p2a: Aerodactyl|1
|-damage|p2a: Aerodactyl|0 fnt
|faint|p2a: Aerodactyl
|
|-damage|p2b: Scrafty|62/100 brn|[from] brn
|upkeep
|
|t:|1783896734
|switch|p2a: Kingambit|Kingambit, L50, F|100/100
|turn|4
|
|t:|1783896749
|move|p1a: Pidgeot|Protect|p1a: Pidgeot
|-singleturn|p1a: Pidgeot|Protect
|move|p2a: Kingambit|Sucker Punch||[still]
|-fail|p2a: Kingambit
|move|p2b: Scrafty|Bulk Up|p2b: Scrafty
|-boost|p2b: Scrafty|atk|1
|-boost|p2b: Scrafty|def|1
|move|p1b: Rotom|Will-O-Wisp|p2a: Kingambit
|-status|p2a: Kingambit|brn
|
|-damage|p2b: Scrafty|56/100 brn|[from] brn
|-damage|p2a: Kingambit|94/100 brn|[from] brn
|upkeep
|turn|5
|inactive|Inkerious has 30 seconds left.
|
|t:|1783896775
|move|p2a: Kingambit|Sucker Punch|p1a: Pidgeot
|-damage|p1a: Pidgeot|76/100
|move|p1a: Pidgeot|Hurricane|p2b: Scrafty
|-supereffective|p2b: Scrafty|1
|-damage|p2b: Scrafty|0 fnt
|faint|p2b: Scrafty
|move|p1b: Rotom|Thunderbolt|p2a: Kingambit
|-damage|p2a: Kingambit|60/100 brn
|
|-damage|p2a: Kingambit|54/100 brn|[from] brn
|upkeep
|
|t:|1783896784
|switch|p2b: Garchomp|Garchomp, L50, M|100/100
|turn|6
|
|t:|1783896790
|move|p1a: Pidgeot|Protect|p1a: Pidgeot
|-singleturn|p1a: Pidgeot|Protect
|move|p2b: Garchomp|Rock Slide|p1b: Rotom|[spread] p1b
|-activate|p1a: Pidgeot|move: Protect
|-damage|p1b: Rotom|56/100
|-damage|p2b: Garchomp|90/100|[from] item: Life Orb
|move|p1b: Rotom|Will-O-Wisp|p2b: Garchomp
|-status|p2b: Garchomp|brn
|move|p2a: Kingambit|Kowtow Cleave|p1a: Pidgeot
|-activate|p1a: Pidgeot|move: Protect
|
|-damage|p2b: Garchomp|84/100 brn|[from] brn
|-damage|p2a: Kingambit|48/100 brn|[from] brn
|-sideend|p2: Inkerious|move: Tailwind
|-sideend|p1: PopoVGC|move: Tailwind
|upkeep
|turn|7
|
|t:|1783896800
|move|p1a: Pidgeot|Hurricane|p2b: Garchomp
|-damage|p2b: Garchomp|19/100 brn
|move|p2b: Garchomp|Rock Slide|p1a: Pidgeot|[spread] p1a,p1b
|-supereffective|p1a: Pidgeot|1
|-damage|p1a: Pidgeot|44/100
|-damage|p1b: Rotom|44/100
|-damage|p2b: Garchomp|10/100 brn|[from] item: Life Orb
|move|p1b: Rotom|Hydro Pump|p2b: Garchomp
|-damage|p2b: Garchomp|0 fnt
|faint|p2b: Garchomp
|move|p2a: Kingambit|Kowtow Cleave|p1b: Rotom
|-damage|p1b: Rotom|24/100
|
|-damage|p2a: Kingambit|42/100 brn|[from] brn
|upkeep
|turn|8
|-message|Inkerious forfeited.
|raw|PopoVGC's rating: 1179 → 1207(+28 for winning)
|raw|Inkerious's rating: 1217 → 1189(-28 for losing)
|
|win|PopoVGC
|l|☆Inkerious
|player|p2|
