|j|☆JuanGuerrero09
|j|☆Cristante terabug
|html|JuanGuerrero09Cristante terabug    
|uhtml|bestof|Game 1 of a best-of-3
|t:|1757184863
|gametype|doubles
|player|p1|JuanGuerrero09|169|1097
|player|p2|Cristante terabug|kieran-champion|1193
|gen|9
|tier|[Gen 9] VGC 2025 Reg H (Bo3)
|rated|
|rule|Species Clause: Limit one of each Pokémon
|rule|Item Clause: Limit 1 of each item
|clearpoke
|poke|p1|Tyranitar, L50, F|
|poke|p1|Talonflame, L50, F|
|poke|p1|Indeedee, L50, M|
|poke|p1|Sneasler, L50, F|
|poke|p1|Ursaluna-Bloodmoon, L50, M|
|poke|p1|Electabuzz, L50, M|
|poke|p2|Incineroar, L50, F|
|poke|p2|Pelipper, L50, M|
|poke|p2|Archaludon, L50, M|
|poke|p2|Dragonite, L50, M|
|poke|p2|Sinistcha, L50|
|poke|p2|Ursaluna, L50, M|
|teampreview|4
|showteam|p1|Tyranitar||AssaultVest|SandStream|RockSlide,KnockOff,LowKick,TeraBlast|||F|||50|,,,,,Flying]Talonflame||CovertCloak|FlameBody|DualWingbeat,FlareBlitz,Tailwind,WillOWisp|||F|||50|,,,,,Fairy]Indeedee||ChoiceSpecs|PsychicSurge|ExpandingForce,TeraBlast,Trick,TrickRoom|||M|||50|,,,,,Psychic]Sneasler||PsychicSeed|Unburden|DireClaw,CloseCombat,ThroatChop,Protect|||F|||50|,,,,,Dark]Ursaluna-Bloodmoon||LifeOrb|MindsEye|HyperVoice,BloodMoon,EarthPower,Protect|||M|||50|,,,,,Normal]Electabuzz||Eviolite|VitalSpirit|FollowMe,Taunt,Electroweb,Protect|||M|||50|,,,,,Ghost
|showteam|p2|Incineroar||SafetyGoggles|Intimidate|FakeOut,PartingShot,KnockOff,Taunt|||F|||50|,,,,,Ghost]Pelipper||FocusSash|Drizzle|Hurricane,MuddyWater,Tailwind,Protect|||M|||50|,,,,,Ghost]Archaludon||AssaultVest|Stamina|ElectroShot,Snarl,FlashCannon,BodyPress|||M|||50|,,,,,Fighting]Dragonite||LoadedDice|Multiscale|ScaleShot,Tailwind,Haze,Protect|||M|||50|,,,,,Fairy]Sinistcha||SitrusBerry|Hospitality|MatchaGotcha,RagePowder,LifeDew,TrickRoom||||||50|,,,,,Dark]Ursaluna||FlameOrb|Guts|Earthquake,Facade,HeadlongRush,Protect|||M|||50|,,,,,Ghost
|
|t:|1757184901
|teamsize|p1|4
|teamsize|p2|4
|start
|switch|p1a: Indeedee|Indeedee, L50, M|100/100
|switch|p1b: Sneasler|Sneasler, L50, F|100/100
|switch|p2a: De Marinis|Incineroar, L50, F|100/100
|switch|p2b: Paolo|Dragonite, L50, M|100/100
|-fieldstart|move: Psychic Terrain|[from] ability: Psychic Surge|[of] p1a: Indeedee
|-enditem|p1b: Sneasler|Psychic Seed
|-boost|p1b: Sneasler|spd|1|[from] item: Psychic Seed
|-ability|p2a: De Marinis|Intimidate|boost
|-unboost|p1a: Indeedee|atk|1
|-unboost|p1b: Sneasler|atk|1
|turn|1
|
|t:|1757184923
|-terastallize|p1a: Indeedee|Psychic
|move|p2b: Paolo|Protect|p2b: Paolo
|-singleturn|p2b: Paolo|Protect
|move|p1b: Sneasler|Close Combat|p2a: De Marinis
|-supereffective|p2a: De Marinis
|-crit|p2a: De Marinis
|-damage|p2a: De Marinis|0 fnt
|-unboost|p1b: Sneasler|def|1
|-unboost|p1b: Sneasler|spd|1
|faint|p2a: De Marinis
|move|p1a: Indeedee|Expanding Force|p2b: Paolo
|-activate|p2b: Paolo|move: Protect
|
|upkeep
|
|t:|1757184934
|switch|p2a: Luca|Archaludon, L50, M|100/100
|turn|2
|
|t:|1757184960
|move|p1b: Sneasler|Close Combat|p2a: Luca
|-supereffective|p2a: Luca
|-damage|p2a: Luca|45/100
|-unboost|p1b: Sneasler|def|1
|-unboost|p1b: Sneasler|spd|1
|-ability|p2a: Luca|Stamina|boost
|-boost|p2a: Luca|def|1
|move|p1a: Indeedee|Expanding Force|p2a: Luca|[spread] p2a,p2b
|-resisted|p2a: Luca
|-damage|p2a: Luca|8/100
|-damage|p2b: Paolo|47/100
|-ability|p2a: Luca|Stamina|boost
|-boost|p2a: Luca|def|1
|move|p2b: Paolo|Scale Shot|p1b: Sneasler
|-damage|p1b: Sneasler|54/100
|-damage|p1b: Sneasler|6/100
|-damage|p1b: Sneasler|0 fnt
|faint|p1b: Sneasler
|-hitcount|p1: Sneasler|3
|-unboost|p2b: Paolo|def|1
|-boost|p2b: Paolo|spe|1
|move|p2a: Luca|Snarl|p1a: Indeedee
|-supereffective|p1a: Indeedee
|-damage|p1a: Indeedee|55/100
|-unboost|p1a: Indeedee|spa|1
|
|upkeep
|
|t:|1757184986
|switch|p1b: Ursaluna|Ursaluna-Bloodmoon, L50, M|100/100
|turn|3
|
|t:|1757185011
|-terastallize|p2a: Luca|Fighting
|move|p2b: Paolo|Tailwind|p2b: Paolo
|-sidestart|p2: Cristante terabug|move: Tailwind
|move|p2a: Luca|Body Press|p1b: Ursaluna
|-supereffective|p1b: Ursaluna
|-damage|p1b: Ursaluna|0 fnt
|faint|p1b: Ursaluna
|move|p1a: Indeedee|Expanding Force|p2b: Paolo|[spread] p2a,p2b
|-supereffective|p2a: Luca
|-damage|p2a: Luca|0 fnt
|-damage|p2b: Paolo|0 fnt
|faint|p2a: Luca
|faint|p2b: Paolo
|
|upkeep
|
|t:|1757185024
|switch|p2a: Silvano|Pelipper, L50, M, shiny|100/100
|switch|p1b: Electabuzz|Electabuzz, L50, M|100/100
|-weather|RainDance|[from] ability: Drizzle|[of] p2a: Silvano
|turn|4
|
|t:|1757185038
|move|p2a: Silvano|Muddy Water|p1b: Electabuzz|[spread] p1a,p1b
|-damage|p1a: Indeedee|0 fnt
|-damage|p1b: Electabuzz|67/100
|faint|p1a: Indeedee
|move|p1b: Electabuzz|Electroweb|p2a: Silvano
|-supereffective|p2a: Silvano
|-enditem|p2a: Silvano|Focus Sash
|-damage|p2a: Silvano|1/100
|-unboost|p2a: Silvano|spe|1
|
|-weather|RainDance|[upkeep]
|upkeep
|turn|5
|
|t:|1757185051
|move|p2a: Silvano|Muddy Water|p1b: Electabuzz
|-damage|p1b: Electabuzz|22/100
|move|p1b: Electabuzz|Electroweb|p2a: Silvano
|-supereffective|p2a: Silvano
|-damage|p2a: Silvano|0 fnt
|faint|p2a: Silvano
|
|win|JuanGuerrero09
||Cristante terabug is ready for game 2.
