|j|☆reuman
|j|☆Lorido
|html|reumanLorido    
|uhtml|bestof|Game 1 of a best-of-3
|t:|1784910601
|gametype|doubles
|player|p1|reuman|lucas|1118
|player|p2|Lorido|169|1177
|gen|9
|tier|[Gen 9 Champions] VGC 2026 Reg M-B (Bo3)
|rated|
|rule|Species Clause: Limit one of each Pokémon
|rule|Item Clause: Limit 1 of each item
|clearpoke
|poke|p1|Incineroar, L50, M|
|poke|p1|Milotic, L50, M|
|poke|p1|Whimsicott, L50, M|
|poke|p1|Metagross, L50, shiny|
|poke|p1|Delphox, L50, M|
|poke|p1|Gholdengo, L50|
|poke|p2|Aerodactyl, L50, M|
|poke|p2|Kingambit, L50, F|
|poke|p2|Sylveon, L50, F|
|poke|p2|Charizard, L50, F|
|poke|p2|Garchomp, L50, F|
|poke|p2|Farigiraf, L50, F|
|teampreview|4
|showteam|p1|Incineroar||SitrusBerry|Intimidate|ThroatChop,FlareBlitz,FakeOut,CloseCombat|Careful||M|||50|]Milotic||Leftovers|Competitive|AlluringVoice,MuddyWater,IcyWind,Protect|Calm||M|||50|]Whimsicott||FocusSash|Prankster|Tailwind,Encore,Protect,Moonblast|Bold||M|||50|]Metagross||Metagrossite|ClearBody|BodyPress,BulletPunch,Protect,PsychicFangs|Adamant|||||50|]Delphox||Delphoxite|Blaze|HeatWave,Psychic,Protect,DazzlingGleam|Timid||M|||50|]Gholdengo||ChoiceScarf|GoodasGold|FlashCannon,ShadowBall,DazzlingGleam,Thunderbolt|Timid|||||50|
|showteam|p2|Aerodactyl||Aerodactylite|Unnerve|RockSlide,DualWingbeat,IceFang,Tailwind|Jolly||M|||50|]Kingambit||BlackGlasses|Defiant|KowtowCleave,IronHead,SuckerPunch,LowKick|Jolly||F|||50|]Sylveon||FairyFeather|Pixilate|HyperVoice,QuickAttack,HyperBeam,Detect|Modest||F|||50|]Charizard||CharizarditeY|Blaze|HeatWave,WeatherBall,SolarBeam,Protect|Modest||F|||50|]Garchomp||LifeOrb|RoughSkin|DragonClaw,Earthquake,RockSlide,Protect|Jolly||F|||50|]Farigiraf||SitrusBerry|ArmorTail|TwinBeam,Thunderbolt,TrickRoom,HelpingHand|Relaxed||F|||50|
|inactive|Battle timer is ON: inactive players will automatically lose when time's up. (requested by Lorido)
|
|t:|1784910627
|teamsize|p1|4
|teamsize|p2|4
|start
|switch|p1a: Whimsicott|Whimsicott, L50, M|100/100
|switch|p1b: Milotic|Milotic, L50, M|100/100
|switch|p2a: Kingambit|Kingambit, L50, F|100/100
|switch|p2b: Aerodactyl|Aerodactyl, L50, M|100/100
|-ability|p2b: Aerodactyl|Unnerve
|turn|1
|inactive|Lorido has 30 seconds left.
|
|t:|1784910652
|move|p1a: Whimsicott|Tailwind|p1a: Whimsicott
|-sidestart|p1: reuman|move: Tailwind
|move|p1b: Milotic|Muddy Water|p2a: Kingambit|[spread] p2b
|-miss|p1b: Milotic|p2a: Kingambit
|-supereffective|p2b: Aerodactyl|1
|-damage|p2b: Aerodactyl|26/100
|move|p2b: Aerodactyl|Dual Wingbeat|p1a: Whimsicott
|-supereffective|p1a: Whimsicott|1
|-damage|p1a: Whimsicott|64/100
|-supereffective|p1a: Whimsicott|1
|-damage|p1a: Whimsicott|24/100
|-hitcount|p1a: Whimsicott|2
|move|p2a: Kingambit|Kowtow Cleave|p1b: Milotic
|-damage|p1b: Milotic|50/100g
|
|-heal|p1b: Milotic|56/100|[from] item: Leftovers
|upkeep
|turn|2
|inactive|reuman has 30 seconds left.
|
|t:|1784910678
|switch|p2b: Garchomp|Garchomp, L50, F|100/100
|move|p1a: Whimsicott|Moonblast|p2b: Garchomp
|-supereffective|p2b: Garchomp|1
|-damage|p2b: Garchomp|35/100
|move|p1b: Milotic|Muddy Water|p2b: Garchomp|[spread] p2b
|-miss|p1b: Milotic|p2a: Kingambit
|-damage|p2b: Garchomp|5/100
|move|p2a: Kingambit|Iron Head|p1a: Whimsicott
|-supereffective|p1a: Whimsicott|1
|-damage|p1a: Whimsicott|0 fnt
|faint|p1a: Whimsicott
|
|-heal|p1b: Milotic|62/100|[from] item: Leftovers
|upkeep
|
|t:|1784910702
|switch|p1a: Metagross|Metagross, L50, shiny|100/100
|turn|3
|
|t:|1784910722
|detailschange|p1a: Metagross|Metagross-Mega, L50, shiny
|-mega|p1a: Metagross|Metagross|Metagrossite
|move|p2b: Garchomp|Protect|p2b: Garchomp
|-singleturn|p2b: Garchomp|Protect
|move|p2a: Kingambit|Sucker Punch|p1a: Metagross
|-supereffective|p1a: Metagross|1
|-damage|p1a: Metagross|39/100
|move|p1a: Metagross|Body Press|p2a: Kingambit
|-supereffective|p2a: Kingambit|2
|-damage|p2a: Kingambit|0 fnt
|faint|p2a: Kingambit
|move|p1b: Milotic|Alluring Voice|p2b: Garchomp
|-activate|p2b: Garchomp|move: Protect
|
|-heal|p1b: Milotic|68/100|[from] item: Leftovers
|upkeep
|
|t:|1784910735
|switch|p2a: Charizard|Charizard, L50, F|100/100
|turn|4
|
|t:|1784910743
|detailschange|p2a: Charizard|Charizard-Mega-Y, L50, F
|-mega|p2a: Charizard|Charizard|Charizardite Y
|-weather|SunnyDay|[from] ability: Drought|[of] p2a: Charizard
|move|p1a: Metagross|Psychic Fangs|p2a: Charizard
|-damage|p2a: Charizard|42/100
|move|p1b: Milotic|Icy Wind|p2b: Garchomp|[spread] p2a,p2b
|-supereffective|p2b: Garchomp|2
|-damage|p2a: Charizard|32/100
|-damage|p2b: Garchomp|0 fnt
|-unboost|p2a: Charizard|spe|1
|faint|p2b: Garchomp
|move|p2a: Charizard|Solar Beam||[still]
|-prepare|p2a: Charizard|Solar Beam
|-anim|p2a: Charizard|Solar Beam|p1b: Milotic
|-supereffective|p1b: Milotic|1
|-damage|p1b: Milotic|11/100
|
|-weather|SunnyDay|[upkeep]
|-heal|p1b: Milotic|17/100|[from] item: Leftovers
|-sideend|p1: reuman|move: Tailwind
|upkeep
|
|t:|1784910759
|switch|p2b: Aerodactyl|Aerodactyl, L50, M|26/100
|-ability|p2b: Aerodactyl|Unnerve
|turn|5
|
|t:|1784910775
|move|p1a: Metagross|Bullet Punch|p2b: Aerodactyl
|-supereffective|p2b: Aerodactyl|1
|-damage|p2b: Aerodactyl|0 fnt
|faint|p2b: Aerodactyl
|move|p1b: Milotic|Muddy Water|p2a: Charizard|[miss]
|-miss|p1b: Milotic|p2a: Charizard
|move|p2a: Charizard|Heat Wave|p1b: Milotic|[spread] p1a,p1b
|-supereffective|p1a: Metagross|1
|-resisted|p1b: Milotic|1
|-damage|p1a: Metagross|0 fnt
|-damage|p1b: Milotic|0 fnt
|faint|p1a: Metagross
|faint|p1b: Milotic
|
|-weather|SunnyDay|[upkeep]
|upkeep
|
|t:|1784910779
|switch|p1b: Gholdengo|Gholdengo, L50|100/100
|turn|6
|
|t:|1784910788
|move|p1b: Gholdengo|Thunderbolt|p2a: Charizard
|-supereffective|p2a: Charizard|1
|-damage|p2a: Charizard|0 fnt
|faint|p2a: Charizard
|
|win|reuman
