|j|☆m111naaaa
|j|☆Typ.Null07
|html|m111naaaaTyp.Null07    
|uhtml|bestof|Game 2 of a best-of-3
|t:|1756300980
|gametype|doubles
|player|p1|m111naaaa|jasmine|1161
|player|p2|Typ.Null07|2|1303
|gen|9
|tier|[Gen 9] VGC 2025 Reg H (Bo3)
|rated|
|rule|Species Clause: Limit one of each Pokémon
|rule|Item Clause: Limit 1 of each item
|clearpoke
|poke|p1|Kilowattrel, L50, M|
|poke|p1|Amoonguss, L50, F|
|poke|p1|Incineroar, L50, M|
|poke|p1|Porygon2, L50|
|poke|p1|Gholdengo, L50|
|poke|p1|Ursaluna, L50, M|
|poke|p2|Volcarona, L50, M|
|poke|p2|Rillaboom, L50, F|
|poke|p2|Ursaluna, L50, F|
|poke|p2|Dragapult, L50, M|
|poke|p2|Farigiraf, L50, F|
|poke|p2|Incineroar, L50, M|
|teampreview|4
|showteam|p1|Kilowattrel||FocusSash|Competitive|Thunderbolt,AirSlash,Tailwind,Protect|||M|||50|,,,,,Ghost]Amoonguss||SitrusBerry|Regenerator|PollenPuff,Spore,RagePowder,Protect|||F|||50|,,,,,Water]Incineroar||SafetyGoggles|Intimidate|FakeOut,FlareBlitz,KnockOff,PartingShot|||M|||50|,,,,,Ghost]Porygon2||Eviolite|Download|TeraBlast,IceBeam,Recover,TrickRoom||||||50|,,,,,Fighting]Gholdengo||MetalCoat|GoodasGold|MakeItRain,ShadowBall,NastyPlot,Protect||||||50|,,,,,Flying]Ursaluna||FlameOrb|Guts|Facade,HeadlongRush,Earthquake,Protect|||M|||50|,,,,,Ghost
|showteam|p2|Volcarona||GrassySeed|FlameBody|FieryDance,GigaDrain,QuiverDance,Protect|||M|||50|,,,,,Grass]Rillaboom||AssaultVest|GrassySurge|WoodHammer,GrassyGlide,Uturn,FakeOut|||F|||50|,,,,,Fire]Ursaluna||FlameOrb|Guts|Facade,HeadlongRush,Substitute,Protect|||F|||50|,,,,,Ghost]Dragapult||ChoiceBand|ClearBody|DragonDarts,PhantomForce,Outrage,Uturn|||M|||50|,,,,,Dragon]Farigiraf||ThroatSpray|ArmorTail|HyperVoice,PsychicNoise,Roar,TrickRoom|||F|||50|,,,,,Water]Incineroar||AguavBerry|Intimidate|FlareBlitz,KnockOff,FakeOut,PartingShot|||M|||50|,,,,,Water
|inactive|Battle timer is ON: inactive players will automatically lose when time's up. (requested by Typ.Null07)
|
|t:|1756300995
|teamsize|p1|4
|teamsize|p2|4
|start
|switch|p1a: Kilowattrel|Kilowattrel, L50, M|100/100
|switch|p1b: Ursaluna|Ursaluna, L50, M|100/100
|switch|p2a: Volcarona|Volcarona, L50, M|100/100
|switch|p2b: Dragapult|Dragapult, L50, M|100/100
|turn|1
|inactive|Typ.Null07 has 30 seconds left.
|
|t:|1756301028
|move|p2b: Dragapult|Dragon Darts|p1a: Kilowattrel
|-damage|p1a: Kilowattrel|34/100
|-anim|p2b: Dragapult|Dragon Darts|p1b: Ursaluna
|-damage|p1b: Ursaluna|72/100
|move|p1a: Kilowattrel|Tailwind|p1a: Kilowattrel
|-sidestart|p1: m111naaaa|move: Tailwind
|move|p1b: Ursaluna|Headlong Rush|p2a: Volcarona
|-damage|p2a: Volcarona|17/100
|-unboost|p1b: Ursaluna|def|1
|-unboost|p1b: Ursaluna|spd|1
|move|p2a: Volcarona|Quiver Dance|p2a: Volcarona
|-boost|p2a: Volcarona|spa|1
|-boost|p2a: Volcarona|spd|1
|-boost|p2a: Volcarona|spe|1
|
|-status|p1b: Ursaluna|brn|[from] item: Flame Orb
|upkeep
|turn|2
|inactive|m111naaaa has 30 seconds left.
|
|t:|1756301055
|switch|p1b: Amoonguss|Amoonguss, L50, F|100/100
|move|p2a: Volcarona|Protect|p2a: Volcarona
|-singleturn|p2a: Volcarona|Protect
|move|p1a: Kilowattrel|Air Slash|p2b: Dragapult
|-damage|p2b: Dragapult|54/100
|move|p2b: Dragapult|Dragon Darts|p1a: Kilowattrel
|-damage|p1a: Kilowattrel|0 fnt
|-anim|p2b: Dragapult|Dragon Darts|p1b: Amoonguss
|-damage|p1b: Amoonguss|68/100
|faint|p1a: Kilowattrel
|
|upkeep
|
|t:|1756301066
|switch|p1a: Incineroar|Incineroar, L50, M|100/100
|-ability|p1a: Incineroar|Intimidate|boost
|-unboost|p2a: Volcarona|atk|1
|-fail|p2b: Dragapult|unboost|[from] ability: Clear Body|[of] p2b: Dragapult
|turn|3
|inactive|m111naaaa has 30 seconds left.
|
|t:|1756301097
|switch|p2b: Rillaboom|Rillaboom, L50, F|100/100
|-fieldstart|move: Grassy Terrain|[from] ability: Grassy Surge|[of] p2b: Rillaboom
|-enditem|p2a: Volcarona|Grassy Seed
|-boost|p2a: Volcarona|def|1|[from] item: Grassy Seed
|move|p1b: Amoonguss|Protect|p1b: Amoonguss
|-singleturn|p1b: Amoonguss|Protect
|move|p1a: Incineroar|Flare Blitz|p2a: Volcarona
|-damage|p2a: Volcarona|0 fnt
|faint|p2a: Volcarona
|-damage|p1a: Incineroar|95/100|[from] Recoil
|
|-heal|p1a: Incineroar|100/100|[from] Grassy Terrain
|-heal|p1b: Amoonguss|74/100|[from] Grassy Terrain
|upkeep
|
|t:|1756301113
|switch|p2a: Farigiraf|Farigiraf, L50, F|100/100
|turn|4
|
|t:|1756301133
|-terastallize|p2a: Farigiraf|Water
|move|p2b: Rillaboom|Fake Out|p1a: Incineroar
|-damage|p1a: Incineroar|86/100
|cant|p1a: Incineroar|flinch
|move|p1b: Amoonguss|Spore|p2a: Farigiraf
|-status|p2a: Farigiraf|slp|[from] move: Spore
|cant|p2a: Farigiraf|slp
|
|-heal|p1a: Incineroar|92/100|[from] Grassy Terrain
|-heal|p1b: Amoonguss|80/100|[from] Grassy Terrain
|-sideend|p1: m111naaaa|move: Tailwind
|upkeep
|turn|5
|
|t:|1756301154
|move|p2b: Rillaboom|U-turn|p1a: Incineroar
|-damage|p1a: Incineroar|69/100
|
|t:|1756301156
|switch|p2b: Dragapult|Dragapult, L50, M|54/100|[from] U-turn
|move|p1a: Incineroar|Knock Off|p2a: Farigiraf
|-damage|p2a: Farigiraf|53/100 slp
|-enditem|p2a: Farigiraf|Throat Spray|[from] move: Knock Off|[of] p1a: Incineroar
|cant|p2a: Farigiraf|slp
|move|p1b: Amoonguss|Spore|p2b: Dragapult
|-status|p2b: Dragapult|slp|[from] move: Spore
|
|-heal|p2b: Dragapult|61/100 slp|[from] Grassy Terrain
|-heal|p1a: Incineroar|75/100|[from] Grassy Terrain
|-heal|p2a: Farigiraf|58/100 slp|[from] Grassy Terrain
|-heal|p1b: Amoonguss|85/100|[from] Grassy Terrain
|upkeep
|turn|6
|
|t:|1756301174
|switch|p1a: Ursaluna|Ursaluna, L50, M|72/100 brn
|-terastallize|p1b: Amoonguss|Water
|cant|p2b: Dragapult|slp
|cant|p2a: Farigiraf|slp
|move|p1b: Amoonguss|Pollen Puff|p1a: Ursaluna
|-heal|p1a: Ursaluna|100/100 brn
|
|-heal|p2b: Dragapult|67/100 slp|[from] Grassy Terrain
|-heal|p2a: Farigiraf|64/100 slp|[from] Grassy Terrain
|-heal|p1b: Amoonguss|91/100|[from] Grassy Terrain
|-damage|p1a: Ursaluna|94/100 brn|[from] brn
|upkeep
|turn|7
|
|t:|1756301192
|move|p1b: Amoonguss|Rage Powder|p1b: Amoonguss
|-singleturn|p1b: Amoonguss|move: Rage Powder
|cant|p2b: Dragapult|slp
|move|p1a: Ursaluna|Facade|p2a: Farigiraf
|-damage|p2a: Farigiraf|0 fnt
|faint|p2a: Farigiraf
|
|-heal|p2b: Dragapult|73/100 slp|[from] Grassy Terrain
|-heal|p1a: Ursaluna|100/100 brn|[from] Grassy Terrain
|-heal|p1b: Amoonguss|97/100|[from] Grassy Terrain
|-damage|p1a: Ursaluna|94/100 brn|[from] brn
|-fieldend|move: Grassy Terrain
|upkeep
|
|t:|1756301199
|switch|p2a: Rillaboom|Rillaboom, L50, F|100/100
|-fieldstart|move: Grassy Terrain|[from] ability: Grassy Surge|[of] p2a: Rillaboom
|turn|8
|
|t:|1756301219
|move|p1a: Ursaluna|Protect|p1a: Ursaluna
|-singleturn|p1a: Ursaluna|Protect
|move|p1b: Amoonguss|Protect|p1b: Amoonguss
|-singleturn|p1b: Amoonguss|Protect
|cant|p2b: Dragapult|slp
|move|p2a: Rillaboom|Wood Hammer|p1a: Ursaluna
|-activate|p1a: Ursaluna|move: Protect
|
|-heal|p2b: Dragapult|79/100 slp|[from] Grassy Terrain
|-heal|p1a: Ursaluna|100/100 brn|[from] Grassy Terrain
|-heal|p1b: Amoonguss|100/100|[from] Grassy Terrain
|-damage|p1a: Ursaluna|94/100 brn|[from] brn
|upkeep
|turn|9
|inactive|Typ.Null07 has 30 seconds left.
|
|t:|1756301251
|switch|p1a: Incineroar|Incineroar, L50, M|75/100
|-ability|p1a: Incineroar|Intimidate|boost
|-unboost|p2a: Rillaboom|atk|1
|-fail|p2b: Dragapult|unboost|[from] ability: Clear Body|[of] p2b: Dragapult
|-curestatus|p2b: Dragapult|slp|[msg]
|move|p2b: Dragapult|Outrage|p1a: Incineroar
|-damage|p1a: Incineroar|0 fnt
|faint|p1a: Incineroar
|move|p2a: Rillaboom|Wood Hammer|p1b: Amoonguss
|-supereffective|p1b: Amoonguss
|-damage|p1b: Amoonguss|15/100
|-enditem|p1b: Amoonguss|Sitrus Berry|[eat]
|-heal|p1b: Amoonguss|40/100|[from] item: Sitrus Berry
|-damage|p2a: Rillaboom|71/100|[from] Recoil
|move|p1b: Amoonguss|Spore|p2b: Dragapult
|-status|p2b: Dragapult|slp|[from] move: Spore
|
|-heal|p2b: Dragapult|85/100 slp|[from] Grassy Terrain
|-heal|p2a: Rillaboom|76/100|[from] Grassy Terrain
|-heal|p1b: Amoonguss|46/100|[from] Grassy Terrain
|upkeep
|
|t:|1756301268
|switch|p1a: Ursaluna|Ursaluna, L50, M|94/100 brn
|turn|10
|
|t:|1756301274
|move|p1b: Amoonguss|Rage Powder|p1b: Amoonguss
|-singleturn|p1b: Amoonguss|move: Rage Powder
|cant|p2b: Dragapult|slp
|move|p2a: Rillaboom|Wood Hammer|p1b: Amoonguss
|-supereffective|p1b: Amoonguss
|-damage|p1b: Amoonguss|0 fnt
|faint|p1b: Amoonguss
|-damage|p2a: Rillaboom|60/100|[from] Recoil
|move|p1a: Ursaluna|Facade|p2a: Rillaboom
|-damage|p2a: Rillaboom|0 fnt
|faint|p2a: Rillaboom
|
|-heal|p2b: Dragapult|91/100 slp|[from] Grassy Terrain
|-heal|p1a: Ursaluna|100/100 brn|[from] Grassy Terrain
|-damage|p1a: Ursaluna|94/100 brn|[from] brn
|upkeep
|turn|11
|
|t:|1756301286
|-curestatus|p2b: Dragapult|slp|[msg]
|move|p2b: Dragapult|Outrage|p1a: Ursaluna
|-damage|p1a: Ursaluna|20/100 brn
|move|p1a: Ursaluna|Headlong Rush|p2b: Dragapult
|-damage|p2b: Dragapult|0 fnt
|-unboost|p1a: Ursaluna|def|1
|-unboost|p1a: Ursaluna|spd|1
|faint|p2b: Dragapult
|
|win|m111naaaa
||Typ.Null07 is ready for game 3.
||m111naaaa is ready for game 3.
|uhtml|next|Next: Game 3 of 3
|l|☆Typ.Null07
|player|p2|
