|j|☆Lacossg
|j|☆Ssidebraves8
|html|LacossgSsidebraves8    
|uhtml|bestof|Game 2 of a best-of-3
|t:|1757844884
|gametype|doubles
|player|p1|Lacossg|169|1166
|player|p2|Ssidebraves8|265|1240
|gen|9
|tier|[Gen 9] VGC 2025 Reg H (Bo3)
|rated|
|rule|Species Clause: Limit one of each Pokémon
|rule|Item Clause: Limit 1 of each item
|clearpoke
|poke|p1|Espathra, L50, F|
|poke|p1|Indeedee-F, L50, F|
|poke|p1|Sneasler, L50, F|
|poke|p1|Kingambit, L50, M|
|poke|p1|Arcanine-Hisui, L50, M|
|poke|p1|Hydreigon, L50, M|
|poke|p2|Incineroar, L50, F|
|poke|p2|Kommo-o, L50, F|
|poke|p2|Electabuzz, L50, F|
|poke|p2|Rillaboom, L50, F|
|poke|p2|Ninetales-Alola, L50, M|
|poke|p2|Sinistcha, L50|
|teampreview|4
|showteam|p1|Espathra||LifeOrb|SpeedBoost|LuminaCrash,ExpandingForce,DazzlingGleam,Protect|||F|||50|,,,,,Psychic]Indeedee-F||RockyHelmet|PsychicSurge|FollowMe,Psychic,HelpingHand,Protect|||F|||50|,,,,,Steel]Sneasler||PsychicSeed|Unburden|ThroatChop,CloseCombat,DireClaw,Protect|||F|||50|,,,,,Dark]Kingambit||AssaultVest|Defiant|KowtowCleave,SuckerPunch,LowKick,TeraBlast|||M|||50|,,,,,Flying]Arcanine-Hisui||MirrorHerb|Intimidate|FlareBlitz,RockSlide,CloseCombat,Protect|||M|||50|,,,,,Water]Hydreigon||SafetyGoggles|Levitate|DracoMeteor,Snarl,Taunt,Protect|||M|||50|,,,,,Ghost
|showteam|p2|Incineroar||AssaultVest|Intimidate|KnockOff,FakeOut,FlareBlitz,Uturn|||F|||50|,,,,,Ghost]Kommo-o||ThroatSpray|Soundproof|ClangingScales,Flamethrower,ClangorousSoul,Protect|||F|||50|,,,,,Fire]Electabuzz||Eviolite|VitalSpirit|Electroweb,Taunt,FollowMe,Protect|||F|||50|,,,,,Fairy]Rillaboom||MiracleSeed|GrassySurge|WoodHammer,GrassyGlide,FakeOut,Uturn|||F|||50|,,,,,Fire]Ninetales-Alola||LightClay|SnowWarning|Blizzard,AuroraVeil,Encore,Disable|||M|||50|,,,,,Ghost]Sinistcha||SitrusBerry|Hospitality|MatchaGotcha,StrengthSap,RagePowder,Curse||||||50|,,,,,Water
|
|t:|1757844929
|teamsize|p1|4
|teamsize|p2|4
|start
|switch|p1a: Sneasler|Sneasler, L50, F|100/100
|switch|p1b: Espathra|Espathra, L50, F|100/100
|switch|p2a: Ninetales|Ninetales-Alola, L50, M|100/100
|switch|p2b: Kommo-o|Kommo-o, L50, F, shiny|100/100
|-weather|Snowscape|[from] ability: Snow Warning|[of] p2a: Ninetales
|turn|1
|
|t:|1757844950
|switch|p1b: Arcanine|Arcanine-Hisui, L50, M|100/100
|-ability|p1b: Arcanine|Intimidate|boost
|-unboost|p2a: Ninetales|atk|1
|-unboost|p2b: Kommo-o|atk|1
|-terastallize|p2b: Kommo-o|Fire
|move|p2a: Ninetales|Aurora Veil|p2a: Ninetales
|-sidestart|p2: Ssidebraves8|move: Aurora Veil
|move|p1a: Sneasler|Dire Claw|p2a: Ninetales
|-supereffective|p2a: Ninetales
|-damage|p2a: Ninetales|52/100
|move|p2b: Kommo-o|Clangorous Soul|p2b: Kommo-o
|-boost|p2b: Kommo-o|atk|1
|-boost|p2b: Kommo-o|def|1
|-boost|p2b: Kommo-o|spa|1
|-boost|p2b: Kommo-o|spd|1
|-boost|p2b: Kommo-o|spe|1
|-damage|p2b: Kommo-o|68/100
|-enditem|p2b: Kommo-o|Throat Spray
|-boost|p2b: Kommo-o|spa|1|[from] item: Throat Spray
|-enditem|p1b: Arcanine|Mirror Herb
|-boost|p1b: Arcanine|atk|1|[from] item: Mirror Herb
|-boost|p1b: Arcanine|def|1|[from] item: Mirror Herb
|-boost|p1b: Arcanine|spa|2|[from] item: Mirror Herb
|-boost|p1b: Arcanine|spd|1|[from] item: Mirror Herb
|-boost|p1b: Arcanine|spe|1|[from] item: Mirror Herb
|
|-weather|Snowscape|[upkeep]
|upkeep
|turn|2
|
|t:|1757844978
|switch|p2a: Incineroar|Incineroar, L50, F, shiny|100/100
|-ability|p2a: Incineroar|Intimidate|boost
|-unboost|p1a: Sneasler|atk|1
|-unboost|p1b: Arcanine|atk|1
|switch|p1a: Kingambit|Kingambit, L50, M|100/100
|move|p2b: Kommo-o|Protect|p2b: Kommo-o
|-singleturn|p2b: Kommo-o|Protect
|move|p1b: Arcanine|Rock Slide|p2b: Kommo-o|[spread] 
|-activate|p2b: Kommo-o|move: Protect
|-miss|p1b: Arcanine|p2a: Incineroar
|
|-weather|Snowscape|[upkeep]
|upkeep
|turn|3
|
|t:|1757845016
|move|p2a: Incineroar|Fake Out|p1b: Arcanine
|-resisted|p1b: Arcanine
|-damage|p1b: Arcanine|95/100
|cant|p1b: Arcanine|flinch
|move|p2b: Kommo-o|Flamethrower|p1a: Kingambit
|-supereffective|p1a: Kingambit
|-damage|p1a: Kingambit|0 fnt
|faint|p1a: Kingambit
|
|-weather|Snowscape|[upkeep]
|upkeep
|
|t:|1757845029
|switch|p1a: Espathra|Espathra, L50, F|100/100
|turn|4
|
|t:|1757845039
|move|p1a: Espathra|Protect|p1a: Espathra
|-singleturn|p1a: Espathra|Protect
|move|p1b: Arcanine|Rock Slide|p2a: Incineroar|[spread] p2a,p2b
|-supereffective|p2a: Incineroar
|-supereffective|p2b: Kommo-o
|-damage|p2a: Incineroar|61/100
|-damage|p2b: Kommo-o|43/100
|move|p2b: Kommo-o|Clanging Scales|p1a: Espathra|[spread] p1b
|-activate|p1a: Espathra|move: Protect
|-damage|p1b: Arcanine|37/100
|-unboost|p2b: Kommo-o|def|1
|cant|p2a: Incineroar|flinch
|
|-weather|Snowscape|[upkeep]
|-ability|p1a: Espathra|Speed Boost|boost
|-boost|p1a: Espathra|spe|1
|upkeep
|turn|5
|
|t:|1757845068
|move|p2b: Kommo-o|Protect|p2b: Kommo-o
|-singleturn|p2b: Kommo-o|Protect
|move|p1a: Espathra|Lumina Crash|p2b: Kommo-o
|-activate|p2b: Kommo-o|move: Protect
|move|p1b: Arcanine|Rock Slide|p2b: Kommo-o|[spread] p2a
|-activate|p2b: Kommo-o|move: Protect
|-supereffective|p2a: Incineroar
|-damage|p2a: Incineroar|27/100
|cant|p2a: Incineroar|flinch
|
|-weather|none
|-ability|p1a: Espathra|Speed Boost|boost
|-boost|p1a: Espathra|spe|1
|upkeep
|turn|6
|
|t:|1757845108
|switch|p2b: Rillaboom|Rillaboom, L50, F, shiny|100/100
|-fieldstart|move: Grassy Terrain|[from] ability: Grassy Surge|[of] p2b: Rillaboom
|switch|p2a: Ninetales|Ninetales-Alola, L50, M|52/100
|-weather|Snowscape|[from] ability: Snow Warning|[of] p2a: Ninetales
|-terastallize|p1a: Espathra|Psychic
|move|p1a: Espathra|Lumina Crash|p2b: Rillaboom
|-damage|p2b: Rillaboom|51/100
|-unboost|p2b: Rillaboom|spd|2
|-damage|p1a: Espathra|91/100|[from] item: Life Orb
|move|p1b: Arcanine|Rock Slide|p2a: Ninetales|[spread] p2a,p2b
|-supereffective|p2a: Ninetales
|-damage|p2a: Ninetales|22/100
|-damage|p2b: Rillaboom|29/100
|
|-weather|Snowscape|[upkeep]
|-heal|p1a: Espathra|97/100|[from] Grassy Terrain
|-heal|p1b: Arcanine|43/100|[from] Grassy Terrain
|-heal|p2a: Ninetales|28/100|[from] Grassy Terrain
|-heal|p2b: Rillaboom|35/100|[from] Grassy Terrain
|-ability|p1a: Espathra|Speed Boost|boost
|-boost|p1a: Espathra|spe|1
|upkeep
|turn|7
|
|t:|1757845150
|move|p2b: Rillaboom|Fake Out|p1b: Arcanine
|-resisted|p1b: Arcanine
|-damage|p1b: Arcanine|37/100
|move|p1a: Espathra|Lumina Crash|p2a: Ninetales
|-damage|p2a: Ninetales|0 fnt
|faint|p2a: Ninetales
|-damage|p1a: Espathra|88/100|[from] item: Life Orb
|cant|p1b: Arcanine|flinch
|
|-weather|Snowscape|[upkeep]
|-heal|p1a: Espathra|94/100|[from] Grassy Terrain
|-heal|p1b: Arcanine|43/100|[from] Grassy Terrain
|-heal|p2b: Rillaboom|42/100|[from] Grassy Terrain
|-ability|p1a: Espathra|Speed Boost|boost
|-boost|p1a: Espathra|spe|1
|upkeep
|
|t:|1757845165
|switch|p2a: Incineroar|Incineroar, L50, F, shiny|27/100
|-ability|p2a: Incineroar|Intimidate|boost
|-unboost|p1a: Espathra|atk|1
|-unboost|p1b: Arcanine|atk|1
|turn|8
|
|t:|1757845177
|move|p2a: Incineroar|Fake Out|p1a: Espathra
|-damage|p1a: Espathra|74/100
|move|p2b: Rillaboom|Grassy Glide|p1b: Arcanine
|-damage|p1b: Arcanine|6/100
|cant|p1a: Espathra|flinch
|move|p1b: Arcanine|Rock Slide|p2a: Incineroar|[spread] p2a,p2b
|-supereffective|p2a: Incineroar
|-damage|p2a: Incineroar|1/100
|-damage|p2b: Rillaboom|30/100
|
|-weather|Snowscape|[upkeep]
|-heal|p1a: Espathra|80/100|[from] Grassy Terrain
|-heal|p1b: Arcanine|12/100|[from] Grassy Terrain
|-heal|p2b: Rillaboom|36/100|[from] Grassy Terrain
|-heal|p2a: Incineroar|7/100|[from] Grassy Terrain
|-sideend|p2: Ssidebraves8|move: Aurora Veil
|-ability|p1a: Espathra|Speed Boost|boost
|-boost|p1a: Espathra|spe|1
|upkeep
|turn|9
|
|t:|1757845197
|move|p1b: Arcanine|Protect|p1b: Arcanine
|-singleturn|p1b: Arcanine|Protect
|move|p2b: Rillaboom|Grassy Glide|p1a: Espathra
|-damage|p1a: Espathra|9/100
|move|p1a: Espathra|Dazzling Gleam|p2b: Rillaboom|[spread] p2a,p2b
|-damage|p2a: Incineroar|0 fnt
|-damage|p2b: Rillaboom|0 fnt
|faint|p2a: Incineroar
|faint|p2b: Rillaboom
|-damage|p1a: Espathra|0 fnt|[from] item: Life Orb
|faint|p1a: Espathra
|
|-weather|Snowscape|[upkeep]
|-heal|p1b: Arcanine|18/100|[from] Grassy Terrain
|upkeep
|
|t:|1757845211
|switch|p1a: Sneasler|Sneasler, L50, F|100/100
|switch|p2b: Kommo-o|Kommo-o, L50, F, shiny, tera:Fire|43/100
|turn|10
|
|t:|1757845221
|move|p1b: Arcanine|Rock Slide|p2b: Kommo-o
|-supereffective|p2b: Kommo-o
|-damage|p2b: Kommo-o|0 fnt
|faint|p2b: Kommo-o
|
|win|Lacossg
||Ssidebraves8 is ready for game 3.
||Lacossg is ready for game 3.
|uhtml|next|Next: Game 3 of 3
|l|☆Ssidebraves8
|player|p2|
