|j|☆Gamertag1001
|j|☆KSAdarkage
|html|Gamertag1001KSAdarkage    
|uhtml|bestof|Game 3 of a best-of-3
|t:|1783729158
|gametype|doubles
|player|p1|Gamertag1001|kieran-champion|1238
|player|p2|KSAdarkage|hilda|1231
|gen|9
|tier|[Gen 9 Champions] VGC 2026 Reg M-B (Bo3)
|rated|
|rule|Species Clause: Limit one of each Pokémon
|rule|Item Clause: Limit 1 of each item
|clearpoke
|poke|p1|Gardevoir, L50, M|
|poke|p1|Garchomp, L50, F|
|poke|p1|Talonflame, L50, M|
|poke|p1|Rotom-Wash, L50|
|poke|p1|Gholdengo, L50|
|poke|p1|Maushold, L50|
|poke|p2|Delphox, L50, F, shiny|
|poke|p2|Incineroar, L50, M, shiny|
|poke|p2|Floette-Eternal, L50, F|
|poke|p2|Kingambit, L50, M, shiny|
|poke|p2|Sinistcha, L50, shiny|
|poke|p2|Sneasler, L50, M, shiny|
|teampreview|4
|showteam|p1|Gardevoir||Gardevoirite|Telepathy|HyperVoice,Psyshock,TrickRoom,Protect|Modest||M|||50|]Garchomp||ChoiceScarf|RoughSkin|Earthquake,StompingTantrum,DragonClaw,RockSlide|Adamant||F|||50|]Talonflame||LifeOrb|GaleWings|BraveBird,FlareBlitz,Tailwind,Protect|Adamant||M|||50|]Rotom-Wash||SitrusBerry|Levitate|HydroPump,Thunderbolt,VoltSwitch,WillOWisp|Modest|||||50|]Gholdengo||MetalCoat|GoodasGold|MakeItRain,ShadowBall,NastyPlot,Protect|Modest|||||50|]Maushold||FocusSash|FriendGuard|SuperFang,FollowMe,Taunt,Protect|Timid|||||50|
|showteam|p2|Delphox||Delphoxite|Blaze|HeatWave,Psychic,NastyPlot,Protect|Timid||F|||50|]Incineroar||SitrusBerry|Intimidate|FlareBlitz,DarkestLariat,FakeOut,PartingShot|Careful||M|||50|]Floette-Eternal||Floettite|FlowerVeil|DazzlingGleam,DrainingKiss,CalmMind,Protect|Bold||F|||50|]Kingambit||BlackGlasses|Defiant|KowtowCleave,SuckerPunch,SwordsDance,Protect|Adamant||M|||50|]Sinistcha||OccaBerry|Hospitality|MatchaGotcha,RagePowder,TrickRoom,Protect|Bold|||||50|]Sneasler||FocusSash|PoisonTouch|CloseCombat,PoisonJab,FakeOut,QuickGuard|Jolly||M|||50|
|inactive|Battle timer is ON: inactive players will automatically lose when time's up. (requested by KSAdarkage)
|inactive|Gamertag1001 also wants the timer to be on.
|inactive|KSAdarkage has 60 seconds left.
|
|t:|1783729191
|teamsize|p1|4
|teamsize|p2|4
|start
|switch|p1a: Rise|Gholdengo, L50|100/100
|switch|p1b: Tiny Spark|Rotom-Wash, L50|100/100
|switch|p2a: Floette|Floette-Eternal, L50, F|100/100
|switch|p2b: Sneasler|Sneasler, L50, M, shiny|100/100
|turn|1
|
|t:|1783729200
|switch|p2a: Incineroar|Incineroar, L50, M, shiny|100/100
|-ability|p2a: Incineroar|Intimidate|boost
|-unboost|p1a: Rise|atk|1
|-unboost|p1b: Tiny Spark|atk|1
|move|p2b: Sneasler|Fake Out|p1b: Tiny Spark
|-damage|p1b: Tiny Spark|84/100
|move|p1a: Rise|Nasty Plot|p1a: Rise
|-boost|p1a: Rise|spa|2
|cant|p1b: Tiny Spark|flinch
|
|upkeep
|turn|2
|
|t:|1783729216
|move|p1a: Rise|Protect|p1a: Rise
|-singleturn|p1a: Rise|Protect
|move|p2b: Sneasler|Close Combat|p1b: Tiny Spark
|-damage|p1b: Tiny Spark|22/100
|-unboost|p2b: Sneasler|def|1
|-unboost|p2b: Sneasler|spd|1
|-status|p1b: Tiny Spark|psn|[from] ability: Poison Touch|[of] p2b: Sneasler
|-enditem|p1b: Tiny Spark|Sitrus Berry|[eat]
|-heal|p1b: Tiny Spark|47/100 psn|[from] item: Sitrus Berry
|move|p1b: Tiny Spark|Hydro Pump|p2a: Incineroar
|-supereffective|p2a: Incineroar|1
|-damage|p2a: Incineroar|28/100
|-enditem|p2a: Incineroar|Sitrus Berry|[eat]
|-heal|p2a: Incineroar|53/100|[from] item: Sitrus Berry
|move|p2a: Incineroar|Darkest Lariat|p1a: Rise
|-activate|p1a: Rise|move: Protect
|
|-damage|p1b: Tiny Spark|35/100 psn|[from] psn
|upkeep
|turn|3
|inactive|KSAdarkage has 30 seconds left.
|
|t:|1783729250
|switch|p2a: Kingambit|Kingambit, L50, M, shiny|100/100
|move|p2b: Sneasler|Poison Jab|p1b: Tiny Spark
|-damage|p1b: Tiny Spark|0 fnt
|faint|p1b: Tiny Spark
|move|p1a: Rise|Make It Rain|p2a: Kingambit|[spread] p2a,p2b
|-resisted|p2a: Kingambit|1
|-damage|p2a: Kingambit|46/100
|-enditem|p2b: Sneasler|Focus Sash
|-damage|p2b: Sneasler|1/100
|-unboost|p1a: Rise|spa|2
|
|upkeep
|
|t:|1783729262
|switch|p1b: Stargazer|Talonflame, L50, M|100/100
|turn|4
|
|t:|1783729276
|switch|p2b: Incineroar|Incineroar, L50, M, shiny|53/100
|-ability|p2b: Incineroar|Intimidate|boost
|-unboost|p1a: Rise|atk|1
|-unboost|p1b: Stargazer|atk|1
|move|p1b: Stargazer|Protect|p1b: Stargazer
|-singleturn|p1b: Stargazer|Protect
|move|p1a: Rise|Protect|p1a: Rise
|-singleturn|p1a: Rise|Protect
|move|p2a: Kingambit|Swords Dance|p2a: Kingambit
|-boost|p2a: Kingambit|atk|2
|
|upkeep
|turn|5
|
|t:|1783729293
|switch|p1b: Surround|Gardevoir, L50, M|100/100
|move|p2b: Incineroar|Fake Out|p1b: Surround
|-damage|p1b: Surround|86/100
|move|p1a: Rise|Nasty Plot|p1a: Rise
|-boost|p1a: Rise|spa|2
|move|p2a: Kingambit|Kowtow Cleave|p1b: Surround
|-damage|p1b: Surround|0 fnt
|faint|p1b: Surround
|
|upkeep
|
|t:|1783729297
|switch|p1b: Stargazer|Talonflame, L50, M|100/100
|turn|6
|
|t:|1783729313
|switch|p2b: Floette|Floette-Eternal, L50, F|100/100
|move|p2a: Kingambit|Protect|p2a: Kingambit
|-singleturn|p2a: Kingambit|Protect
|move|p1b: Stargazer|Brave Bird|p2b: Floette
|-damage|p2b: Floette|30/100
|-damage|p1b: Stargazer|74/100|[from] Recoil
|-damage|p1b: Stargazer|65/100|[from] item: Life Orb
|move|p1a: Rise|Shadow Ball|p2a: Kingambit
|-activate|p2a: Kingambit|move: Protect
|
|upkeep
|turn|7
|
|t:|1783729331
|detailschange|p2b: Floette|Floette-Mega, L50, F
|-mega|p2b: Floette|Floette|Floettite
|-ability|p2b: Floette|Fairy Aura
|move|p2a: Kingambit|Sucker Punch||[still]
|-fail|p2a: Kingambit
|move|p1b: Stargazer|Tailwind|p1b: Stargazer
|-sidestart|p1: Gamertag1001|move: Tailwind
|move|p1a: Rise|Make It Rain|p2a: Kingambit|[spread] p2a,p2b
|-resisted|p2a: Kingambit|1
|-supereffective|p2b: Floette|1
|-damage|p2a: Kingambit|0 fnt
|-damage|p2b: Floette|0 fnt
|-unboost|p1a: Rise|spa|2
|faint|p2a: Kingambit
|faint|p2b: Floette
|
|upkeep
|
|t:|1783729340
|switch|p2b: Sneasler|Sneasler, L50, M, shiny|1/100
|switch|p2a: Incineroar|Incineroar, L50, M, shiny|53/100
|-ability|p2a: Incineroar|Intimidate|boost
|-unboost|p1a: Rise|atk|1
|-unboost|p1b: Stargazer|atk|1
|turn|8
|
|t:|1783729349
|move|p2b: Sneasler|Fake Out|p1b: Stargazer
|-damage|p1b: Stargazer|45/100
|-status|p1b: Stargazer|psn|[from] ability: Poison Touch|[of] p2b: Sneasler
|cant|p1b: Stargazer|flinch
|move|p1a: Rise|Shadow Ball|p2b: Sneasler
|-damage|p2b: Sneasler|0 fnt
|faint|p2b: Sneasler
|move|p2a: Incineroar|Flare Blitz|p1a: Rise
|-supereffective|p1a: Rise|1
|-damage|p1a: Rise|20/100y
|-damage|p2a: Incineroar|28/100|[from] Recoil
|
|-damage|p1b: Stargazer|33/100 psn|[from] psn
|upkeep
|turn|9
|
|t:|1783729359
|move|p1b: Stargazer|Brave Bird|p2a: Incineroar
|-damage|p2a: Incineroar|0 fnt
|faint|p2a: Incineroar
|-damage|p1b: Stargazer|21/100 psn|[from] Recoil
|-damage|p1b: Stargazer|11/100 psn|[from] item: Life Orb
|
|win|Gamertag1001
|raw|Gamertag1001's rating: 1238 → 1262(+24 for winning)
|raw|KSAdarkage's rating: 1231 → 1207(-24 for losing)
|c|☆KSAdarkage|Gg
|c|☆Gamertag1001|Ggwp
