|j|☆nikolasnaiz
|j|☆mariocansado
|html|nikolasnaizmariocansado    
|uhtml|bestof|Game 1 of a best-of-3
|t:|1756671929
|gametype|doubles
|player|p1|nikolasnaiz|larry|1168
|player|p2|mariocansado|arven-s|1125
|gen|9
|tier|[Gen 9] VGC 2025 Reg H (Bo3)
|rated|
|rule|Species Clause: Limit one of each Pokémon
|rule|Item Clause: Limit 1 of each item
|clearpoke
|poke|p1|Dragonite, L50, F|
|poke|p1|Ursaluna-Bloodmoon, L50, M|
|poke|p1|Annihilape, L50, F|
|poke|p1|Volcarona, L50, F|
|poke|p1|Rillaboom, L50, F|
|poke|p1|Incineroar, L50, M|
|poke|p2|Rillaboom, L50, M|
|poke|p2|Dragapult, L50, M|
|poke|p2|Electabuzz, L50, F|
|poke|p2|Volcarona, L50, M|
|poke|p2|Whimsicott, L50, M|
|poke|p2|Arcanine-Hisui, L50, F|
|teampreview|4
|showteam|p1|Dragonite||LoadedDice|Multiscale|Protect,ScaleShot,Tailwind,Haze|||F|||50|,,,,,Steel]Ursaluna-Bloodmoon||FocusSash|MindsEye|Protect,BloodMoon,EarthPower,HyperVoice|||M|||50|,,,,,Normal]Annihilape||LumBerry|Defiant|Protect,RageFist,CloseCombat,Taunt|||F|||50|,,,,,Fire]Volcarona||CovertCloak|FlameBody|Protect,QuiverDance,HeatWave,TeraBlast|||F|||50|,,,,,Fairy]Rillaboom||AssaultVest|GrassySurge|FakeOut,WoodHammer,GrassyGlide,HighHorsepower|||F|||50|,,,,,Fire]Incineroar||SafetyGoggles|Intimidate|FakeOut,PartingShot,FlareBlitz,KnockOff|||M|||50|,,,,,Ghost
|showteam|p2|Rillaboom||AssaultVest|GrassySurge|FakeOut,WoodHammer,Uturn,GrassyGlide|||M|||50|,,,,,Fire]Dragapult||ChoiceBand|ClearBody|DragonDarts,DragonClaw,PhantomForce,Uturn|||M|||50|,,,,,Dragon]Electabuzz||Eviolite|VitalSpirit|Thunderbolt,Taunt,FollowMe,Protect|||F|||50|,,,,,Ghost]Volcarona||Leftovers|FlameBody|HeatWave,QuiverDance,Protect,GigaDrain|||M|||50|,,,,,Grass]Whimsicott||CovertCloak|Prankster|SunnyDay,Moonblast,Encore,Tailwind|||M|||50|,,,,,Dark]Arcanine-Hisui||SafetyGoggles|Intimidate|RockSlide,FlareBlitz,ExtremeSpeed,Protect|||F|||50|,,,,,Fairy
|inactive|Battle timer is ON: inactive players will automatically lose when time's up. (requested by nikolasnaiz)
|inactive|mariocansado has 60 seconds left.
|
|t:|1756671979
|teamsize|p1|4
|teamsize|p2|4
|start
|switch|p1a: Incineroar|Incineroar, L50, M, shiny|100/100
|switch|p1b: Annihilape|Annihilape, L50, F, shiny|100/100
|switch|p2a: Whimsicott|Whimsicott, L50, M|100/100
|switch|p2b: Arcanine|Arcanine-Hisui, L50, F|100/100
|-ability|p2b: Arcanine|Intimidate|boost
|-unboost|p1a: Incineroar|atk|1
|-unboost|p1b: Annihilape|atk|1
|-ability|p1b: Annihilape|Defiant|boost
|-boost|p1b: Annihilape|atk|2
|-ability|p1a: Incineroar|Intimidate|boost
|-unboost|p2a: Whimsicott|atk|1
|-unboost|p2b: Arcanine|atk|1
|turn|1
|
|t:|1756671998
|-terastallize|p2b: Arcanine|Fairy
|move|p2a: Whimsicott|Moonblast|p1b: Annihilape
|-supereffective|p1b: Annihilape
|-damage|p1b: Annihilape|56/100
|-unboost|p1b: Annihilape|spa|1
|-ability|p1b: Annihilape|Defiant|boost
|-boost|p1b: Annihilape|atk|2
|move|p1b: Annihilape|Close Combat|p2b: Arcanine
|-resisted|p2b: Arcanine
|-damage|p2b: Arcanine|24/100
|-unboost|p1b: Annihilape|def|1
|-unboost|p1b: Annihilape|spd|1
|move|p2b: Arcanine|Flare Blitz|p1b: Annihilape
|-damage|p1b: Annihilape|0 fnt
|faint|p1b: Annihilape
|-damage|p2b: Arcanine|4/100|[from] Recoil
|move|p1a: Incineroar|Flare Blitz|p2a: Whimsicott
|-supereffective|p2a: Whimsicott
|-damage|p2a: Whimsicott|31/100
|-damage|p1a: Incineroar|82/100|[from] Recoil
|
|upkeep
|
|t:|1756672010
|switch|p1b: Volcarona|Volcarona, L50, F|100/100
|turn|2
|
|t:|1756672029
|switch|p2b: Volcarona|Volcarona, L50, M|100/100
|-terastallize|p1b: Volcarona|Fairy
|move|p2a: Whimsicott|Tailwind|p2a: Whimsicott
|-sidestart|p2: mariocansado|move: Tailwind
|move|p1b: Volcarona|Heat Wave|p2a: Whimsicott|[spread] p2a,p2b
|-supereffective|p2a: Whimsicott
|-damage|p2a: Whimsicott|0 fnt
|-damage|p2b: Volcarona|74/100
|faint|p2a: Whimsicott
|move|p1a: Incineroar|Parting Shot|p2b: Volcarona
|-unboost|p2b: Volcarona|atk|1
|-unboost|p2b: Volcarona|spa|1
|
|t:|1756672036
|switch|p1a: Rillaboom|Rillaboom, L50, F|100/100|[from] Parting Shot
|-fieldstart|move: Grassy Terrain|[from] ability: Grassy Surge|[of] p1a: Rillaboom
|
|-heal|p2b: Volcarona|80/100|[from] Grassy Terrain
|-heal|p2b: Volcarona|86/100|[from] item: Leftovers
|upkeep
|
|t:|1756672039
|switch|p2a: Arcanine|Arcanine-Hisui, L50, F, tera:Fairy|4/100
|-ability|p2a: Arcanine|Intimidate|boost
|-unboost|p1a: Rillaboom|atk|1
|-unboost|p1b: Volcarona|atk|1
|turn|3
|
|t:|1756672051
|move|p2a: Arcanine|Protect|p2a: Arcanine
|-singleturn|p2a: Arcanine|Protect
|move|p1a: Rillaboom|Grassy Glide|p2a: Arcanine
|-activate|p2a: Arcanine|move: Protect
|move|p2b: Volcarona|Quiver Dance|p2b: Volcarona
|-boost|p2b: Volcarona|spa|1
|-boost|p2b: Volcarona|spd|1
|-boost|p2b: Volcarona|spe|1
|move|p1b: Volcarona|Quiver Dance|p1b: Volcarona
|-boost|p1b: Volcarona|spa|1
|-boost|p1b: Volcarona|spd|1
|-boost|p1b: Volcarona|spe|1
|
|-heal|p2b: Volcarona|92/100|[from] Grassy Terrain
|-heal|p2b: Volcarona|98/100|[from] item: Leftovers
|-heal|p2a: Arcanine|10/100|[from] Grassy Terrain
|upkeep
|turn|4
|
|t:|1756672065
|switch|p2a: Dragapult|Dragapult, L50, M|100/100
|switch|p1a: Incineroar|Incineroar, L50, M, shiny|82/100
|-ability|p1a: Incineroar|Intimidate|boost
|-fail|p2a: Dragapult|unboost|[from] ability: Clear Body|[of] p2a: Dragapult
|-unboost|p2b: Volcarona|atk|1
|move|p2b: Volcarona|Quiver Dance|p2b: Volcarona
|-boost|p2b: Volcarona|spa|1
|-boost|p2b: Volcarona|spd|1
|-boost|p2b: Volcarona|spe|1
|move|p1b: Volcarona|Heat Wave|p2b: Volcarona|[spread] p2a,p2b
|-resisted|p2a: Dragapult
|-damage|p2a: Dragapult|67/100
|-damage|p2b: Volcarona|76/100
|
|-heal|p2b: Volcarona|82/100|[from] Grassy Terrain
|-heal|p2b: Volcarona|88/100|[from] item: Leftovers
|-heal|p2a: Dragapult|73/100|[from] Grassy Terrain
|-heal|p1a: Incineroar|88/100|[from] Grassy Terrain
|upkeep
|turn|5
|
|t:|1756672090
|move|p1a: Incineroar|Fake Out|p2b: Volcarona
|-damage|p2b: Volcarona|74/100
|cant|p2b: Volcarona|flinch
|move|p2a: Dragapult|Phantom Force||[still]
|-prepare|p2a: Dragapult|Phantom Force
|move|p1b: Volcarona|Tera Blast|p2a: Dragapult|[anim] Tera Blast Fairy|[miss]
|-miss|p1b: Volcarona|p2a: Dragapult
|
|-heal|p2b: Volcarona|80/100|[from] Grassy Terrain
|-heal|p2b: Volcarona|86/100|[from] item: Leftovers
|-heal|p1a: Incineroar|94/100|[from] Grassy Terrain
|-sideend|p2: mariocansado|move: Tailwind
|upkeep
|turn|6
|
|t:|1756672100
|move|p2b: Volcarona|Heat Wave|p1a: Incineroar|[spread] p1a,p1b
|-resisted|p1a: Incineroar
|-damage|p1a: Incineroar|70/100
|-damage|p1b: Volcarona|66/100
|move|p1b: Volcarona|Heat Wave|p2a: Dragapult|[spread] p2b
|-miss|p1b: Volcarona|p2a: Dragapult
|-damage|p2b: Volcarona|66/100
|move|p2a: Dragapult|Phantom Force|p1b: Volcarona|[from] lockedmove
|-damage|p1b: Volcarona|0 fnt
|faint|p1b: Volcarona
|move|p1a: Incineroar|Flare Blitz|p2b: Volcarona
|-damage|p2b: Volcarona|5/100
|-damage|p1a: Incineroar|52/100|[from] Recoil
|
|-heal|p2b: Volcarona|11/100|[from] Grassy Terrain
|-heal|p2b: Volcarona|17/100|[from] item: Leftovers
|-heal|p2a: Dragapult|79/100|[from] Grassy Terrain
|-heal|p1a: Incineroar|58/100|[from] Grassy Terrain
|-fieldend|move: Grassy Terrain
|upkeep
|
|t:|1756672109
|switch|p1b: Rillaboom|Rillaboom, L50, F|100/100
|-fieldstart|move: Grassy Terrain|[from] ability: Grassy Surge|[of] p1b: Rillaboom
|turn|7
|
|t:|1756672114
|switch|p2a: Arcanine|Arcanine-Hisui, L50, F, tera:Fairy|10/100
|-ability|p2a: Arcanine|Intimidate|boost
|-unboost|p1a: Incineroar|atk|1
|-unboost|p1b: Rillaboom|atk|1
|move|p2b: Volcarona|Protect|p2b: Volcarona
|-singleturn|p2b: Volcarona|Protect
|move|p1b: Rillaboom|Grassy Glide|p2b: Volcarona
|-activate|p2b: Volcarona|move: Protect
|move|p1a: Incineroar|Knock Off|p2a: Arcanine
|-resisted|p2a: Arcanine
|-crit|p2a: Arcanine
|-damage|p2a: Arcanine|0 fnt
|-enditem|p2a: Arcanine|Safety Goggles|[from] move: Knock Off|[of] p1a: Incineroar
|faint|p2a: Arcanine
|
|-heal|p2b: Volcarona|23/100|[from] Grassy Terrain
|-heal|p2b: Volcarona|29/100|[from] item: Leftovers
|-heal|p1a: Incineroar|64/100|[from] Grassy Terrain
|upkeep
|
|t:|1756672124
|switch|p2a: Dragapult|Dragapult, L50, M|79/100
|turn|8
|
|t:|1756672136
|move|p2b: Volcarona|Heat Wave|p1a: Incineroar|[spread] p1a,p1b
|-resisted|p1a: Incineroar
|-supereffective|p1b: Rillaboom
|-damage|p1a: Incineroar|38/100
|-damage|p1b: Rillaboom|20/100
|move|p2a: Dragapult|Dragon Darts|p1a: Incineroar
|-damage|p1a: Incineroar|3/100
|-anim|p2a: Dragapult|Dragon Darts|p1b: Rillaboom
|-damage|p1b: Rillaboom|0 fnt
|faint|p1b: Rillaboom
|move|p1a: Incineroar|Knock Off|p2a: Dragapult
|-supereffective|p2a: Dragapult
|-damage|p2a: Dragapult|13/100
|-enditem|p2a: Dragapult|Choice Band|[from] move: Knock Off|[of] p1a: Incineroar
|
|-heal|p2b: Volcarona|35/100|[from] Grassy Terrain
|-heal|p2b: Volcarona|41/100|[from] item: Leftovers
|-heal|p2a: Dragapult|19/100|[from] Grassy Terrain
|-heal|p1a: Incineroar|9/100|[from] Grassy Terrain
|upkeep
|turn|9
|-message|nikolasnaiz forfeited.
|
|win|mariocansado
|l|☆nikolasnaiz
|player|p1|
||nikolasnaiz is ready for game 2.
||mariocansado is ready for game 2.
|uhtml|next|Next: Game 2 of 3
