|j|☆thisisaladderteam
|j|☆wan tun
|html|thisisaladderteamwan tun    
|uhtml|bestof|Game 2 of a best-of-3
|t:|1782457299
|gametype|doubles
|player|p1|thisisaladderteam|guzma|1219
|player|p2|wan tun|169|1176
|gen|9
|tier|[Gen 9 Champions] VGC 2026 Reg M-B (Bo3)
|rated|
|rule|Species Clause: Limit one of each Pokémon
|rule|Item Clause: Limit 1 of each item
|clearpoke
|poke|p1|Sceptile, L50, F, shiny|
|poke|p1|Rotom-Heat, L50, shiny|
|poke|p1|Toxapex, L50, F, shiny|
|poke|p1|Incineroar, L50, M, shiny|
|poke|p1|Garchomp, L50, F|
|poke|p1|Gholdengo, L50|
|poke|p2|Charizard, L50, M|
|poke|p2|Aerodactyl, L50, F|
|poke|p2|Kingambit, L50, M|
|poke|p2|Farigiraf, L50, F|
|poke|p2|Sylveon, L50, F|
|poke|p2|Garchomp, L50, F|
|teampreview|4
|showteam|p1|Sceptile||Sceptilite|Overgrow|Detect,EnergyBall,DragonPulse,EarthPower|Timid||F|||50|]Rotom-Heat||ChoiceScarf|Levitate|Discharge,Electroweb,Overheat,WillOWisp|Timid|||||50|]Toxapex||Leftovers|Regenerator|BanefulBunker,Infestation,Toxic,WideGuard|Bold||F|||50|]Incineroar||SitrusBerry|Intimidate|FakeOut,PartingShot,ThroatChop,FlareBlitz|Careful||M|||50|]Garchomp||LifeOrb|RoughSkin|Protect,RockSlide,Earthquake,DragonClaw|Jolly||F|||50|]Gholdengo||KasibBerry|GoodasGold|Protect,NastyPlot,ShadowBall,MakeItRain|Modest|||||50|
|showteam|p2|Charizard||CharizarditeY|Blaze|HeatWave,SolarBeam,WeatherBall,Protect|Modest||M|||50|]Aerodactyl||Aerodactylite|Unnerve|RockSlide,IceFang,DualWingbeat,Tailwind|Jolly||F|||50|]Kingambit||FocusSash|Defiant|KowtowCleave,IronHead,SuckerPunch,LowKick|Adamant||M|||50|]Farigiraf||SitrusBerry|ArmorTail|Psychic,Thunderbolt,TrickRoom,Roar|Bold||F|||50|]Sylveon||FairyFeather|Pixilate|HyperVoice,QuickAttack,HyperBeam,Protect|Modest||F|||50|]Garchomp||LifeOrb|RoughSkin|Earthquake,DragonClaw,StompingTantrum,Protect|Jolly||F|||50|
|inactive|Battle timer is ON: inactive players will automatically lose when time's up. (requested by thisisaladderteam)
|
|t:|1782457328
|teamsize|p1|4
|teamsize|p2|4
|start
|switch|p1a: Rotom|Rotom-Heat, L50, shiny|100/100
|switch|p1b: Toxapex|Toxapex, L50, F, shiny|100/100
|switch|p2a: Farigiraf|Farigiraf, L50, F|100/100
|switch|p2b: Garchomp|Garchomp, L50, F|100/100
|turn|1
|
|t:|1782457338
|move|p1b: Toxapex|Baneful Bunker|p1b: Toxapex
|-singleturn|p1b: Toxapex|move: Protect
|move|p1a: Rotom|Will-O-Wisp|p2b: Garchomp
|-status|p2b: Garchomp|brn
|move|p2b: Garchomp|Stomping Tantrum|p1b: Toxapex
|-activate|p1b: Toxapex|move: Protect
|move|p2a: Farigiraf|Psychic|p1b: Toxapex
|-activate|p1b: Toxapex|move: Protect
|
|-damage|p2b: Garchomp|93/100 brn|[from] brn
|upkeep
|turn|2
|
|t:|1782457350
|switch|p1b: Incineroar|Incineroar, L50, M, shiny|100/100
|-ability|p1b: Incineroar|Intimidate|boost
|-unboost|p2a: Farigiraf|atk|1
|-unboost|p2b: Garchomp|atk|1
|move|p1a: Rotom|Will-O-Wisp|p2a: Farigiraf
|-status|p2a: Farigiraf|brn
|move|p2b: Garchomp|Stomping Tantrum|p1b: Incineroar
|-supereffective|p1b: Incineroar|1
|-damage|p1b: Incineroar|67/100
|-damage|p2b: Garchomp|84/100 brn|[from] item: Life Orb
|move|p2a: Farigiraf|Psychic|p1b: Incineroar
|-immune|p1b: Incineroar
|
|-damage|p2b: Garchomp|78/100 brn|[from] brn
|-damage|p2a: Farigiraf|94/100 brn|[from] brn
|upkeep
|turn|3
|
|t:|1782457368
|switch|p1a: Toxapex|Toxapex, L50, F, shiny|100/100
|move|p2b: Garchomp|Stomping Tantrum|p1b: Incineroar
|-supereffective|p1b: Incineroar|1
|-damage|p1b: Incineroar|33/100
|-enditem|p1b: Incineroar|Sitrus Berry|[eat]
|-heal|p1b: Incineroar|58/100|[from] item: Sitrus Berry
|-damage|p2b: Garchomp|68/100 brn|[from] item: Life Orb
|move|p1b: Incineroar|Parting Shot|p2a: Farigiraf
|-unboost|p2a: Farigiraf|atk|1
|-unboost|p2a: Farigiraf|spa|1
|
|t:|1782457375
|switch|p1b: Garchomp|Garchomp, L50, F|100/100|[from] Parting Shot
|move|p2a: Farigiraf|Psychic|p1a: Toxapex
|-supereffective|p1a: Toxapex|1
|-damage|p1a: Toxapex|60/100
|
|-heal|p1a: Toxapex|66/100|[from] item: Leftovers
|-damage|p2b: Garchomp|62/100 brn|[from] brn
|-damage|p2a: Farigiraf|88/100 brn|[from] brn
|upkeep
|turn|4
|
|t:|1782457388
|switch|p2b: Sylveon|Sylveon, L50, F|100/100
|move|p1a: Toxapex|Baneful Bunker|p1a: Toxapex
|-singleturn|p1a: Toxapex|move: Protect
|move|p1b: Garchomp|Earthquake|p2b: Sylveon|[spread] p2a,p2b
|-activate|p1a: Toxapex|move: Protect
|-damage|p2a: Farigiraf|47/100 brn
|-damage|p2b: Sylveon|45/100
|-enditem|p2a: Farigiraf|Sitrus Berry|[eat]
|-heal|p2a: Farigiraf|72/100 brn|[from] item: Sitrus Berry
|-damage|p1b: Garchomp|90/100|[from] item: Life Orb
|move|p2a: Farigiraf|Trick Room|p2a: Farigiraf
|-fieldstart|move: Trick Room|[of] p2a: Farigiraf
|
|-heal|p1a: Toxapex|71/100|[from] item: Leftovers
|-damage|p2a: Farigiraf|66/100 brn|[from] brn
|upkeep
|turn|5
|
|t:|1782457406
|switch|p1b: Rotom|Rotom-Heat, L50, shiny|100/100
|move|p1a: Toxapex|Toxic|p2b: Sylveon
|-status|p2b: Sylveon|tox
|move|p2b: Sylveon|Hyper Beam|p1b: Rotom
|-resisted|p1b: Rotom|1
|-damage|p1b: Rotom|37/100
|-mustrecharge|p2b: Sylveon
|move|p2a: Farigiraf|Roar|p2b: Sylveon
|drag|p2b: Garchomp|Garchomp, L50, F|62/100 brn
|
|-heal|p1a: Toxapex|77/100|[from] item: Leftovers
|-damage|p2a: Farigiraf|60/100 brn|[from] brn
|-damage|p2b: Garchomp|56/100 brn|[from] brn
|upkeep
|turn|6
|
|t:|1782457433
|switch|p1b: Incineroar|Incineroar, L50, M, shiny|58/100
|-ability|p1b: Incineroar|Intimidate|boost
|-unboost|p2a: Farigiraf|atk|1
|-unboost|p2b: Garchomp|atk|1
|move|p1a: Toxapex|Infestation|p2a: Farigiraf
|-supereffective|p2a: Farigiraf|1
|-damage|p2a: Farigiraf|55/100 brn
|-activate|p2a: Farigiraf|move: Infestation|[of] p1a: Toxapex
|move|p2a: Farigiraf|Psychic|p1a: Toxapex
|-supereffective|p1a: Toxapex|1
|-damage|p1a: Toxapex|42/100
|move|p2b: Garchomp|Stomping Tantrum|p1a: Toxapex
|-supereffective|p1a: Toxapex|1
|-damage|p1a: Toxapex|21/100
|-damage|p2b: Garchomp|46/100 brn|[from] item: Life Orb
|
|-heal|p1a: Toxapex|27/100|[from] item: Leftovers
|-damage|p2a: Farigiraf|49/100 brn|[from] brn
|-damage|p2b: Garchomp|40/100 brn|[from] brn
|-damage|p2a: Farigiraf|36/100 brn|[from] move: Infestation|[partiallytrapped]
|upkeep
|turn|7
|
|t:|1782457457
|-heal|p1a: Toxapex|60/100|[from] ability: Regenerator|[silent]
|switch|p1a: Rotom|Rotom-Heat, L50, shiny|37/100
|switch|p2b: Charizard|Charizard, L50, M|100/100
|move|p2a: Farigiraf|Psychic|p1a: Rotom
|-damage|p1a: Rotom|11/100
|move|p1b: Incineroar|Parting Shot|p2b: Charizard
|-unboost|p2b: Charizard|atk|1
|-unboost|p2b: Charizard|spa|1
|
|t:|1782457467
|switch|p1b: Garchomp|Garchomp, L50, F|90/100|[from] Parting Shot
|
|-damage|p2a: Farigiraf|30/100 brn|[from] brn
|-end|p2a: Farigiraf|Infestation|[partiallytrapped]|[silent]
|upkeep
|turn|8
|
|t:|1782457475
|detailschange|p2b: Charizard|Charizard-Mega-Y, L50, M
|-mega|p2b: Charizard|Charizard|Charizardite Y
|-weather|SunnyDay|[from] ability: Drought|[of] p2b: Charizard
|move|p2b: Charizard|Heat Wave|p1b: Garchomp|[spread] p1a
|-miss|p2b: Charizard|p1b: Garchomp
|-resisted|p1a: Rotom|1
|-damage|p1a: Rotom|0 fnt
|faint|p1a: Rotom
|move|p1b: Garchomp|Rock Slide|p2b: Charizard|[spread] p2a
|-miss|p1b: Garchomp|p2b: Charizard
|-damage|p2a: Farigiraf|11/100 brn
|-damage|p1b: Garchomp|80/100|[from] item: Life Orb
|move|p2a: Farigiraf|Roar|p1b: Garchomp
|drag|p1b: Toxapex|Toxapex, L50, F, shiny|60/100
|
|-weather|SunnyDay|[upkeep]
|-heal|p1b: Toxapex|66/100|[from] item: Leftovers
|-damage|p2a: Farigiraf|5/100 brn|[from] brn
|-fieldend|move: Trick Room
|upkeep
|
|t:|1782457488
|switch|p1a: Garchomp|Garchomp, L50, F|80/100
|turn|9
|
|t:|1782457508
|switch|p2b: Sylveon|Sylveon, L50, F|45/100 tox
|move|p1a: Garchomp|Rock Slide|p2a: Farigiraf|[spread] p2a,p2b
|-damage|p2a: Farigiraf|0 fnt
|-damage|p2b: Sylveon|17/100 tox
|faint|p2a: Farigiraf
|-damage|p1a: Garchomp|70/100|[from] item: Life Orb
|move|p1b: Toxapex|Infestation|p2b: Sylveon
|-resisted|p2b: Sylveon|1
|-damage|p2b: Sylveon|16/100 tox
|-activate|p2b: Sylveon|move: Infestation|[of] p1b: Toxapex
|
|-weather|SunnyDay|[upkeep]
|-heal|p1b: Toxapex|71/100|[from] item: Leftovers
|-damage|p2b: Sylveon|10/100 tox|[from] psn
|-damage|p2b: Sylveon|0 fnt|[from] move: Infestation|[partiallytrapped]
|faint|p2b: Sylveon
|upkeep
|
|t:|1782457514
|switch|p2b: Garchomp|Garchomp, L50, F|40/100 brn
|switch|p2a: Charizard|Charizard-Mega-Y, L50, M|100/100
|turn|10
|
|t:|1782457525
|-heal|p1b: Toxapex|100/100|[from] ability: Regenerator|[silent]
|switch|p1b: Incineroar|Incineroar, L50, M, shiny|58/100
|-ability|p1b: Incineroar|Intimidate|boost
|-unboost|p2a: Charizard|atk|1
|-unboost|p2b: Garchomp|atk|1
|move|p1a: Garchomp|Dragon Claw|p2b: Garchomp
|-supereffective|p2b: Garchomp|1
|-damage|p2b: Garchomp|0 fnt
|-damage|p1a: Garchomp|58/100|[from] ability: Rough Skin|[of] p2b: Garchomp
|faint|p2b: Garchomp
|-damage|p1a: Garchomp|48/100|[from] item: Life Orb
|move|p2a: Charizard|Solar Beam||[still]
|-prepare|p2a: Charizard|Solar Beam
|-anim|p2a: Charizard|Solar Beam|p1b: Incineroar
|-resisted|p1b: Incineroar|1
|-damage|p1b: Incineroar|41/100
|
|-weather|SunnyDay|[upkeep]
|upkeep
|turn|11
|-message|wan tun forfeited.
|
|win|thisisaladderteam
|raw|thisisaladderteam's rating: 1219 → 1241(+22 for winning)
|raw|wan tun's rating: 1176 → 1154(-22 for losing)
