|j|☆warni
|j|☆guillelona
|html|warniguillelona    
|uhtml|bestof|Game 3 of a best-of-3
|t:|1785081271
|gametype|doubles
|player|p1|warni|steven|1106
|player|p2|guillelona|2|1277
|gen|9
|tier|[Gen 9 Champions] VGC 2026 Reg M-B (Bo3)
|rated|
|rule|Species Clause: Limit one of each Pokémon
|rule|Item Clause: Limit 1 of each item
|clearpoke
|poke|p1|Raichu, L50, M|
|poke|p1|Incineroar, L50, F, shiny|
|poke|p1|Whimsicott, L50, M, shiny|
|poke|p1|Charizard, L50, M, shiny|
|poke|p1|Mamoswine, L50, M|
|poke|p1|Venusaur, L50, F|
|poke|p2|Vivillon-Tundra, L50, M|
|poke|p2|Mawile, L50, F|
|poke|p2|Torkoal, L50, F|
|poke|p2|Farigiraf, L50, M|
|poke|p2|Garchomp, L50, F|
|poke|p2|Raichu, L50, M|
|teampreview|4
|showteam|p1|Raichu||RaichuniteY|LightningRod|ZapCannon,FakeOut,Protect,FocusBlast|Modest||M|||50|]Incineroar||SitrusBerry|Intimidate|FakeOut,PartingShot,ThroatChop,FlareBlitz|Adamant||F|||50|]Whimsicott||FocusSash|Prankster|Protect,Moonblast,SunnyDay,Tailwind|Bold||M|||50|]Charizard||CharizarditeY|Blaze|HeatWave,SolarBeam,Protect,AirSlash|Timid||M|||50|]Mamoswine||NeverMeltIce|Oblivious|IceShard,Protect,HighHorsepower,IcicleCrash|Jolly||M|||50|]Venusaur||LifeOrb|Chlorophyll|SludgeBomb,EnergyBall,EarthPower,Protect|Modest||F|||50|
|showteam|p2|Vivillon-Tundra||FocusSash|CompoundEyes|Hurricane,SleepPowder,RagePowder,Protect|Timid||M|||50|]Mawile||Mawilite|Intimidate|PlayRough,RockSlide,SuckerPunch,Protect|Adamant||F|||50|]Torkoal||Charcoal|Drought|Eruption,WeatherBall,Protect,EarthPower|Quiet||F|||50|]Farigiraf||SitrusBerry|ArmorTail|Psychic,Thunderbolt,TrickRoom,HelpingHand|Relaxed||M|||50|]Garchomp||LifeOrb|RoughSkin|DragonClaw,Earthquake,RockSlide,Protect|Jolly||F|||50|]Raichu||RaichuniteY|LightningRod|ZapCannon,FocusBlast,FakeOut,Protect|Timid||M|||50|
|inactive|Battle timer is ON: inactive players will automatically lose when time's up. (requested by warni)
|
|t:|1785081297
|teamsize|p1|4
|teamsize|p2|4
|start
|switch|p1a: Venusaur|Venusaur, L50, F|100/100
|switch|p1b: Charizard|Charizard, L50, M, shiny|100/100
|switch|p2a: Vivillon|Vivillon-Tundra, L50, M|100/100
|switch|p2b: Raichu|Raichu, L50, M|100/100
|turn|1
|inactive|guillelona has 30 seconds left.
|inactive|guillelona has 20 seconds left.
|inactive|guillelona has 15 seconds left.
|inactive|guillelona has 10 seconds left.
|inactive|guillelona has 5 seconds left.
|
|t:|1785081352
|switch|p1b: Mamoswine|Mamoswine, L50, M|100/100
|move|p2b: Raichu|Zap Cannon|p1a: Venusaur
|-resisted|p1a: Venusaur|1
|-damage|p1a: Venusaur|81/100
|-status|p1a: Venusaur|par
|move|p2a: Vivillon|Hurricane|p1a: Venusaur
|-supereffective|p1a: Venusaur|1
|-damage|p1a: Venusaur|0 fnt
|faint|p1a: Venusaur
|
|upkeep
|
|t:|1785081367
|switch|p1a: Incineroar|Incineroar, L50, F, shiny|100/100
|-ability|p1a: Incineroar|Intimidate|boost
|-unboost|p2a: Vivillon|atk|1
|-unboost|p2b: Raichu|atk|1
|turn|2
|
|t:|1785081384
|detailschange|p2b: Raichu|Raichu-Mega-Y, L50, M
|-mega|p2b: Raichu|Raichu|Raichunite Y
|move|p2b: Raichu|Protect|p2b: Raichu
|-singleturn|p2b: Raichu|Protect
|move|p1a: Incineroar|Fake Out|p2a: Vivillon
|-damage|p2a: Vivillon|75/100
|move|p1b: Mamoswine|Ice Shard|p2a: Vivillon
|-supereffective|p2a: Vivillon|1
|-damage|p2a: Vivillon|0 fnt
|faint|p2a: Vivillon
|
|upkeep
|
|t:|1785081393
|switch|p2a: Farigiraf|Farigiraf, L50, M|100/100
|turn|3
|
|t:|1785081417
|move|p2a: Farigiraf|Helping Hand|p2b: Raichu
|-singleturn|p2b: Raichu|Helping Hand|[of] p2a: Farigiraf
|move|p2b: Raichu|Focus Blast|p1b: Mamoswine
|-supereffective|p1b: Mamoswine|1
|-damage|p1b: Mamoswine|0 fnt
|faint|p1b: Mamoswine
|move|p1a: Incineroar|Flare Blitz|p2b: Raichu
|-damage|p2b: Raichu|27/100
|-damage|p1a: Incineroar|80/100|[from] Recoil
|
|upkeep
|
|t:|1785081425
|switch|p1b: Charizard|Charizard, L50, M, shiny|100/100
|turn|4
|
|t:|1785081439
|switch|p2a: Garchomp|Garchomp, L50, F|100/100
|detailschange|p1b: Charizard|Charizard-Mega-Y, L50, M, shiny
|-mega|p1b: Charizard|Charizard|Charizardite Y
|-weather|SunnyDay|[from] ability: Drought|[of] p1b: Charizard
|move|p2b: Raichu|Protect|p2b: Raichu
|-singleturn|p2b: Raichu|Protect
|move|p1b: Charizard|Protect|p1b: Charizard
|-singleturn|p1b: Charizard|Protect
|move|p1a: Incineroar|Flare Blitz|p2b: Raichu
|-activate|p2b: Raichu|move: Protect
|
|-weather|SunnyDay|[upkeep]
|upkeep
|turn|5
|
|t:|1785081463
|move|p1b: Charizard|Protect||[still]
|-fail|p1b: Charizard
|move|p2b: Raichu|Zap Cannon|p1a: Incineroar
|-damage|p1a: Incineroar|38/100
|-status|p1a: Incineroar|par
|-enditem|p1a: Incineroar|Sitrus Berry|[eat]
|-heal|p1a: Incineroar|62/100 par|[from] item: Sitrus Berry
|move|p2a: Garchomp|Rock Slide|p1b: Charizard|[spread] p1a,p1b
|-supereffective|p1a: Incineroar|1
|-supereffective|p1b: Charizard|2
|-damage|p1a: Incineroar|12/100 par
|-damage|p1b: Charizard|0 fnt
|faint|p1b: Charizard
|-damage|p2a: Garchomp|90/100|[from] item: Life Orb
|move|p1a: Incineroar|Flare Blitz|p2b: Raichu
|-damage|p2b: Raichu|0 fnt
|faint|p2b: Raichu
|-damage|p1a: Incineroar|5/100 par|[from] Recoil
|
|-weather|SunnyDay|[upkeep]
|upkeep
|
|t:|1785081477
|switch|p2b: Farigiraf|Farigiraf, L50, M|100/100
|turn|6
|-message|warni forfeited.
|
|win|guillelona
|raw|warni's rating: 1106 → 1092(-14 for losing)
|raw|guillelona's rating: 1277 → 1291(+14 for winning)
|l|☆warni
|player|p1|
|l|☆guillelona
|player|p2|
|j|☆guillelona
|player|p2|guillelona|2|
