|j|☆IrisQ
|j|☆r00mservice7
|html|IrisQr00mservice7    
|uhtml|bestof|Game 1 of a best-of-3
|t:|1785237728
|gametype|doubles
|player|p1|IrisQ|akari|1252
|player|p2|r00mservice7|266|1294
|gen|9
|tier|[Gen 9 Champions] VGC 2026 Reg M-B (Bo3)
|rated|
|rule|Species Clause: Limit one of each Pokémon
|rule|Item Clause: Limit 1 of each item
|clearpoke
|poke|p1|Delphox, L50, F|
|poke|p1|Annihilape, L50, M|
|poke|p1|Rotom-Wash, L50|
|poke|p1|Ninetales-Alola, L50, F, shiny|
|poke|p1|Incineroar, L50, F, shiny|
|poke|p1|Kingambit, L50, M, shiny|
|poke|p2|Staraptor, L50, M|
|poke|p2|Tyranitar, L50, M|
|poke|p2|Excadrill, L50, M|
|poke|p2|Gholdengo, L50|
|poke|p2|Milotic, L50, F|
|poke|p2|Tsareena, L50, F|
|teampreview|4
|showteam|p1|Delphox||Delphoxite|Blaze|HeatWave,Psychic,Encore,Protect|Timid||F|||50|]Annihilape||FocusSash|Defiant|CloseCombat,PhantomForce,Taunt,Protect|Jolly||M|||50|]Rotom-Wash||SitrusBerry|Levitate|HydroPump,VoltSwitch,WillOWisp,LightScreen|Bold|||||50|]Ninetales-Alola||LifeOrb|SnowWarning|Blizzard,Moonblast,FreezeDry,Protect|Timid||F|||50|]Incineroar||PasshoBerry|Intimidate|FlareBlitz,Snarl,FakeOut,PartingShot|Impish||F|||50|]Kingambit||BlackGlasses|Defiant|KowtowCleave,SuckerPunch,IronHead,Protect|Adamant||M|||50|
|showteam|p2|Staraptor||Staraptite|Intimidate|BraveBird,CloseCombat,Tailwind,Protect|Jolly||M|||50|]Tyranitar||Tyranitarite|SandStream|RockSlide,KnockOff,DragonDance,Protect|Jolly||M|||50|]Excadrill||FocusSash|SandRush|HighHorsepower,IronHead,RockSlide,Protect|Adamant||M|||50|]Gholdengo||LifeOrb|GoodasGold|MakeItRain,ShadowBall,NastyPlot,Protect|Modest|||||50|]Milotic||SitrusBerry|Competitive|Scald,IcyWind,IceBeam,Protect|Calm||F|||50|]Tsareena||ExpertBelt|QueenlyMajesty|TropKick,LowKick,Taunt,Protect|Adamant||F|||50|
|inactive|Battle timer is ON: inactive players will automatically lose when time's up. (requested by IrisQ)
|inactive|r00mservice7 has 60 seconds left.
|inactive|r00mservice7 has 30 seconds left.
|
|t:|1785237791
|teamsize|p1|4
|teamsize|p2|4
|start
|switch|p1a: Serana|Delphox, L50, F|100/100
|switch|p1b: Pugliest|Annihilape, L50, M|100/100
|switch|p2a: Milotic|Milotic, L50, F|100/100
|switch|p2b: Excadrill|Excadrill, L50, M|100/100
|turn|1
|inactive|r00mservice7 has 30 seconds left.
|
|t:|1785237823
|detailschange|p1a: Serana|Delphox-Mega, L50, F
|-mega|p1a: Serana|Delphox|Delphoxite
|move|p2b: Excadrill|Protect|p2b: Excadrill
|-singleturn|p2b: Excadrill|Protect
|move|p1a: Serana|Heat Wave|p2b: Excadrill|[spread] p2a
|-activate|p2b: Excadrill|move: Protect
|-resisted|p2a: Milotic|1
|-damage|p2a: Milotic|88/100
|-status|p2a: Milotic|brn
|move|p1b: Pugliest|Close Combat|p2a: Milotic
|-damage|p2a: Milotic|37/100 brn
|-unboost|p1b: Pugliest|def|1
|-unboost|p1b: Pugliest|spd|1
|-enditem|p2a: Milotic|Sitrus Berry|[eat]
|-heal|p2a: Milotic|62/100 brn|[from] item: Sitrus Berry
|move|p2a: Milotic|Scald|p1b: Pugliest
|-damage|p1b: Pugliest|57/100
|-status|p1b: Pugliest|brn
|
|-damage|p1b: Pugliest|51/100 brn|[from] brn
|-damage|p2a: Milotic|56/100 brn|[from] brn
|upkeep
|turn|2
|inactive|r00mservice7 has 30 seconds left.
|inactive|r00mservice7 has 20 seconds left.
|inactive|r00mservice7 has 15 seconds left.
|inactive|r00mservice7 has 10 seconds left.
|
|t:|1785237872
|switch|p2a: Tyranitar|Tyranitar, L50, M|100/100
|-weather|Sandstorm|[from] ability: Sand Stream|[of] p2a: Tyranitar
|move|p2b: Excadrill|High Horsepower|p1b: Pugliest
|-damage|p1b: Pugliest|0 fnt
|faint|p1b: Pugliest
|move|p1a: Serana|Heat Wave|p2a: Tyranitar|[spread] p2a,p2b
|-resisted|p2a: Tyranitar|1
|-supereffective|p2b: Excadrill|1
|-damage|p2a: Tyranitar|88/100
|-damage|p2b: Excadrill|3/100
|
|-weather|Sandstorm|[upkeep]
|-damage|p1a: Serana|93/100|[from] Sandstorm
|upkeep
|
|t:|1785237889
|switch|p1b: Dovahkiin|Ninetales-Alola, L50, F, shiny|100/100
|-weather|Snowscape|[from] ability: Snow Warning|[of] p1b: Dovahkiin
|turn|3
|
|t:|1785237904
|switch|p1b: Blade|Kingambit, L50, M, shiny|100/100
|detailschange|p2a: Tyranitar|Tyranitar-Mega, L50, M
|-mega|p2a: Tyranitar|Tyranitar|Tyranitarite
|-weather|Sandstorm|[from] ability: Sand Stream|[of] p2a: Tyranitar
|move|p1a: Serana|Protect|p1a: Serana
|-singleturn|p1a: Serana|Protect
|move|p2b: Excadrill|Iron Head|p1b: Blade
|-resisted|p1b: Blade|1
|-crit|p1b: Blade
|-damage|p1b: Blade|70/100
|move|p2a: Tyranitar|Rock Slide|p1a: Serana|[spread] p1b
|-activate|p1a: Serana|move: Protect
|-resisted|p1b: Blade|1
|-damage|p1b: Blade|57/100
|
|-weather|Sandstorm|[upkeep]
|-damage|p1a: Serana|87/100|[from] Sandstorm
|upkeep
|turn|4
|inactive|r00mservice7 has 30 seconds left.
|
|t:|1785237934
|switch|p1b: Dovahkiin|Ninetales-Alola, L50, F, shiny|100/100
|-weather|Snowscape|[from] ability: Snow Warning|[of] p1b: Dovahkiin
|move|p1a: Serana|Heat Wave|p2b: Excadrill|[spread] p2a,p2b
|-resisted|p2a: Tyranitar|1
|-supereffective|p2b: Excadrill|1
|-damage|p2a: Tyranitar|73/100
|-damage|p2b: Excadrill|0 fnt
|faint|p2b: Excadrill
|move|p2a: Tyranitar|Dragon Dance|p2a: Tyranitar
|-boost|p2a: Tyranitar|atk|1
|-boost|p2a: Tyranitar|spe|1
|
|-weather|Snowscape|[upkeep]
|upkeep
|
|t:|1785237952
|switch|p2b: Staraptor|Staraptor, L50, M|100/100
|-ability|p2b: Staraptor|Intimidate|boost
|-unboost|p1a: Serana|atk|1
|-unboost|p1b: Dovahkiin|atk|1
|turn|5
|inactive|r00mservice7 has 30 seconds left.
|
|t:|1785237978
|move|p2b: Staraptor|Protect|p2b: Staraptor
|-singleturn|p2b: Staraptor|Protect
|move|p2a: Tyranitar|Rock Slide|p1b: Dovahkiin|[spread] p1a,p1b
|-supereffective|p1a: Serana|1
|-supereffective|p1b: Dovahkiin|1
|-damage|p1a: Serana|0 fnt
|-damage|p1b: Dovahkiin|0 fnt
|faint|p1a: Serana
|faint|p1b: Dovahkiin
|
|-weather|Snowscape|[upkeep]
|upkeep
|-message|IrisQ forfeited.
|
|win|r00mservice7
|l|☆IrisQ
|player|p1|
|j|☆IrisQ
|player|p1|IrisQ|akari|
||IrisQ is ready for game 2.
||r00mservice7 is ready for game 2.
|uhtml|next|Next: Game 2 of 3
|l|☆IrisQ
|player|p1|
