|j|☆CrisZaldivar
|j|☆julielovesfroslass
|html|CrisZaldivarjulielovesfroslass    
|uhtml|bestof|Game 1 of a best-of-3
|t:|1784669707
|gametype|doubles
|player|p1|CrisZaldivar|2|1068
|player|p2|julielovesfroslass|waitress|1165
|gen|9
|tier|[Gen 9 Champions] VGC 2026 Reg M-B (Bo3)
|rated|
|rule|Species Clause: Limit one of each Pokémon
|rule|Item Clause: Limit 1 of each item
|clearpoke
|poke|p1|Aerodactyl, L50, F, shiny|
|poke|p1|Garchomp, L50, F, shiny|
|poke|p1|Kingambit, L50, F, shiny|
|poke|p1|Charizard, L50, M, shiny|
|poke|p1|Sylveon, L50, F, shiny|
|poke|p1|Farigiraf, L50, F, shiny|
|poke|p2|Charizard, L50, F, shiny|
|poke|p2|Metagross, L50|
|poke|p2|Hydreigon, L50, M|
|poke|p2|Incineroar, L50, M|
|poke|p2|Toxapex, L50, F|
|poke|p2|Annihilape, L50, M|
|teampreview|4
|showteam|p1|Aerodactyl||Aerodactylite|Unnerve|IceFang,RockSlide,Tailwind,DualWingbeat|Jolly||F|||50|]Garchomp||LifeOrb|RoughSkin|DragonClaw,RockSlide,Earthquake,Protect|Jolly||F|||50|]Kingambit||FocusSash|Defiant|SuckerPunch,KowtowCleave,IronHead,LowKick|Adamant||F|||50|]Charizard||CharizarditeY|SolarPower|Protect,WeatherBall,HeatWave,SolarBeam|Modest||M|||50|]Sylveon||FairyFeather|Pixilate|Protect,HyperVoice,HyperBeam,QuickAttack|Modest||F|||50|]Farigiraf||SitrusBerry|ArmorTail|TrickRoom,Thunderbolt,Roar,Psychic|Bold||F|||50|
|showteam|p2|Charizard||CharizarditeY|Blaze|HeatWave,WeatherBall,SolarBeam,Protect|Modest||F|||50|]Metagross||Metagrossite|ClearBody|PsychicFangs,BulletPunch,IcePunch,Protect|Jolly|||||50|]Hydreigon||ChoiceScarf|Levitate|DarkPulse,DracoMeteor,Snarl,EarthPower|Modest||M|||50|]Incineroar||SitrusBerry|Intimidate|FlareBlitz,ThroatChop,PartingShot,FakeOut|Impish||M|||50|]Toxapex||Leftovers|Regenerator|Infestation,Toxic,WideGuard,BanefulBunker|Relaxed||F|||50|]Annihilape||FocusSash|Defiant|PhantomForce,CloseCombat,RockTomb,Protect|Jolly||M|||50|
|inactive|Battle timer is ON: inactive players will automatically lose when time's up. (requested by julielovesfroslass)
|inactive|CrisZaldivar has 60 seconds left.
|inactive|julielovesfroslass has 60 seconds left.
|
|t:|1784669768
|teamsize|p1|4
|teamsize|p2|4
|start
|switch|p1a: Charizard|Charizard, L50, M, shiny|100/100
|switch|p1b: Kingambit|Kingambit, L50, F, shiny|100/100
|switch|p2a: Charizard|Charizard, L50, F, shiny|100/100
|switch|p2b: Incineroar|Incineroar, L50, M|100/100
|-ability|p2b: Incineroar|Intimidate|boost
|-unboost|p1a: Charizard|atk|1
|-unboost|p1b: Kingambit|atk|1
|-ability|p1b: Kingambit|Defiant|boost
|-boost|p1b: Kingambit|atk|2
|turn|1
|
|t:|1784669793
|switch|p1a: Farigiraf|Farigiraf, L50, F, shiny|100/100
|detailschange|p2a: Charizard|Charizard-Mega-Y, L50, F, shiny
|-mega|p2a: Charizard|Charizard|Charizardite Y
|-weather|SunnyDay|[from] ability: Drought|[of] p2a: Charizard
|move|p2a: Charizard|Heat Wave|p1a: Farigiraf|[spread] p1a,p1b
|-supereffective|p1b: Kingambit|1
|-damage|p1a: Farigiraf|42/100
|-enditem|p1b: Kingambit|Focus Sash
|-damage|p1b: Kingambit|1/100
|-enditem|p1a: Farigiraf|Sitrus Berry|[eat]
|-heal|p1a: Farigiraf|67/100|[from] item: Sitrus Berry
|move|p1b: Kingambit|Kowtow Cleave|p2a: Charizard
|-damage|p2a: Charizard|25/100
|move|p2b: Incineroar|Throat Chop|p1a: Farigiraf
|-supereffective|p1a: Farigiraf|1
|-damage|p1a: Farigiraf|18/100
|-start|p1a: Farigiraf|Throat Chop|[silent]
|
|-weather|SunnyDay|[upkeep]
|upkeep
|turn|2
|inactive|CrisZaldivar has 30 seconds left.
|inactive|julielovesfroslass has 30 seconds left.
|inactive|CrisZaldivar has 20 seconds left.
|inactive|CrisZaldivar has 15 seconds left.
|inactive|CrisZaldivar has 10 seconds left.
|inactive|julielovesfroslass has 20 seconds left.
|
|t:|1784669840
|move|p2a: Charizard|Heat Wave|p1a: Farigiraf|[spread] p1a,p1b
|-supereffective|p1b: Kingambit|1
|-damage|p1a: Farigiraf|0 fnt
|-damage|p1b: Kingambit|0 fnt
|faint|p1a: Farigiraf
|faint|p1b: Kingambit
|move|p2b: Incineroar|Throat Chop|p1: Farigiraf|[notarget]
|-fail|p2b: Incineroar
|
|-weather|SunnyDay|[upkeep]
|upkeep
|
|t:|1784669849
|switch|p1b: Sylveon|Sylveon, L50, F, shiny|100/100
|switch|p1a: Charizard|Charizard, L50, M, shiny|100/100
|turn|3
|
|t:|1784669855
|detailschange|p1a: Charizard|Charizard-Mega-Y, L50, M, shiny
|-mega|p1a: Charizard|Charizard|Charizardite Y
|move|p2a: Charizard|Protect|p2a: Charizard
|-singleturn|p2a: Charizard|Protect
|move|p1a: Charizard|Heat Wave|p2a: Charizard|[spread] p2b
|-activate|p2a: Charizard|move: Protect
|-resisted|p2b: Incineroar|1
|-damage|p2b: Incineroar|70/100
|move|p1b: Sylveon|Hyper Voice|p2a: Charizard|[spread] p2b
|-activate|p2a: Charizard|move: Protect
|-damage|p2b: Incineroar|20/100y
|-enditem|p2b: Incineroar|Sitrus Berry|[eat]
|-heal|p2b: Incineroar|45/100|[from] item: Sitrus Berry
|move|p2b: Incineroar|Parting Shot|p1b: Sylveon
|-unboost|p1b: Sylveon|atk|1
|-unboost|p1b: Sylveon|spa|1
|
|t:|1784669869
|switch|p2b: Toxapex|Toxapex, L50, F|100/100|[from] Parting Shot
|
|-weather|SunnyDay|[upkeep]
|upkeep
|turn|4
|
|t:|1784669891
|move|p2a: Charizard|Weather Ball|p1b: Sylveon
|-damage|p1b: Sylveon|31/100
|move|p1a: Charizard|Heat Wave|p2a: Charizard|[spread] p2a,p2b
|-resisted|p2a: Charizard|1
|-resisted|p2b: Toxapex|1
|-damage|p2a: Charizard|0 fnt
|-damage|p2b: Toxapex|78/100
|faint|p2a: Charizard
|move|p1b: Sylveon|Hyper Voice|p2b: Toxapex
|-resisted|p2b: Toxapex|1
|-crit|p2b: Toxapex
|-damage|p2b: Toxapex|40/100
|move|p2b: Toxapex|Toxic|p1b: Sylveon
|-status|p1b: Sylveon|tox
|
|-weather|SunnyDay|[upkeep]
|-heal|p2b: Toxapex|46/100|[from] item: Leftovers
|-damage|p1b: Sylveon|25/100 tox|[from] psn
|upkeep
|
|t:|1784669906
|switch|p2a: Hydreigon|Hydreigon, L50, M|100/100
|turn|5
|
|t:|1784669925
|switch|p2a: Incineroar|Incineroar, L50, M|45/100
|-ability|p2a: Incineroar|Intimidate|boost
|-unboost|p1a: Charizard|atk|1
|-unboost|p1b: Sylveon|atk|1
|move|p1a: Charizard|Heat Wave|p2b: Toxapex|[spread] p2a,p2b
|-resisted|p2a: Incineroar|1
|-crit|p2a: Incineroar
|-resisted|p2b: Toxapex|1
|-damage|p2a: Incineroar|0 fnt
|-damage|p2b: Toxapex|23/100
|faint|p2a: Incineroar
|move|p1b: Sylveon|Hyper Voice|p2b: Toxapex
|-resisted|p2b: Toxapex|1
|-damage|p2b: Toxapex|7/100
|move|p2b: Toxapex|Toxic|p1a: Charizard
|-status|p1a: Charizard|tox
|
|-weather|none
|-heal|p2b: Toxapex|12/100|[from] item: Leftovers
|-damage|p1a: Charizard|93/100 tox|[from] psn
|-damage|p1b: Sylveon|12/100 tox|[from] psn
|upkeep
|
|t:|1784669933
|switch|p2a: Hydreigon|Hydreigon, L50, M|100/100
|turn|6
|
|t:|1784669952
|move|p2b: Toxapex|Baneful Bunker|p2b: Toxapex
|-singleturn|p2b: Toxapex|move: Protect
|move|p1b: Sylveon|Quick Attack|p2a: Hydreigon
|-supereffective|p2a: Hydreigon|2
|-damage|p2a: Hydreigon|70/100
|move|p2a: Hydreigon|Dark Pulse|p1b: Sylveon
|-resisted|p1b: Sylveon|1
|-damage|p1b: Sylveon|0 fnt
|faint|p1b: Sylveon
|move|p1a: Charizard|Heat Wave|p2b: Toxapex|[spread] p2a
|-activate|p2b: Toxapex|move: Protect
|-resisted|p2a: Hydreigon|1
|-damage|p2a: Hydreigon|48/100
|-status|p2a: Hydreigon|brn
|
|-heal|p2b: Toxapex|18/100|[from] item: Leftovers
|-damage|p1a: Charizard|81/100 tox|[from] psn
|-damage|p2a: Hydreigon|42/100 brn|[from] brn
|upkeep
|turn|7
|
|t:|1784669970
|move|p2b: Toxapex|Wide Guard|p2b: Toxapex
|-singleturn|p2b: Toxapex|Wide Guard
|move|p2a: Hydreigon|Dark Pulse|p1a: Charizard
|-damage|p1a: Charizard|44/100 tox
|move|p1a: Charizard|Heat Wave|p2a: Hydreigon|[spread] 
|-activate|p2a: Hydreigon|move: Wide Guard
|-activate|p2b: Toxapex|move: Wide Guard
|
|-heal|p2b: Toxapex|24/100|[from] item: Leftovers
|-damage|p1a: Charizard|26/100 tox|[from] psn
|-damage|p2a: Hydreigon|37/100 brn|[from] brn
|upkeep
|turn|8
|
|t:|1784669984
|move|p2b: Toxapex|Wide Guard|p2b: Toxapex
|-singleturn|p2b: Toxapex|Wide Guard
|move|p2a: Hydreigon|Dark Pulse|p1a: Charizard
|-damage|p1a: Charizard|0 fnt
|faint|p1a: Charizard
|
|win|julielovesfroslass
||julielovesfroslass is ready for game 2.
