|j|☆sturmkitten69
|j|☆javichicaino
|html|sturmkitten69javichicaino    
|uhtml|bestof|Game 1 of a best-of-3
|t:|1782202866
|gametype|doubles
|player|p1|sturmkitten69|fisherman-gen4|1052
|player|p2|javichicaino|266|1109
|gen|9
|tier|[Gen 9 Champions] VGC 2026 Reg M-B (Bo3)
|rated|
|rule|Species Clause: Limit one of each Pokémon
|rule|Item Clause: Limit 1 of each item
|clearpoke
|poke|p1|Rotom-Heat, L50|
|poke|p1|Swampert, L50, M, shiny|
|poke|p1|Archaludon, L50, M|
|poke|p1|Pelipper, L50, F|
|poke|p1|Sneasler, L50, F|
|poke|p1|Sinistcha, L50|
|poke|p2|Tyranitar, L50, F|
|poke|p2|Annihilape, L50, M|
|poke|p2|Whimsicott, L50, F|
|poke|p2|Gholdengo, L50|
|poke|p2|Rotom-Wash, L50|
|poke|p2|Sceptile, L50, M|
|teampreview|4
|showteam|p1|Rotom-Heat||ChoiceScarf|Levitate|Overheat,VoltSwitch,Thunderbolt,WillOWisp|Timid|||||50|]Swampert||Swampertite|Damp|Protect,IcePunch,Liquidation,Earthquake|Adamant||M|||50|]Archaludon||Leftovers|Stamina|DragonPulse,Protect,ElectroShot,FlashCannon|Modest||M|||50|]Pelipper||FocusSash|Drizzle|Protect,WeatherBall,Hurricane,Tailwind|Modest||F|||50|]Sneasler||LifeOrb|PoisonTouch|DireClaw,FakeOut,Protect,BrickBreak|Adamant||F|||50|]Sinistcha||SitrusBerry|Hospitality|Protect,MatchaGotcha,RagePowder,LifeDew|Bold|||||50|
|showteam|p2|Tyranitar||Tyranitarite|SandStream|RockSlide,KnockOff,IcePunch,Protect|Adamant||F|||50|]Annihilape||SitrusBerry|Defiant|RageFist,DrainPunch,BulkUp,Protect|Careful||M|||50|]Whimsicott||FairyFeather|Prankster|BeatUp,Tailwind,Moonblast,Encore|Timid||F|||50|]Gholdengo||LifeOrb|GoodasGold|MakeItRain,ShadowBall,NastyPlot,Protect|Timid|||||50|]Rotom-Wash||ChoiceScarf|Levitate|Discharge,VoltSwitch,HydroPump,WillOWisp|Timid|||||50|]Sceptile||Sceptilite|Overgrow|DragonPulse,EarthPower,LeafStorm,Protect|Timid||M|||50|
|
|t:|1782202977
|teamsize|p1|4
|teamsize|p2|4
|start
|switch|p1a: Rotom|Rotom-Heat, L50|100/100
|switch|p1b: Archaludon|Archaludon, L50, M|100/100
|switch|p2a: Rotom|Rotom-Wash, L50|100/100
|switch|p2b: Sceptile|Sceptile, L50, M|100/100
|turn|1
|inactive|Battle timer is ON: inactive players will automatically lose when time's up. (requested by javichicaino)
|
|t:|1782203002
|detailschange|p2b: Sceptile|Sceptile-Mega, L50, M
|-mega|p2b: Sceptile|Sceptile|Sceptilite
|move|p2a: Rotom|Discharge|p1a: Rotom|[spread] p1a,p1b
|-ability|p2b: Sceptile|Lightning Rod|boost
|-boost|p2b: Sceptile|spa|1
|-resisted|p1a: Rotom|1
|-crit|p1a: Rotom
|-resisted|p1b: Archaludon|1
|-damage|p1a: Rotom|76/100
|-damage|p1b: Archaludon|87/100
|-ability|p1b: Archaludon|Stamina|boost
|-boost|p1b: Archaludon|def|1
|move|p1a: Rotom|Overheat|p2b: Sceptile
|-damage|p2b: Sceptile|26/100
|-unboost|p1a: Rotom|spa|2
|move|p2b: Sceptile|Earth Power|p1b: Archaludon
|-supereffective|p1b: Archaludon|1
|-damage|p1b: Archaludon|0 fnt
|faint|p1b: Archaludon
|
|upkeep
|
|t:|1782203018
|switch|p1b: Pelipper|Pelipper, L50, F|100/100
|-weather|RainDance|[from] ability: Drizzle|[of] p1b: Pelipper
|turn|2
|
|t:|1782203033
|move|p1b: Pelipper|Protect|p1b: Pelipper
|-singleturn|p1b: Pelipper|Protect
|move|p2a: Rotom|Discharge|p1a: Rotom|[spread] p1a
|-activate|p1b: Pelipper|move: Protect
|-ability|p2b: Sceptile|Lightning Rod|boost
|-boost|p2b: Sceptile|spa|1
|-resisted|p1a: Rotom|1
|-damage|p1a: Rotom|60/100
|move|p1a: Rotom|Overheat|p2b: Sceptile
|-damage|p2b: Sceptile|6/100
|-unboost|p1a: Rotom|spa|2
|move|p2b: Sceptile|Dragon Pulse|p1a: Rotom
|-damage|p1a: Rotom|0 fnt
|faint|p1a: Rotom
|
|-weather|RainDance|[upkeep]
|upkeep
|
|t:|1782203048
|switch|p1a: Swampert|Swampert, L50, M, shiny|100/100
|turn|3
|
|t:|1782203062
|detailschange|p1a: Swampert|Swampert-Mega, L50, M, shiny
|-mega|p1a: Swampert|Swampert|Swampertite
|move|p1a: Swampert|Ice Punch|p2b: Sceptile
|-supereffective|p2b: Sceptile|2
|-damage|p2b: Sceptile|0 fnt
|faint|p2b: Sceptile
|move|p2a: Rotom|Discharge|p1a: Swampert|[spread] p1b
|-immune|p1a: Swampert
|-supereffective|p1b: Pelipper|2
|-enditem|p1b: Pelipper|Focus Sash
|-damage|p1b: Pelipper|1/100
|move|p1b: Pelipper|Hurricane|p2a: Rotom
|-resisted|p2a: Rotom|1
|-damage|p2a: Rotom|64/100
|
|-weather|RainDance|[upkeep]
|upkeep
|
|t:|1782203074
|switch|p2b: Whimsicott|Whimsicott, L50, F|100/100
|turn|4
|
|t:|1782203087
|move|p2b: Whimsicott|Encore|p1a: Swampert
|-start|p1a: Swampert|Encore
|move|p1a: Swampert|Ice Punch|p2b: Whimsicott
|-supereffective|p2b: Whimsicott|1
|-damage|p2b: Whimsicott|8/100
|move|p2a: Rotom|Discharge|p1a: Swampert|[spread] p2b,p1b
|-immune|p1a: Swampert
|-resisted|p2b: Whimsicott|1
|-supereffective|p1b: Pelipper|2
|-damage|p2b: Whimsicott|0 fnt
|-damage|p1b: Pelipper|0 fnt
|faint|p2b: Whimsicott
|faint|p1b: Pelipper
|
|-weather|RainDance|[upkeep]
|upkeep
|
|t:|1782203090
|switch|p2b: Gholdengo|Gholdengo, L50|100/100
|turn|5
|
|t:|1782203108
|move|p1a: Swampert|Ice Punch|p2b: Gholdengo
|-resisted|p2b: Gholdengo|1
|-damage|p2b: Gholdengo|82/100
|move|p2a: Rotom|Discharge|p1a: Swampert|[spread] p2b
|-immune|p1a: Swampert
|-damage|p2b: Gholdengo|50/100y
|move|p2b: Gholdengo|Shadow Ball|p1a: Swampert
|-damage|p1a: Swampert|42/100
|-damage|p2b: Gholdengo|40/100|[from] item: Life Orb
|
|-weather|RainDance|[upkeep]
|upkeep
|turn|6
|
|t:|1782203123
|move|p1a: Swampert|Ice Punch|p2b: Gholdengo
|-resisted|p2b: Gholdengo|1
|-damage|p2b: Gholdengo|23/100
|move|p2a: Rotom|Discharge|p1a: Swampert|[spread] p2b
|-immune|p1a: Swampert
|-damage|p2b: Gholdengo|0 fnt
|faint|p2b: Gholdengo
|
|-weather|none
|-end|p1a: Swampert|Encore
|upkeep
|turn|7
|-message|javichicaino forfeited.
|
|win|sturmkitten69
|l|☆javichicaino
|player|p2|
||javichicaino is ready for game 2.
|c|☆sturmkitten69|HAHAHHA
|c|☆sturmkitten69|gg
||sturmkitten69 is ready for game 2.
|uhtml|next|Next: Game 2 of 3
