|j|☆bighamsterbaseball
|j|☆aaballetctrdance
|html|bighamsterbaseballaaballetctrdance    
|uhtml|bestof|Game 1 of a best-of-3
|t:|1785018850
|gametype|doubles
|player|p1|bighamsterbaseball|pokemaniac|1256
|player|p2|aaballetctrdance|ghetsis|1157
|gen|9
|tier|[Gen 9 Champions] VGC 2026 Reg M-B (Bo3)
|rated|
|rule|Species Clause: Limit one of each Pokémon
|rule|Item Clause: Limit 1 of each item
|clearpoke
|poke|p1|Pyroar, L50, F|
|poke|p1|Scrafty, L50, F|
|poke|p1|Torkoal, L50, F|
|poke|p1|Farigiraf, L50, M|
|poke|p1|Sneasler, L50, F|
|poke|p1|Mamoswine, L50, M|
|poke|p2|Froslass, L50, F|
|poke|p2|Basculegion, L50, M|
|poke|p2|Kingambit, L50, M|
|poke|p2|Sneasler, L50, M|
|poke|p2|Lycanroc-Dusk, L50, F|
|poke|p2|Scovillain, L50, M, shiny|
|teampreview|4
|showteam|p1|Pyroar||Pyroarite|Unnerve|HeatWave,Overheat,SolarBeam,Protect|Timid||F|||50|]Scrafty||Scraftinite|Intimidate|FakeOut,DrainPunch,KnockOff,IcePunch|Adamant||F|||50|]Torkoal||Leftovers|Drought|HeatWave,Yawn,HelpingHand,Protect|Relaxed||F|||50|]Farigiraf||SitrusBerry|ArmorTail|Psychic,HyperVoice,TrickRoom,NastyPlot|Sassy||M|||50|]Sneasler||LifeOrb|PoisonTouch|CloseCombat,PoisonJab,RockSlide,Protect|Adamant||F|||50|]Mamoswine||FocusSash|Oblivious|IceShard,HighHorsepower,FreezeDry,Protect|Rash||M|||50|
|showteam|p2|Froslass||Froslassite|CursedBody|Blizzard,ShadowBall,AuroraVeil,Protect|Timid||F|||50|]Basculegion||SitrusBerry|Adaptability|WaveCrash,LastRespects,AquaJet,Protect|Adamant||M|||50|]Kingambit||BlackGlasses|Defiant|KowtowCleave,SuckerPunch,SwordsDance,Protect|Adamant||M|||50|]Sneasler||WhiteHerb|Unburden|CloseCombat,GunkShot,Protect,FakeOut|Adamant||M|||50|]Lycanroc-Dusk||FocusSash|ToughClaws|CloseCombat,Accelerock,RockSlide,Protect|Adamant||F|||50|]Scovillain||Scovillainite|Moody|GigaDrain,Overheat,RagePowder,Protect|Bold||M|||50|
|inactive|Battle timer is ON: inactive players will automatically lose when time's up. (requested by aaballetctrdance)
|inactive|bighamsterbaseball has 60 seconds left.
|inactive|aaballetctrdance has 60 seconds left.
|inactive|bighamsterbaseball has 30 seconds left.
|inactive|bighamsterbaseball has 20 seconds left.
|
|t:|1785018924
|teamsize|p1|4
|teamsize|p2|4
|start
|switch|p1a: Pyroar|Pyroar, L50, F|100/100
|switch|p1b: Sneasler|Sneasler, L50, F|100/100
|switch|p2a: Sneasler|Sneasler, L50, M|100/100
|switch|p2b: Froslass|Froslass, L50, F|100/100
|-ability|p1a: Pyroar|Unnerve
|turn|1
|inactive|bighamsterbaseball has 30 seconds left.
|
|t:|1785018961
|move|p1a: Pyroar|Protect|p1a: Pyroar
|-singleturn|p1a: Pyroar|Protect
|move|p2b: Froslass|Protect|p2b: Froslass
|-singleturn|p2b: Froslass|Protect
|move|p2a: Sneasler|Protect|p2a: Sneasler
|-singleturn|p2a: Sneasler|Protect
|move|p1b: Sneasler|Close Combat|p2a: Sneasler
|-activate|p2a: Sneasler|move: Protect
|
|upkeep
|turn|2
|
|t:|1785018984
|switch|p2b: Basculegion|Basculegion, L50, M|100/100
|detailschange|p1a: Pyroar|Pyroar-Mega, L50, F
|-mega|p1a: Pyroar|Pyroar|Pyroarite
|move|p1a: Pyroar|Overheat|p2a: Sneasler
|-damage|p2a: Sneasler|0 fnt
|-unboost|p1a: Pyroar|spa|2
|faint|p2a: Sneasler
|move|p1b: Sneasler|Rock Slide|p2b: Basculegion
|-damage|p2b: Basculegion|62/100
|-damage|p1b: Sneasler|90/100|[from] item: Life Orb
|
|upkeep
|
|t:|1785018992
|switch|p2a: Froslass|Froslass, L50, F|100/100
|turn|3
|
|t:|1785019011
|switch|p1a: Scrafty|Scrafty, L50, F|100/100
|-ability|p1a: Scrafty|Intimidate|boost
|-unboost|p2a: Froslass|atk|1
|-unboost|p2b: Basculegion|atk|1
|detailschange|p2a: Froslass|Froslass-Mega, L50, F
|-mega|p2a: Froslass|Froslass|Froslassite
|-weather|Snowscape|[from] ability: Snow Warning|[of] p2a: Froslass
|move|p1b: Sneasler|Rock Slide|p2a: Froslass|[spread] p2a,p2b
|-supereffective|p2a: Froslass|1
|-damage|p2a: Froslass|48/100
|-damage|p2b: Basculegion|33/100
|-enditem|p2b: Basculegion|Sitrus Berry|[eat]
|-heal|p2b: Basculegion|58/100|[from] item: Sitrus Berry
|-damage|p1b: Sneasler|80/100|[from] item: Life Orb
|move|p2a: Froslass|Blizzard|p1a: Scrafty|[spread] p1a,p1b
|-damage|p1a: Scrafty|64/100
|-damage|p1b: Sneasler|25/100
|cant|p2b: Basculegion|flinch
|
|-weather|Snowscape|[upkeep]
|upkeep
|turn|4
|
|t:|1785019035
|switch|p1b: Torkoal|Torkoal, L50, F|100/100
|-weather|SunnyDay|[from] ability: Drought|[of] p1b: Torkoal
|move|p2b: Basculegion|Aqua Jet|p1b: Torkoal
|-supereffective|p1b: Torkoal|1
|-damage|p1b: Torkoal|90/100
|move|p2a: Froslass|Blizzard|p1b: Torkoal|[spread] p1b
|-miss|p2a: Froslass|p1a: Scrafty
|-resisted|p1b: Torkoal|1
|-damage|p1b: Torkoal|69/100
|move|p1a: Scrafty|Knock Off|p2b: Basculegion
|-supereffective|p2b: Basculegion|1
|-damage|p2b: Basculegion|3/100
|
|-weather|SunnyDay|[upkeep]
|-heal|p1b: Torkoal|75/100|[from] item: Leftovers
|upkeep
|turn|5
|
|t:|1785019060
|switch|p2a: Lycanroc|Lycanroc-Dusk, L50, F|100/100
|move|p2b: Basculegion|Last Respects|p1b: Torkoal
|-damage|p1b: Torkoal|49/100
|move|p1a: Scrafty|Knock Off|p2b: Basculegion
|-supereffective|p2b: Basculegion|1
|-damage|p2b: Basculegion|0 fnt
|faint|p2b: Basculegion
|move|p1b: Torkoal|Heat Wave|p2a: Lycanroc
|-resisted|p2a: Lycanroc|1
|-damage|p2a: Lycanroc|64/100
|
|-weather|SunnyDay|[upkeep]
|-heal|p1b: Torkoal|55/100|[from] item: Leftovers
|upkeep
|
|t:|1785019065
|switch|p2b: Froslass|Froslass-Mega, L50, F|48/100
|-weather|Snowscape|[from] ability: Snow Warning|[of] p2b: Froslass
|turn|6
|inactive|bighamsterbaseball has 30 seconds left.
|
|t:|1785019091
|switch|p1a: Sneasler|Sneasler, L50, F|25/100
|move|p1b: Torkoal|Protect|p1b: Torkoal
|-singleturn|p1b: Torkoal|Protect
|move|p2b: Froslass|Blizzard|p1b: Torkoal|[spread] p1a
|-activate|p1b: Torkoal|move: Protect
|-crit|p1a: Sneasler
|-damage|p1a: Sneasler|0 fnt
|faint|p1a: Sneasler
|move|p2a: Lycanroc|Rock Slide|p1b: Torkoal
|-activate|p1b: Torkoal|move: Protect
|
|-weather|Snowscape|[upkeep]
|-heal|p1b: Torkoal|62/100|[from] item: Leftovers
|upkeep
|
|t:|1785019098
|switch|p1a: Pyroar|Pyroar-Mega, L50, F|100/100
|turn|7
|
|t:|1785019120
|switch|p1b: Scrafty|Scrafty, L50, F|64/100
|-ability|p1b: Scrafty|Intimidate|boost
|-unboost|p2a: Lycanroc|atk|1
|-unboost|p2b: Froslass|atk|1
|move|p1a: Pyroar|Heat Wave|p2a: Lycanroc|[spread] p2a,p2b
|-resisted|p2a: Lycanroc|1
|-supereffective|p2b: Froslass|1
|-damage|p2a: Lycanroc|16/100
|-damage|p2b: Froslass|0 fnt
|faint|p2b: Froslass
|move|p2a: Lycanroc|Close Combat|p1a: Pyroar
|-supereffective|p1a: Pyroar|1
|-damage|p1a: Pyroar|16/100
|-unboost|p2a: Lycanroc|def|1
|-unboost|p2a: Lycanroc|spd|1
|
|-weather|Snowscape|[upkeep]
|upkeep
|turn|8
|-message|aaballetctrdance forfeited.
|
|win|bighamsterbaseball
|l|☆aaballetctrdance
|player|p2|
|raw|bighamsterbaseball's rating: 1256 → 1274(+18 for winning)
|raw|aaballetctrdance's rating: 1157 → 1139(-18 for losing)
