|j|☆fumomarlboro
|j|☆bigmannikko
|html|fumomarlborobigmannikko    
|uhtml|bestof|Game 2 of a best-of-3
|t:|1757781074
|gametype|doubles
|player|p1|fumomarlboro|swimmerf-gen4|1264
|player|p2|bigmannikko|265|1186
|gen|9
|tier|[Gen 9] VGC 2025 Reg H (Bo3)
|rated|
|rule|Species Clause: Limit one of each Pokémon
|rule|Item Clause: Limit 1 of each item
|clearpoke
|poke|p1|Tauros-Paldea-Aqua, L50, M|
|poke|p1|Gholdengo, L50|
|poke|p1|Sinistcha, L50|
|poke|p1|Pelipper, L50, M|
|poke|p1|Dragonite, L50, M|
|poke|p1|Archaludon, L50, M|
|poke|p2|Drifblim, L50, M|
|poke|p2|Indeedee, L50, M|
|poke|p2|Archaludon, L50, M|
|poke|p2|Volcarona, L50, M|
|poke|p2|Sneasler, L50, F|
|poke|p2|Electabuzz, L50, M|
|teampreview|4
|showteam|p1|Tauros-Paldea-Aqua||MirrorHerb|Intimidate|WaveCrash,CloseCombat,AquaJet,Protect|||M|||50|,,,,,Grass]Gholdengo||ChoiceScarf|GoodasGold|MakeItRain,ShadowBall,Trick,Protect||||||50|,,,,,Fairy]Sinistcha||SitrusBerry|Hospitality|MatchaGotcha,LifeDew,RagePowder,TrickRoom||||||50|,,,,,Dark]Pelipper||FocusSash|Drizzle|MuddyWater,Hurricane,Tailwind,Protect|||M|||50|,,,,,Ghost]Dragonite||LoadedDice|Multiscale|ScaleShot,Tailwind,Haze,Protect|||M|||50|,,,,,Fairy]Archaludon||AssaultVest|Stamina|DragonPulse,BodyPress,ElectroShot,Snarl|||M|||50|,,,,,Grass
|showteam|p2|Drifblim||PsychicSeed|Unburden|Tailwind,WillOWisp,ShadowBall,StrengthSap|||M|||50|,,,,,Dark]Indeedee||LifeOrb|PsychicSurge|ExpandingForce,TrickRoom,Protect,TeraBlast|||M|||50|,,,,,Fighting]Archaludon||PowerHerb|Sturdy|ElectroShot,DragonPulse,Protect,FlashCannon|||M|||50|,,,,,Ghost]Volcarona||CovertCloak|FlameBody|QuiverDance,HeatWave,TeraBlast,Protect|||M|||50|,,,,,Fairy]Sneasler||FocusSash|Unburden|DireClaw,CloseCombat,Protect,ThroatChop|||F|||50|,,,,,Ghost]Electabuzz||Eviolite|VitalSpirit|FollowMe,Taunt,Protect,Thunderbolt|||M|||50|,,,,,Grass
|
|t:|1757781110
|teamsize|p1|4
|teamsize|p2|4
|start
|switch|p1a: Dragonite|Dragonite, L50, M|100/100
|switch|p1b: Gholdengo|Gholdengo, L50|100/100
|switch|p2a: Martyr|Electabuzz, L50, M|100/100
|switch|p2b: Mothra|Volcarona, L50, M|100/100
|turn|1
|inactive|Battle timer is ON: inactive players will automatically lose when time's up. (requested by fumomarlboro)
|
|t:|1757781132
|move|p2a: Martyr|Follow Me|p2a: Martyr
|-singleturn|p2a: Martyr|move: Follow Me
|move|p1b: Gholdengo|Make It Rain|p2b: Mothra|[spread] p2a,p2b
|-resisted|p2a: Martyr
|-resisted|p2b: Mothra
|-damage|p2a: Martyr|84/100
|-damage|p2b: Mothra|75/100
|-unboost|p1b: Gholdengo|spa|1
|move|p2b: Mothra|Quiver Dance|p2b: Mothra
|-boost|p2b: Mothra|spa|1
|-boost|p2b: Mothra|spd|1
|-boost|p2b: Mothra|spe|1
|move|p1a: Dragonite|Scale Shot|p2a: Martyr
|-damage|p2a: Martyr|71/100
|-damage|p2a: Martyr|57/100
|-damage|p2a: Martyr|45/100
|-damage|p2a: Martyr|32/100
|-hitcount|p2a: Martyr|4
|-unboost|p1a: Dragonite|def|1
|-boost|p1a: Dragonite|spe|1
|
|upkeep
|turn|2
|inactive|fumomarlboro has 30 seconds left.
|inactive|bigmannikko has 30 seconds left.
|
|t:|1757781164
|switch|p1b: Pelipper|Pelipper, L50, M|100/100
|-weather|RainDance|[from] ability: Drizzle|[of] p1b: Pelipper
|-terastallize|p1a: Dragonite|Fairy
|move|p2a: Martyr|Follow Me|p2a: Martyr
|-singleturn|p2a: Martyr|move: Follow Me
|move|p2b: Mothra|Heat Wave|p1b: Pelipper|[spread] p1a,p1b
|-resisted|p1b: Pelipper
|-damage|p1a: Dragonite|86/100
|-damage|p1b: Pelipper|76/100
|move|p1a: Dragonite|Scale Shot|p2a: Martyr
|-damage|p2a: Martyr|19/100
|-damage|p2a: Martyr|5/100
|-damage|p2a: Martyr|0 fnt
|faint|p2a: Martyr
|-hitcount|p2: Martyr|3
|-unboost|p1a: Dragonite|def|1
|-boost|p1a: Dragonite|spe|1
|
|-weather|RainDance|[upkeep]
|upkeep
|
|t:|1757781183
|switch|p2a: AC/DC|Archaludon, L50, M|100/100
|turn|3
|inactive|fumomarlboro has 30 seconds left.
|
|t:|1757781211
|-terastallize|p2b: Mothra|Fairy
|move|p1b: Pelipper|Protect|p1b: Pelipper
|-singleturn|p1b: Pelipper|Protect
|move|p1a: Dragonite|Haze|p1a: Dragonite
|-clearallboost
|move|p2a: AC/DC|Electro Shot||[still]
|-prepare|p2a: AC/DC|Electro Shot
|-boost|p2a: AC/DC|spa|1
|-anim|p2a: AC/DC|Electro Shot|p1b: Pelipper
|-activate|p1b: Pelipper|move: Protect
|move|p2b: Mothra|Tera Blast|p1a: Dragonite|[anim] Tera Blast Fairy
|-damage|p1a: Dragonite|43/100
|
|-weather|RainDance|[upkeep]
|upkeep
|turn|4
|inactive|fumomarlboro has 30 seconds left.
|
|t:|1757781238
|move|p2a: AC/DC|Electro Shot||[still]
|-prepare|p2a: AC/DC|Electro Shot
|-boost|p2a: AC/DC|spa|1
|-anim|p2a: AC/DC|Electro Shot|p1b: Pelipper
|-supereffective|p1b: Pelipper
|-damage|p1b: Pelipper|0 fnt
|faint|p1b: Pelipper
|move|p2b: Mothra|Quiver Dance|p2b: Mothra
|-boost|p2b: Mothra|spa|1
|-boost|p2b: Mothra|spd|1
|-boost|p2b: Mothra|spe|1
|move|p1a: Dragonite|Scale Shot|p2a: AC/DC
|-damage|p2a: AC/DC|86/100
|-damage|p2a: AC/DC|73/100
|-damage|p2a: AC/DC|60/100
|-damage|p2a: AC/DC|48/100
|-hitcount|p2a: AC/DC|4
|-unboost|p1a: Dragonite|def|1
|-boost|p1a: Dragonite|spe|1
|
|-weather|RainDance|[upkeep]
|upkeep
|inactive|fumomarlboro has 30 seconds left.
|
|t:|1757781267
|switch|p1b: Gholdengo|Gholdengo, L50|100/100
|turn|5
|
|t:|1757781281
|move|p2b: Mothra|Protect|p2b: Mothra
|-singleturn|p2b: Mothra|Protect
|move|p1b: Gholdengo|Shadow Ball|p2a: AC/DC
|-damage|p2a: AC/DC|0 fnt
|faint|p2a: AC/DC
|move|p1a: Dragonite|Haze|p1a: Dragonite
|-clearallboost
|
|-weather|RainDance|[upkeep]
|upkeep
|
|t:|1757781289
|switch|p2a: Cheater|Sneasler, L50, F|100/100
|turn|6
|
|t:|1757781311
|switch|p1a: Archaludon|Archaludon, L50, M|100/100
|move|p1b: Gholdengo|Shadow Ball|p2b: Mothra
|-damage|p2b: Mothra|36/100
|move|p2a: Cheater|Dire Claw|p1a: Archaludon
|-immune|p1a: Archaludon
|move|p2b: Mothra|Quiver Dance|p2b: Mothra
|-boost|p2b: Mothra|spa|1
|-boost|p2b: Mothra|spd|1
|-boost|p2b: Mothra|spe|1
|
|-weather|none
|upkeep
|turn|7
|inactive|fumomarlboro has 30 seconds left.
|inactive|fumomarlboro has 20 seconds left.
|inactive|fumomarlboro has 15 seconds left.
|inactive|fumomarlboro has 10 seconds left.
|
|t:|1757781359
|move|p1b: Gholdengo|Shadow Ball|p2b: Mothra
|-damage|p2b: Mothra|8/100
|move|p2b: Mothra|Heat Wave|p1a: Archaludon|[spread] p1a,p1b
|-supereffective|p1b: Gholdengo
|-damage|p1a: Archaludon|61/100
|-damage|p1b: Gholdengo|0 fnt
|-ability|p1a: Archaludon|Stamina|boost
|-boost|p1a: Archaludon|def|1
|faint|p1b: Gholdengo
|move|p2a: Cheater|Close Combat|p1a: Archaludon
|-supereffective|p1a: Archaludon
|-damage|p1a: Archaludon|6/100
|-unboost|p2a: Cheater|def|1
|-unboost|p2a: Cheater|spd|1
|-ability|p1a: Archaludon|Stamina|boost
|-boost|p1a: Archaludon|def|1
|move|p1a: Archaludon|Body Press|p2b: Mothra
|-resisted|p2b: Mothra
|-damage|p2b: Mothra|0 fnt
|faint|p2b: Mothra
|
|upkeep
|
|t:|1757781365
|switch|p1b: Dragonite|Dragonite, L50, M, tera:Fairy|43/100
|turn|8
|
|t:|1757781386
|move|p2a: Cheater|Dire Claw|p1b: Dragonite
|-supereffective|p1b: Dragonite
|-damage|p1b: Dragonite|0 fnt
|faint|p1b: Dragonite
|move|p1a: Archaludon|Dragon Pulse|p2a: Cheater
|-crit|p2a: Cheater
|-enditem|p2a: Cheater|Focus Sash
|-damage|p2a: Cheater|1/100
|
|upkeep
|turn|9
|
|t:|1757781392
|move|p2a: Cheater|Close Combat|p1a: Archaludon
|-supereffective|p1a: Archaludon
|-damage|p1a: Archaludon|0 fnt
|-unboost|p2a: Cheater|def|1
|-unboost|p2a: Cheater|spd|1
|faint|p1a: Archaludon
|
|win|bigmannikko
|raw|fumomarlboro's rating: 1264 → 1233(-31 for losing)
|raw|bigmannikko's rating: 1186 → 1217(+31 for winning)
|l|☆bigmannikko
|player|p2|
|l|☆fumomarlboro
|player|p1|
