|j|☆gameboys7531
|j|☆kingambitstan
|html|gameboys7531kingambitstan    
|uhtml|bestof|Game 2 of a best-of-3
|t:|1783790477
|gametype|doubles
|player|p1|gameboys7531|veteran|1061
|player|p2|kingambitstan|rika|1095
|gen|9
|tier|[Gen 9 Champions] VGC 2026 Reg M-B (Bo3)
|rated|
|rule|Species Clause: Limit one of each Pokémon
|rule|Item Clause: Limit 1 of each item
|clearpoke
|poke|p1|Raichu, L50, F|
|poke|p1|Jolteon, L50, M, shiny|
|poke|p1|Camerupt, L50, F|
|poke|p1|Farigiraf, L50, M|
|poke|p1|Vanilluxe, L50, M|
|poke|p1|Heliolisk, L50, M|
|poke|p2|Charizard, L50, F|
|poke|p2|Mawile, L50, F|
|poke|p2|Basculegion, L50, M|
|poke|p2|Garchomp, L50, F|
|poke|p2|Whimsicott, L50, M|
|poke|p2|Farigiraf, L50, M|
|teampreview|4
|showteam|p1|Raichu||RaichuniteX|LightningRod|FakeOut,VoltTackle,UpperHand,Protect|Jolly||F|||50|]Jolteon||LifeOrb|VoltAbsorb|RisingVoltage,Protect,ShadowBall,WeatherBall|Timid||M|||50|]Camerupt||Cameruptite|SolidRock|HeatWave,EarthPower,AncientPower,Protect|Quiet||F|||50|]Farigiraf||MentalHerb|ArmorTail|TrickRoom,Psychic,HelpingHand,Protect|Quiet||M|||50|]Vanilluxe||ChoiceScarf|SnowWarning|Blizzard,FreezeDry,IcyWind,AuroraVeil|Timid||M|||50|]Heliolisk||FocusSash|DrySkin|GrassKnot,RisingVoltage,Glare,FocusBlast|Modest||M|||50|
|showteam|p2|Charizard||CharizarditeY|Blaze|HeatWave,WeatherBall,SolarBeam,Protect|Timid||F|||50|]Mawile||Mawilite|HyperCutter|PlayRough,SuckerPunch,BrickBreak,Protect|Adamant||F|||50|]Basculegion||MysticWater|Adaptability|WaveCrash,LastRespects,AquaJet,Protect|Adamant||M|||50|]Garchomp||LifeOrb|RoughSkin|Earthquake,DragonClaw,RockSlide,Protect|Jolly||F|||50|]Whimsicott||FocusSash|Prankster|Moonblast,Encore,Tailwind,Protect|Timid||M|||50|]Farigiraf||SitrusBerry|ArmorTail|TwinBeam,Thunderbolt,TrickRoom,HelpingHand|Quiet||M|||50|
|inactive|Battle timer is ON: inactive players will automatically lose when time's up. (requested by kingambitstan)
|
|t:|1783790503
|teamsize|p1|4
|teamsize|p2|4
|start
|switch|p1a: Emma|Raichu, L50, F|100/100
|switch|p1b: Ethan|Jolteon, L50, M, shiny|100/100
|switch|p2a: Charizard|Charizard, L50, F|100/100
|switch|p2b: Whimsicott|Whimsicott, L50, M|100/100
|turn|1
|
|t:|1783790515
|detailschange|p1a: Emma|Raichu-Mega-X, L50, F
|-mega|p1a: Emma|Raichu|Raichunite X
|-fieldstart|move: Electric Terrain|[from] ability: Electric Surge|[of] p1a: Emma
|move|p2b: Whimsicott|Protect|p2b: Whimsicott
|-singleturn|p2b: Whimsicott|Protect
|move|p2a: Charizard|Protect|p2a: Charizard
|-singleturn|p2a: Charizard|Protect
|move|p1a: Emma|Fake Out|p2b: Whimsicott
|-activate|p2b: Whimsicott|move: Protect
|move|p1b: Ethan|Rising Voltage|p2a: Charizard
|-activate|p2a: Charizard|move: Protect
|
|upkeep
|turn|2
|inactive|kingambitstan has 30 seconds left.
|inactive|kingambitstan has 20 seconds left.
|
|t:|1783790550
|detailschange|p2a: Charizard|Charizard-Mega-Y, L50, F
|-mega|p2a: Charizard|Charizard|Charizardite Y
|-weather|SunnyDay|[from] ability: Drought|[of] p2a: Charizard
|move|p2b: Whimsicott|Tailwind|p2b: Whimsicott
|-sidestart|p2: kingambitstan|move: Tailwind
|move|p2a: Charizard|Heat Wave|p1b: Ethan|[spread] p1a,p1b
|-damage|p1a: Emma|5/100
|-damage|p1b: Ethan|9/100
|move|p1b: Ethan|Weather Ball|p2b: Whimsicott
|-supereffective|p2b: Whimsicott|1
|-enditem|p2b: Whimsicott|Focus Sash
|-damage|p2b: Whimsicott|1/100
|-damage|p1b: Ethan|0 fnt|[from] item: Life Orb
|faint|p1b: Ethan
|move|p1a: Emma|Volt Tackle|p2a: Charizard
|-supereffective|p2a: Charizard|1
|-damage|p2a: Charizard|0 fnt
|faint|p2a: Charizard
|-damage|p1a: Emma|0 fnt|[from] Recoil
|faint|p1a: Emma
|
|-weather|SunnyDay|[upkeep]
|upkeep
|
|t:|1783790569
|switch|p1b: Farigiraf|Farigiraf, L50, M|100/100
|switch|p1a: Vanilluxe|Vanilluxe, L50, M|100/100
|switch|p2a: Garchomp|Garchomp, L50, F|100/100
|-weather|Snowscape|[from] ability: Snow Warning|[of] p1a: Vanilluxe
|turn|3
|
|t:|1783790593
|move|p2b: Whimsicott|Moonblast|p1a: Vanilluxe
|-damage|p1a: Vanilluxe|57/100
|move|p2a: Garchomp|Rock Slide|p1b: Farigiraf|[spread] p1a,p1b
|-supereffective|p1a: Vanilluxe|1
|-damage|p1a: Vanilluxe|8/100
|-damage|p1b: Farigiraf|71/100
|-damage|p2a: Garchomp|90/100|[from] item: Life Orb
|move|p1a: Vanilluxe|Blizzard|p2b: Whimsicott|[spread] p2a,p2b
|-supereffective|p2a: Garchomp|2
|-supereffective|p2b: Whimsicott|1
|-damage|p2a: Garchomp|0 fnt
|-damage|p2b: Whimsicott|0 fnt
|faint|p2a: Garchomp
|faint|p2b: Whimsicott
|move|p1b: Farigiraf|Trick Room|p1b: Farigiraf
|-fieldstart|move: Trick Room|[of] p1b: Farigiraf
|
|-weather|Snowscape|[upkeep]
|upkeep
|
|t:|1783790601
|switch|p2b: Farigiraf|Farigiraf, L50, M|100/100
|turn|4
|
|t:|1783790613
|move|p1b: Farigiraf|Psychic|p2b: Farigiraf
|-resisted|p2b: Farigiraf|1
|-damage|p2b: Farigiraf|75/100
|move|p2b: Farigiraf|Twin Beam|p1a: Vanilluxe
|-damage|p1a: Vanilluxe|0 fnt
|faint|p1a: Vanilluxe
|-hitcount|p1: Vanilluxe|1
|
|-weather|Snowscape|[upkeep]
|upkeep
|turn|5
|
|t:|1783790628
|move|p1b: Farigiraf|Psychic|p2b: Farigiraf
|-resisted|p2b: Farigiraf|1
|-damage|p2b: Farigiraf|49/100
|-enditem|p2b: Farigiraf|Sitrus Berry|[eat]
|-heal|p2b: Farigiraf|74/100|[from] item: Sitrus Berry
|move|p2b: Farigiraf|Thunderbolt|p1b: Farigiraf
|-damage|p1b: Farigiraf|29/100
|
|-weather|Snowscape|[upkeep]
|-sideend|p2: kingambitstan|move: Tailwind
|-fieldend|move: Electric Terrain
|upkeep
|turn|6
|
|t:|1783790634
|move|p1b: Farigiraf|Psychic|p2b: Farigiraf
|-resisted|p2b: Farigiraf|1
|-damage|p2b: Farigiraf|51/100
|move|p2b: Farigiraf|Thunderbolt|p1b: Farigiraf
|-damage|p1b: Farigiraf|0 fnt
|faint|p1b: Farigiraf
|
|win|kingambitstan
|raw|gameboys7531's rating: 1061 → 1044(-17 for losing)
|raw|kingambitstan's rating: 1095 → 1118(+23 for winning)
