|j|☆owbd
|j|☆RikuXmas
|html|owbdRikuXmas    
|uhtml|bestof|Game 1 of a best-of-3
|t:|1757922195
|gametype|doubles
|player|p1|owbd|cynthia-gen4|1219
|player|p2|RikuXmas|marlon|1184
|gen|9
|tier|[Gen 9] VGC 2025 Reg H (Bo3)
|rated|
|rule|Species Clause: Limit one of each Pokémon
|rule|Item Clause: Limit 1 of each item
|clearpoke
|poke|p1|Murkrow, L50, M|
|poke|p1|Gholdengo, L50|
|poke|p1|Sneasler, L50, M|
|poke|p1|Indeedee, L50, M|
|poke|p1|Annihilape, L50, M|
|poke|p1|Garchomp, L50, M|
|poke|p2|Pelipper, L50, F|
|poke|p2|Charizard, L50, F|
|poke|p2|Rillaboom, L50, M|
|poke|p2|Gholdengo, L50|
|poke|p2|Kommo-o, L50, M|
|poke|p2|Clefable, L50, F|
|teampreview|4
|showteam|p1|Murkrow||Eviolite|Prankster|FoulPlay,SunnyDay,Haze,Tailwind|||M|||50|,,,,,Ghost]Gholdengo||ChoiceSpecs|GoodasGold|MakeItRain,ShadowBall,PowerGem,Trick||||||50|,,,,,Steel]Sneasler||PsychicSeed|Unburden|DireClaw,CloseCombat,ThroatChop,Protect|||M|||50|,,,,,Dark]Indeedee||FocusSash|PsychicSurge|ExpandingForce,TrickRoom,Imprison,Protect|||M|||50|,,,,,Psychic]Annihilape||SafetyGoggles|Defiant|RageFist,CloseCombat,FinalGambit,Taunt|||M|||50|,,,,,Water]Garchomp||LifeOrb|RoughSkin|DragonClaw,StompingTantrum,Earthquake,Protect|||M|||50|,,,,,Ground
|showteam|p2|Pelipper||FocusSash|Drizzle|Protect,Tailwind,Hurricane,WeatherBall|||F|||50|,,,,,Grass]Charizard||LifeOrb|Blaze|Protect,Hurricane,HeatWave,ScorchingSands|||F|||50|,,,,,Grass]Rillaboom||AssaultVest|GrassySurge|FakeOut,GrassyGlide,WoodHammer,StompingTantrum|||M|||50|,,,,,Fire]Gholdengo||WiseGlasses|GoodasGold|Protect,NastyPlot,ShadowBall,MakeItRain||||||50|,,,,,Steel]Kommo-o||ThroatSpray|Bulletproof|Protect,AuraSphere,ClangingScales,ClangorousSoul|||M|||50|,,,,,Steel]Clefable||SitrusBerry|Unaware|Protect,FollowMe,Moonblast,ThunderWave|||F|||50|,,,,,Water
|
|t:|1757922268
|teamsize|p1|4
|teamsize|p2|4
|start
|switch|p1a: Gholdengo|Gholdengo, L50|100/100
|switch|p1b: Murkrow|Murkrow, L50, M|100/100
|switch|p2a: Trinity|Kommo-o, L50, M, shiny|100/100
|switch|p2b: Faris|Clefable, L50, F, shiny|100/100
|turn|1
|inactive|Battle timer is ON: inactive players will automatically lose when time's up. (requested by RikuXmas)
|inactive|RikuXmas has 60 seconds left.
|
|t:|1757922310
|-terastallize|p2a: Trinity|Steel
|-terastallize|p1a: Gholdengo|Steel
|move|p2b: Faris|Protect|p2b: Faris
|-singleturn|p2b: Faris|Protect
|move|p1b: Murkrow|Tailwind|p1b: Murkrow
|-sidestart|p1: owbd|move: Tailwind
|move|p1a: Gholdengo|Make It Rain|p2b: Faris|[spread] p2a
|-activate|p2b: Faris|move: Protect
|-resisted|p2a: Trinity
|-damage|p2a: Trinity|49/100
|-unboost|p1a: Gholdengo|spa|1
|move|p2a: Trinity|Clanging Scales|p1b: Murkrow|[spread] p1a,p1b
|-resisted|p1a: Gholdengo
|-crit|p1b: Murkrow
|-damage|p1a: Gholdengo|83/100
|-damage|p1b: Murkrow|55/100
|-unboost|p2a: Trinity|def|1
|-enditem|p2a: Trinity|Throat Spray
|-boost|p2a: Trinity|spa|1|[from] item: Throat Spray
|
|upkeep
|turn|2
|inactive|RikuXmas has 30 seconds left.
|inactive|RikuXmas has 20 seconds left.
|
|t:|1757922349
|move|p1b: Murkrow|Haze|p1b: Murkrow
|-clearallboost
|move|p1a: Gholdengo|Make It Rain|p2a: Trinity|[spread] p2a,p2b
|-resisted|p2a: Trinity
|-supereffective|p2b: Faris
|-damage|p2a: Trinity|0 fnt
|-damage|p2b: Faris|0 fnt
|-unboost|p1a: Gholdengo|spa|1
|faint|p2a: Trinity
|faint|p2b: Faris
|
|upkeep
|
|t:|1757922359
|switch|p2a: Woodsman|Rillaboom, L50, M, shiny|100/100
|switch|p2b: AdustedGold|Gholdengo, L50, shiny|100/100
|-fieldstart|move: Grassy Terrain|[from] ability: Grassy Surge|[of] p2a: Woodsman
|turn|3
|inactive|RikuXmas has 30 seconds left.
|
|t:|1757922390
|move|p2a: Woodsman|Fake Out|p1a: Gholdengo
|-resisted|p1a: Gholdengo
|-damage|p1a: Gholdengo|77/100
|move|p1b: Murkrow|Haze|p1b: Murkrow
|-clearallboost
|cant|p1a: Gholdengo|flinch
|move|p2b: AdustedGold|Shadow Ball|p1a: Gholdengo
|-damage|p1a: Gholdengo|25/100
|
|-heal|p1a: Gholdengo|31/100|[from] Grassy Terrain
|upkeep
|turn|4
|
|t:|1757922405
|move|p2b: AdustedGold|Protect|p2b: AdustedGold
|-singleturn|p2b: AdustedGold|Protect
|move|p1a: Gholdengo|Make It Rain|p2a: Woodsman|[spread] p2a
|-activate|p2b: AdustedGold|move: Protect
|-damage|p2a: Woodsman|48/100
|-unboost|p1a: Gholdengo|spa|1
|move|p1b: Murkrow|Foul Play|p2b: AdustedGold
|-activate|p2b: AdustedGold|move: Protect
|move|p2a: Woodsman|Stomping Tantrum|p1a: Gholdengo
|-supereffective|p1a: Gholdengo
|-damage|p1a: Gholdengo|0 fnt
|faint|p1a: Gholdengo
|
|-heal|p2a: Woodsman|54/100|[from] Grassy Terrain
|-sideend|p1: owbd|move: Tailwind
|upkeep
|
|t:|1757922420
|switch|p1a: Indeedee|Indeedee, L50, M|100/100
|-fieldstart|move: Psychic Terrain|[from] ability: Psychic Surge|[of] p1a: Indeedee
|turn|5
|
|t:|1757922434
|move|p1a: Indeedee|Expanding Force|p2b: AdustedGold|[spread] p2a,p2b
|-resisted|p2b: AdustedGold
|-damage|p2a: Woodsman|21/100
|-damage|p2b: AdustedGold|72/100
|move|p2b: AdustedGold|Make It Rain|p1b: Murkrow|[spread] p1a,p1b
|-damage|p1a: Indeedee|29/100
|-damage|p1b: Murkrow|5/100
|-unboost|p2b: AdustedGold|spa|1
|move|p1b: Murkrow|Foul Play|p2b: AdustedGold
|-supereffective|p2b: AdustedGold
|-damage|p2b: AdustedGold|34/100
|move|p2a: Woodsman|Wood Hammer|p1a: Indeedee
|-damage|p1a: Indeedee|0 fnt
|faint|p1a: Indeedee
|-damage|p2a: Woodsman|15/100|[from] Recoil
|
|upkeep
|
|t:|1757922451
|switch|p1a: Sneasler|Sneasler, L50, M|100/100
|-enditem|p1a: Sneasler|Psychic Seed
|-boost|p1a: Sneasler|spd|1|[from] item: Psychic Seed
|turn|6
|
|t:|1757922464
|move|p2b: AdustedGold|Protect|p2b: AdustedGold
|-singleturn|p2b: AdustedGold|Protect
|move|p1a: Sneasler|Throat Chop|p2b: AdustedGold
|-activate|p2b: AdustedGold|move: Protect
|move|p1b: Murkrow|Foul Play|p2a: Woodsman
|-damage|p2a: Woodsman|0 fnt
|faint|p2a: Woodsman
|
|upkeep
|turn|7
|
|t:|1757922479
|move|p1a: Sneasler|Throat Chop|p2b: AdustedGold
|-supereffective|p2b: AdustedGold
|-damage|p2b: AdustedGold|0 fnt
|faint|p2b: AdustedGold
|
|win|owbd
||owbd is ready for game 2.
|l|☆RikuXmas
|player|p2|
||RikuXmas is ready for game 2.
|uhtml|next|Next: Game 2 of 3
