|j|☆raylof
|j|☆Kahizar
|html|raylofKahizar    
|uhtml|bestof|Game 3 of a best-of-3
|t:|1756501520
|gametype|doubles
|player|p1|raylof|170|1115
|player|p2|Kahizar|102|1053
|gen|9
|tier|[Gen 9] VGC 2025 Reg H (Bo3)
|rated|
|rule|Species Clause: Limit one of each Pokémon
|rule|Item Clause: Limit 1 of each item
|clearpoke
|poke|p1|Archaludon, L50, F|
|poke|p1|Pelipper, L50, M|
|poke|p1|Gholdengo, L50|
|poke|p1|Basculegion, L50, M|
|poke|p1|Amoonguss, L50, F|
|poke|p1|Incineroar, L50, F|
|poke|p2|Garchomp, L50, M|
|poke|p2|Rillaboom, L50, F|
|poke|p2|Drifblim, L50, F|
|poke|p2|Sylveon, L50, M|
|poke|p2|Murkrow, L50, F|
|poke|p2|Gallade, L50, M|
|teampreview|4
|showteam|p1|Archaludon||AssaultVest|Stamina|DracoMeteor,FlashCannon,ElectroShot,BodyPress|||F|||50|,,,,,Grass]Pelipper||FocusSash|Drizzle|Protect,WeatherBall,Hurricane,Tailwind|||M|||50|,,,,,Stellar]Gholdengo||LifeOrb|GoodasGold|Protect,MakeItRain,ShadowBall,NastyPlot||||||50|,,,,,Water]Basculegion||ChoiceBand|SwiftSwim|FlipTurn,WaveCrash,AquaJet,LastRespects|||M|||50|,,,,,Grass]Amoonguss||SitrusBerry|Regenerator|Spore,RagePowder,PollenPuff,Protect|||F|||50|,,,,,Water]Incineroar||SafetyGoggles|Intimidate|FlareBlitz,KnockOff,PartingShot,FakeOut|||F|||50|,,,,,Ghost
|showteam|p2|Garchomp||ChoiceBand|RoughSkin|RockSlide,Earthquake,ScaleShot,BreakingSwipe|||M|||50|,,,,,Water]Rillaboom||AssaultVest|GrassySurge|GrassyGlide,WoodHammer,HighHorsepower,Uturn|||F|||50|,,,,,Grass]Drifblim||GrassySeed|Unburden|Tailwind,TrickRoom,SkillSwap,ShadowBall|||F|||50|,,,,,Normal]Sylveon||ThroatSpray|Pixilate|HyperVoice,Protect,TeraBlast,CalmMind|||M|||50|,,,,,Fire]Murkrow||Eviolite|Prankster|Taunt,Tailwind,Haze,FoulPlay|||F|||50|,,,,,Ground]Gallade||ClearAmulet|Sharpness|PsychoCut,NightSlash,SacredSword,Protect|||M|||50|,,,,,Dark
|
|t:|1756501536
|teamsize|p1|4
|teamsize|p2|4
|start
|switch|p1a: Pelipper|Pelipper, L50, M, shiny|100/100
|switch|p1b: Basculegion|Basculegion, L50, M, shiny|100/100
|switch|p2a: Gallade|Gallade, L50, M|100/100
|switch|p2b: Sylveon|Sylveon, L50, M|100/100
|-weather|RainDance|[from] ability: Drizzle|[of] p1a: Pelipper
|turn|1
|
|t:|1756501577
|-terastallize|p2a: Gallade|Dark
|move|p1b: Basculegion|Flip Turn|p2a: Gallade
|-damage|p2a: Gallade|4/100
|
|t:|1756501581
|switch|p1b: Amoonguss|Amoonguss, L50, F, shiny|100/100|[from] Flip Turn
|move|p1a: Pelipper|Weather Ball|p2b: Sylveon
|-damage|p2b: Sylveon|54/100
|move|p2a: Gallade|Night Slash|p1b: Amoonguss
|-crit|p1b: Amoonguss
|-damage|p1b: Amoonguss|29/100
|-enditem|p1b: Amoonguss|Sitrus Berry|[eat]
|-heal|p1b: Amoonguss|54/100|[from] item: Sitrus Berry
|move|p2b: Sylveon|Hyper Voice|p1a: Pelipper|[spread] p1a,p1b
|-resisted|p1b: Amoonguss
|-damage|p1a: Pelipper|31/100
|-damage|p1b: Amoonguss|37/100
|-enditem|p2b: Sylveon|Throat Spray
|-boost|p2b: Sylveon|spa|1|[from] item: Throat Spray
|
|-weather|RainDance|[upkeep]
|upkeep
|turn|2
|
|t:|1756501611
|switch|p2a: Garchomp|Garchomp, L50, M|100/100
|move|p1b: Amoonguss|Protect|p1b: Amoonguss
|-singleturn|p1b: Amoonguss|Protect
|move|p1a: Pelipper|Tailwind|p1a: Pelipper
|-sidestart|p1: raylof|move: Tailwind
|move|p2b: Sylveon|Hyper Voice|p1b: Amoonguss|[spread] p1a
|-activate|p1b: Amoonguss|move: Protect
|-damage|p1a: Pelipper|0 fnt
|faint|p1a: Pelipper
|
|-weather|RainDance|[upkeep]
|upkeep
|
|t:|1756501624
|switch|p1a: Basculegion|Basculegion, L50, M, shiny|100/100
|turn|3
|
|t:|1756501644
|switch|p1b: Archaludon|Archaludon, L50, F, shiny|100/100
|move|p2b: Sylveon|Protect|p2b: Sylveon
|-singleturn|p2b: Sylveon|Protect
|move|p1a: Basculegion|Wave Crash|p2a: Garchomp
|-damage|p2a: Garchomp|0 fnt
|-damage|p1a: Basculegion|88/100|[from] ability: Rough Skin|[of] p2a: Garchomp
|faint|p2a: Garchomp
|-damage|p1a: Basculegion|52/100|[from] Recoil
|
|-weather|RainDance|[upkeep]
|upkeep
|
|t:|1756501656
|switch|p2a: Murkrow|Murkrow, L50, F|100/100
|turn|4
|
|t:|1756501672
|move|p2a: Murkrow|Tailwind|p2a: Murkrow
|-sidestart|p2: Kahizar|move: Tailwind
|move|p1a: Basculegion|Wave Crash|p2b: Sylveon
|-damage|p2b: Sylveon|0 fnt
|faint|p2b: Sylveon
|-damage|p1a: Basculegion|34/100|[from] Recoil
|move|p1b: Archaludon|Electro Shot||[still]
|-prepare|p1b: Archaludon|Electro Shot
|-boost|p1b: Archaludon|spa|1
|-anim|p1b: Archaludon|Electro Shot|p2a: Murkrow
|-supereffective|p2a: Murkrow
|-damage|p2a: Murkrow|0 fnt
|faint|p2a: Murkrow
|
|-weather|RainDance|[upkeep]
|upkeep
|
|t:|1756501686
|switch|p2b: Gallade|Gallade, L50, M, tera:Dark|4/100
|turn|5
|
|t:|1756501692
|switch|p1a: Amoonguss|Amoonguss, L50, F, shiny|70/100
|move|p1b: Archaludon|Electro Shot||[still]
|-prepare|p1b: Archaludon|Electro Shot
|-boost|p1b: Archaludon|spa|1
|-anim|p1b: Archaludon|Electro Shot|p2b: Gallade
|-damage|p2b: Gallade|0 fnt
|faint|p2b: Gallade
|
|win|raylof
|raw|raylof's rating: 1115 → 1136(+21 for winning)
|raw|Kahizar's rating: 1053 → 1038(-15 for losing)
|l|☆Kahizar
|player|p2|
|l|☆raylof
|player|p1|
|j|☆raylof
|player|p1|raylof|170|
