|j|☆reshiee
|j|☆TimtheElephant
|html|reshieeTimtheElephant    
|uhtml|bestof|Game 2 of a best-of-3
|t:|1784495474
|gametype|doubles
|player|p1|reshiee|gwynn|1079
|player|p2|TimtheElephant|169|1095
|gen|9
|tier|[Gen 9 Champions] VGC 2026 Reg M-B (Bo3)
|rated|
|rule|Species Clause: Limit one of each Pokémon
|rule|Item Clause: Limit 1 of each item
|clearpoke
|poke|p1|Charizard, L50, M|
|poke|p1|Venusaur, L50, F|
|poke|p1|Pelipper, L50, F|
|poke|p1|Grimmsnarl, L50, M|
|poke|p1|Basculegion, L50, M|
|poke|p1|Archaludon, L50, M|
|poke|p2|Falinks, L50|
|poke|p2|Gholdengo, L50|
|poke|p2|Venusaur, L50, M|
|poke|p2|Tyranitar, L50, M|
|poke|p2|Milotic, L50, F|
|poke|p2|Aerodactyl, L50, F|
|teampreview|4
|showteam|p1|Charizard||CharizarditeY|Blaze|HeatWave,WeatherBall,SolarBeam,Protect|Modest||M|||50|]Venusaur||FocusSash|Chlorophyll|SludgeBomb,EarthPower,SleepPowder,Protect|Modest||F|||50|]Pelipper||SitrusBerry|Drizzle|Hurricane,WeatherBall,Tailwind,WideGuard|Modest||F|||50|]Grimmsnarl||LightClay|Prankster|SpiritBreak,Reflect,LightScreen,PartingShot|Sassy||M|||50|]Basculegion||ChoiceScarf|Adaptability|WaveCrash,LastRespects,FlipTurn,AquaJet|Jolly||M|||50|]Archaludon||Leftovers|Stamina|DragonPulse,FlashCannon,ElectroShot,Protect|Calm||M|||50|
|showteam|p2|Falinks||Falinksite|Defiant|NoRetreat,CloseCombat,RockSlide,ThroatChop|Adamant|||||50|]Gholdengo||LifeOrb|GoodasGold|MakeItRain,ShadowBall,Protect,NastyPlot|Modest|||||50|]Venusaur||Venusaurite|Overgrow|SludgeBomb,Protect,EarthPower,GigaDrain|Modest||M|||50|]Tyranitar||ChopleBerry|SandStream|RockSlide,KnockOff,LowKick,Protect|Adamant||M|||50|]Milotic||Leftovers|Competitive|Coil,MuddyWater,Hypnosis,Recover|Bold||F|||50|]Aerodactyl||FocusSash|Unnerve|RockSlide,Tailwind,WideGuard,IceFang|Jolly||F|||50|
|
|t:|1784495513
|teamsize|p1|4
|teamsize|p2|4
|start
|switch|p1a: Venusaur|Venusaur, L50, F|100/100
|switch|p1b: Charizard|Charizard, L50, M|100/100
|switch|p2a: Aerodactyl|Aerodactyl, L50, F|100/100
|switch|p2b: Gholdengo|Gholdengo, L50|100/100
|-ability|p2a: Aerodactyl|Unnerve
|turn|1
|
|t:|1784495535
|detailschange|p1b: Charizard|Charizard-Mega-Y, L50, M
|-mega|p1b: Charizard|Charizard|Charizardite Y
|-weather|SunnyDay|[from] ability: Drought|[of] p1b: Charizard
|move|p1b: Charizard|Protect|p1b: Charizard
|-singleturn|p1b: Charizard|Protect
|move|p2a: Aerodactyl|Wide Guard|p2a: Aerodactyl
|-singleturn|p2a: Aerodactyl|Wide Guard
|move|p1a: Venusaur|Sleep Powder|p2a: Aerodactyl
|-status|p2a: Aerodactyl|slp|[from] move: Sleep Powder
|move|p2b: Gholdengo|Nasty Plot|p2b: Gholdengo
|-boost|p2b: Gholdengo|spa|2
|
|-weather|SunnyDay|[upkeep]
|upkeep
|turn|2
|
|t:|1784495557
|switch|p2a: Tyranitar|Tyranitar, L50, M|100/100
|-weather|Sandstorm|[from] ability: Sand Stream|[of] p2a: Tyranitar
|move|p2b: Gholdengo|Protect|p2b: Gholdengo
|-singleturn|p2b: Gholdengo|Protect
|move|p1a: Venusaur|Earth Power|p2b: Gholdengo
|-activate|p2b: Gholdengo|move: Protect
|move|p1b: Charizard|Heat Wave|p2a: Tyranitar|[spread] p2a
|-activate|p2b: Gholdengo|move: Protect
|-resisted|p2a: Tyranitar|1
|-damage|p2a: Tyranitar|87/100
|
|-weather|Sandstorm|[upkeep]
|-damage|p1a: Venusaur|94/100|[from] Sandstorm
|-damage|p1b: Charizard|93/100|[from] Sandstorm
|upkeep
|turn|3
|
|t:|1784495581
|switch|p1a: Pelipper|Pelipper, L50, F|100/100
|-weather|RainDance|[from] ability: Drizzle|[of] p1a: Pelipper
|move|p2b: Gholdengo|Make It Rain|p1b: Charizard|[spread] p1a,p1b
|-resisted|p1a: Pelipper|1
|-resisted|p1b: Charizard|1
|-crit|p1b: Charizard
|-damage|p1a: Pelipper|25/100
|-damage|p1b: Charizard|7/100
|-unboost|p2b: Gholdengo|spa|2
|-enditem|p1a: Pelipper|Sitrus Berry|[eat]
|-heal|p1a: Pelipper|49/100|[from] item: Sitrus Berry
|-damage|p2b: Gholdengo|90/100|[from] item: Life Orb
|move|p1b: Charizard|Weather Ball|p2a: Tyranitar
|-supereffective|p2a: Tyranitar|1
|-damage|p2a: Tyranitar|0 fnt
|faint|p2a: Tyranitar
|
|-weather|RainDance|[upkeep]
|upkeep
|
|t:|1784495600
|switch|p2a: Falinks|Falinks, L50|100/100
|turn|4
|
|t:|1784495629
|detailschange|p2a: Falinks|Falinks-Mega, L50
|-mega|p2a: Falinks|Falinks|Falinksite
|move|p2b: Gholdengo|Protect|p2b: Gholdengo
|-singleturn|p2b: Gholdengo|Protect
|move|p2a: Falinks|Rock Slide|p1b: Charizard|[spread] p1a,p1b
|-supereffective|p1a: Pelipper|1
|-supereffective|p1b: Charizard|2
|-damage|p1a: Pelipper|0 fnt
|-damage|p1b: Charizard|0 fnt
|faint|p1a: Pelipper
|faint|p1b: Charizard
|
|-weather|RainDance|[upkeep]
|upkeep
|
|t:|1784495639
|switch|p1b: Archaludon|Archaludon, L50, M|100/100
|switch|p1a: Venusaur|Venusaur, L50, F|94/100
|turn|5
|
|t:|1784495653
|move|p2a: Falinks|Close Combat|p1b: Archaludon
|-supereffective|p1b: Archaludon|1
|-damage|p1b: Archaludon|0 fnt
|-unboost|p2a: Falinks|def|1
|-unboost|p2a: Falinks|spd|1
|faint|p1b: Archaludon
|move|p2b: Gholdengo|Make It Rain|p1a: Venusaur
|-damage|p1a: Venusaur|0 fnt
|-unboost|p2b: Gholdengo|spa|2
|faint|p1a: Venusaur
|-damage|p2b: Gholdengo|80/100|[from] item: Life Orb
|
|win|TimtheElephant
|inactive|reshiee has 30 seconds to confirm battle start!
|inactive|TimtheElephant has 30 seconds to confirm battle start!
