|j|☆char_labs
|j|☆samworldwide
|html|char_labssamworldwide    
|uhtml|bestof|Game 1 of a best-of-3
|t:|1757811210
|gametype|doubles
|player|p1|char_labs|clerkf|1138
|player|p2|samworldwide|psychic-gen3|1103
|gen|9
|tier|[Gen 9] VGC 2025 Reg H (Bo3)
|rated|
|rule|Species Clause: Limit one of each Pokémon
|rule|Item Clause: Limit 1 of each item
|clearpoke
|poke|p1|Dragonite, L50, F|
|poke|p1|Vivillon, L50, F|
|poke|p1|Ursaluna, L50, F|
|poke|p1|Gholdengo, L50|
|poke|p1|Incineroar, L50, F|
|poke|p1|Primarina, L50, F|
|poke|p2|Garchomp, L50, F|
|poke|p2|Hydreigon, L50, F|
|poke|p2|Typhlosion-Hisui, L50, F|
|poke|p2|Venusaur, L50, F|
|poke|p2|Torkoal, L50, M|
|poke|p2|Whimsicott, L50, F|
|teampreview|4
|showteam|p1|Dragonite||LoadedDice|Multiscale|ScaleShot,Protect,Haze,LowKick|||F|||50|,,,,,Fairy]Vivillon||FocusSash|CompoundEyes|Tailwind,Protect,Hurricane,SleepPowder|||F|||50|,,,,,Ghost]Ursaluna||FlameOrb|Guts|Protect,Facade,Earthquake,HeadlongRush|||F|||50|,,,,,Ghost]Gholdengo||Leftovers|GoodasGold|MakeItRain,ShadowBall,NastyPlot,Protect||||||50|,,,,,Water]Incineroar||SafetyGoggles|Intimidate|FakeOut,PartingShot,KnockOff,FlareBlitz|||F|||50|,,,,,Dragon]Primarina||SitrusBerry|LiquidVoice|Protect,DazzlingGleam,Moonblast,HyperVoice|||F|||50|,,,,,Steel
|showteam|p2|Garchomp||ClearAmulet|RoughSkin|StompingTantrum,DragonClaw,Earthquake,Protect|||F|||50|,,,,,Steel]Hydreigon||LifeOrb|Levitate|DracoMeteor,DarkPulse,HeatWave,Protect|||F|||50|,,,,,Poison]Typhlosion-Hisui||ChoiceSpecs|Blaze|Eruption,HeatWave,SolarBeam,ShadowBall|||F|||50|,,,,,Fire]Venusaur||FocusSash|Chlorophyll|GrassKnot,WeatherBall,SleepPowder,Protect|||F|||50|,,,,,Fire]Torkoal||EjectPack|Drought|Overheat,Eruption,HelpingHand,Protect|||M|||50|,,,,,Flying]Whimsicott||CovertCloak|Prankster|Moonblast,SunnyDay,Tailwind,Encore|||F|||50|,,,,,Water
|inactive|Battle timer is ON: inactive players will automatically lose when time's up. (requested by char_labs)
|inactive|char_labs has 60 seconds left.
|inactive|samworldwide has 60 seconds left.
|inactive|samworldwide has 30 seconds left.
|
|t:|1757811280
|teamsize|p1|4
|teamsize|p2|4
|start
|switch|p1a: Dragonite|Dragonite, L50, F|100/100
|switch|p1b: Incineroar|Incineroar, L50, F|100/100
|switch|p2a: Hydreigon|Hydreigon, L50, F|100/100
|switch|p2b: Torkoal|Torkoal, L50, M|100/100
|-ability|p1b: Incineroar|Intimidate|boost
|-unboost|p2a: Hydreigon|atk|1
|-unboost|p2b: Torkoal|atk|1
|-weather|SunnyDay|[from] ability: Drought|[of] p2b: Torkoal
|-enditem|p2b: Torkoal|Eject Pack
|
|t:|1757811283
|switch|p2b: Venusaur|Venusaur, L50, F|100/100
|turn|1
|inactive|char_labs has 30 seconds left.
|
|t:|1757811318
|-terastallize|p1a: Dragonite|Fairy
|move|p2b: Venusaur|Protect|p2b: Venusaur
|-singleturn|p2b: Venusaur|Protect
|move|p2a: Hydreigon|Protect|p2a: Hydreigon
|-singleturn|p2a: Hydreigon|Protect
|move|p1b: Incineroar|Fake Out|p2b: Venusaur
|-activate|p2b: Venusaur|move: Protect
|move|p1a: Dragonite|Scale Shot|p2b: Venusaur
|-activate|p2b: Venusaur|move: Protect
|
|-weather|SunnyDay|[upkeep]
|upkeep
|turn|2
|
|t:|1757811339
|move|p1a: Dragonite|Protect|p1a: Dragonite
|-singleturn|p1a: Dragonite|Protect
|move|p2b: Venusaur|Sleep Powder|p1a: Dragonite
|-activate|p1a: Dragonite|move: Protect
|move|p2a: Hydreigon|Heat Wave|p1b: Incineroar|[spread] p1b
|-activate|p1a: Dragonite|move: Protect
|-resisted|p1b: Incineroar
|-damage|p1b: Incineroar|81/100
|-damage|p2a: Hydreigon|91/100|[from] item: Life Orb
|move|p1b: Incineroar|Flare Blitz|p2b: Venusaur
|-supereffective|p2b: Venusaur
|-enditem|p2b: Venusaur|Focus Sash
|-damage|p2b: Venusaur|1/100
|-damage|p1b: Incineroar|55/100|[from] Recoil
|
|-weather|SunnyDay|[upkeep]
|upkeep
|turn|3
|inactive|samworldwide has 30 seconds left.
|inactive|char_labs has 30 seconds left.
|
|t:|1757811374
|move|p2b: Venusaur|Sleep Powder|p1a: Dragonite
|-status|p1a: Dragonite|slp|[from] move: Sleep Powder
|move|p2a: Hydreigon|Heat Wave|p1b: Incineroar|[spread] p1a,p1b
|-resisted|p1b: Incineroar
|-damage|p1a: Dragonite|75/100 slp
|-damage|p1b: Incineroar|35/100
|-damage|p2a: Hydreigon|81/100|[from] item: Life Orb
|cant|p1a: Dragonite|slp
|move|p1b: Incineroar|Parting Shot|p2a: Hydreigon
|-unboost|p2a: Hydreigon|atk|1
|-unboost|p2a: Hydreigon|spa|1
|
|t:|1757811378
|switch|p1b: Primarina|Primarina, L50, F|100/100|[from] Parting Shot
|
|-weather|SunnyDay|[upkeep]
|upkeep
|turn|4
|inactive|samworldwide has 30 seconds left.
|inactive|samworldwide has 20 seconds left.
|
|t:|1757811416
|move|p1b: Primarina|Protect|p1b: Primarina
|-singleturn|p1b: Primarina|Protect
|move|p2b: Venusaur|Grass Knot|p1b: Primarina
|-activate|p1b: Primarina|move: Protect
|move|p2a: Hydreigon|Heat Wave|p1b: Primarina|[spread] p1a
|-activate|p1b: Primarina|move: Protect
|-damage|p1a: Dragonite|40/100 slp
|-damage|p2a: Hydreigon|72/100|[from] item: Life Orb
|cant|p1a: Dragonite|slp
|
|-weather|SunnyDay|[upkeep]
|upkeep
|turn|5
|inactive|samworldwide has 30 seconds left.
|
|t:|1757811450
|switch|p1b: Incineroar|Incineroar, L50, F|35/100
|-ability|p1b: Incineroar|Intimidate|boost
|-unboost|p2a: Hydreigon|atk|1
|-unboost|p2b: Venusaur|atk|1
|move|p2b: Venusaur|Grass Knot|p1a: Dragonite
|-damage|p1a: Dragonite|0 fnt
|faint|p1a: Dragonite
|move|p2a: Hydreigon|Dark Pulse|p1b: Incineroar
|-resisted|p1b: Incineroar
|-damage|p1b: Incineroar|20/100
|-damage|p2a: Hydreigon|62/100|[from] item: Life Orb
|
|-weather|none
|upkeep
|
|t:|1757811458
|switch|p1a: Primarina|Primarina, L50, F|100/100
|turn|6
|
|t:|1757811476
|switch|p2a: Torkoal|Torkoal, L50, M|100/100
|-weather|SunnyDay|[from] ability: Drought|[of] p2a: Torkoal
|move|p2b: Venusaur|Protect|p2b: Venusaur
|-singleturn|p2b: Venusaur|Protect
|move|p1b: Incineroar|Fake Out|p2b: Venusaur
|-activate|p2b: Venusaur|move: Protect
|move|p1a: Primarina|Dazzling Gleam|p2b: Venusaur|[spread] p2a
|-activate|p2b: Venusaur|move: Protect
|-resisted|p2a: Torkoal
|-damage|p2a: Torkoal|87/100
|
|-weather|SunnyDay|[upkeep]
|upkeep
|turn|7
|
|t:|1757811498
|switch|p1a: Vivillon|Vivillon, L50, F|100/100
|move|p2b: Venusaur|Weather Ball|p1b: Incineroar
|-resisted|p1b: Incineroar
|-damage|p1b: Incineroar|0 fnt
|faint|p1b: Incineroar
|move|p2a: Torkoal|Overheat|p1a: Vivillon
|-supereffective|p1a: Vivillon
|-enditem|p1a: Vivillon|Focus Sash
|-damage|p1a: Vivillon|1/100
|-unboost|p2a: Torkoal|spa|2
|
|-weather|SunnyDay|[upkeep]
|upkeep
|
|t:|1757811504
|switch|p1b: Primarina|Primarina, L50, F|100/100
|turn|8
|
|t:|1757811520
|move|p2b: Venusaur|Grass Knot|p1b: Primarina
|-supereffective|p1b: Primarina
|-damage|p1b: Primarina|52/100
|move|p1a: Vivillon|Tailwind|p1a: Vivillon
|-sidestart|p1: char_labs|move: Tailwind
|move|p1b: Primarina|Dazzling Gleam|p2a: Torkoal|[spread] p2a,p2b
|-resisted|p2a: Torkoal
|-resisted|p2b: Venusaur
|-damage|p2a: Torkoal|75/100
|-damage|p2b: Venusaur|0 fnt
|faint|p2b: Venusaur
|move|p2a: Torkoal|Eruption|p1b: Primarina|[spread] p1a,p1b
|-supereffective|p1a: Vivillon
|-resisted|p1b: Primarina
|-damage|p1a: Vivillon|0 fnt
|-damage|p1b: Primarina|44/100
|-enditem|p1b: Primarina|Sitrus Berry|[eat]
|-heal|p1b: Primarina|68/100|[from] item: Sitrus Berry
|faint|p1a: Vivillon
|
|-weather|SunnyDay|[upkeep]
|upkeep
|
|t:|1757811528
|switch|p2b: Typhlosion|Typhlosion-Hisui, L50, F|100/100
|turn|9
|
|t:|1757811535
|move|p1b: Primarina|Hyper Voice|p2b: Typhlosion|[spread] p2a,p2b
|-supereffective|p2a: Torkoal
|-supereffective|p2b: Typhlosion
|-damage|p2a: Torkoal|47/100
|-damage|p2b: Typhlosion|59/100
|move|p2b: Typhlosion|Solar Beam||[still]
|-prepare|p2b: Typhlosion|Solar Beam
|-anim|p2b: Typhlosion|Solar Beam|p1b: Primarina
|-supereffective|p1b: Primarina
|-damage|p1b: Primarina|0 fnt
|faint|p1b: Primarina
|
|win|samworldwide
||samworldwide is ready for game 2.
||char_labs is ready for game 2.
|uhtml|next|Next: Game 2 of 3
