|j|☆Mtcoc2
|j|☆Daniw9
|html|Mtcoc2Daniw9    
|uhtml|bestof|Game 1 of a best-of-3
|t:|1756454158
|gametype|doubles
|player|p1|Mtcoc2|170|1204
|player|p2|Daniw9|101|1145
|gen|9
|tier|[Gen 9] VGC 2025 Reg H (Bo3)
|rated|
|rule|Species Clause: Limit one of each Pokémon
|rule|Item Clause: Limit 1 of each item
|clearpoke
|poke|p1|Dragonite, L50, F|
|poke|p1|Ninetales-Alola, L50, M|
|poke|p1|Annihilape, L50, F|
|poke|p1|Ursaluna-Bloodmoon, L50, M|
|poke|p1|Magmar, L50, F|
|poke|p1|Gholdengo, L50|
|poke|p2|Garchomp, L50, F|
|poke|p2|Tyranitar, L50, M|
|poke|p2|Delphox, L50, F|
|poke|p2|Indeedee-F, L50, F|
|poke|p2|Gallade, L50, M|
|poke|p2|Whimsicott, L50, M|
|teampreview|4
|showteam|p1|Dragonite||LoadedDice|Multiscale|ScaleShot,ExtremeSpeed,Haze,Protect|||F|||50|,,,,,Steel]Ninetales-Alola||LightClay|SnowWarning|AuroraVeil,Blizzard,IcicleSpear,Encore|||M|||50|,,,,,Ghost]Annihilape||SafetyGoggles|Defiant|DrainPunch,RageFist,BulkUp,Protect|||F|||50|,,,,,Water]Ursaluna-Bloodmoon||AssaultVest|MindsEye|EarthPower,BloodMoon,HyperVoice,VacuumWave|||M|||50|,,,,,Water]Magmar||Eviolite|FlameBody|FollowMe,Overheat,Taunt,Protect|||F|||50|,,,,,Ghost]Gholdengo||MetalCoat|GoodasGold|MakeItRain,ShadowBall,NastyPlot,Protect||||||50|,,,,,Dragon
|showteam|p2|Garchomp||LifeOrb|SandVeil|Earthquake,StompingTantrum,Protect,DragonClaw|||F|||50|,,,,,Steel]Tyranitar||AssaultVest|SandStream|RockSlide,TeraBlast,KnockOff,LowKick|||M|||50|,,,,,Flying]Delphox||PsychicSeed|Magician|ExpandingForce,HeatWave,TeraBlast,Protect|||F|||50|,,,,,Fairy]Indeedee-F||SafetyGoggles|PsychicSurge|DazzlingGleam,TrickRoom,FollowMe,HelpingHand|||F|||50|,,,,,Water]Gallade||ClearAmulet|Sharpness|SacredSword,PsychoCut,TrickRoom,Protect|||M|||50|,,,,,Grass]Whimsicott||CovertCloak|Prankster|Moonblast,Tailwind,Encore,Protect|||M|||50|,,,,,Ghost
|inactive|Battle timer is ON: inactive players will automatically lose when time's up. (requested by Daniw9)
|inactive|Mtcoc2 has 60 seconds left.
|inactive|Mtcoc2 has 30 seconds left.
|
|t:|1756454266
|teamsize|p1|4
|teamsize|p2|4
|start
|switch|p1a: Gholdengo|Gholdengo, L50|100/100
|switch|p1b: Dragonite|Dragonite, L50, F|100/100
|switch|p2a: Indeedee|Indeedee-F, L50, F|100/100
|switch|p2b: Delphox|Delphox, L50, F|100/100
|-fieldstart|move: Psychic Terrain|[from] ability: Psychic Surge|[of] p2a: Indeedee
|-enditem|p2b: Delphox|Psychic Seed
|-boost|p2b: Delphox|spd|1|[from] item: Psychic Seed
|turn|1
|inactive|Mtcoc2 has 30 seconds left.
|inactive|Daniw9 has 30 seconds left.
|
|t:|1756454296
|switch|p2b: Tyranitar|Tyranitar, L50, M|100/100
|-weather|Sandstorm|[from] ability: Sand Stream|[of] p2b: Tyranitar
|move|p1b: Dragonite|Scale Shot|p2b: Tyranitar
|-damage|p2b: Tyranitar|88/100
|-damage|p2b: Tyranitar|77/100
|-damage|p2b: Tyranitar|65/100
|-damage|p2b: Tyranitar|53/100
|-hitcount|p2b: Tyranitar|4
|-unboost|p1b: Dragonite|def|1
|-boost|p1b: Dragonite|spe|1
|move|p1a: Gholdengo|Nasty Plot|p1a: Gholdengo
|-boost|p1a: Gholdengo|spa|2
|move|p2a: Indeedee|Trick Room|p2a: Indeedee
|-fieldstart|move: Trick Room|[of] p2a: Indeedee
|
|-weather|Sandstorm|[upkeep]
|-damage|p1b: Dragonite|94/100|[from] Sandstorm
|upkeep
|turn|2
|inactive|Mtcoc2 has 30 seconds left.
|
|t:|1756454331
|switch|p1b: Ursaluna|Ursaluna-Bloodmoon, L50, M|100/100
|move|p1a: Gholdengo|Protect|p1a: Gholdengo
|-singleturn|p1a: Gholdengo|Protect
|move|p2a: Indeedee|Dazzling Gleam|p1b: Ursaluna|[spread] p1b
|-activate|p1a: Gholdengo|move: Protect
|-damage|p1b: Ursaluna|91/100
|move|p2b: Tyranitar|Knock Off|p1a: Gholdengo
|-activate|p1a: Gholdengo|move: Protect
|
|-weather|Sandstorm|[upkeep]
|upkeep
|turn|3
|
|t:|1756454353
|-terastallize|p1a: Gholdengo|Dragon
|move|p2a: Indeedee|Follow Me|p2a: Indeedee
|-singleturn|p2a: Indeedee|move: Follow Me
|move|p1b: Ursaluna|Hyper Voice|p2a: Indeedee|[spread] p2a,p2b
|-resisted|p2b: Tyranitar
|-damage|p2a: Indeedee|68/100
|-damage|p2b: Tyranitar|47/100
|move|p2b: Tyranitar|Knock Off|p1a: Gholdengo
|-damage|p1a: Gholdengo|53/100
|-enditem|p1a: Gholdengo|Metal Coat|[from] move: Knock Off|[of] p2b: Tyranitar
|move|p1a: Gholdengo|Make It Rain|p2a: Indeedee|[spread] p2a,p2b
|-supereffective|p2b: Tyranitar
|-damage|p2a: Indeedee|0 fnt
|-damage|p2b: Tyranitar|0 fnt
|-unboost|p1a: Gholdengo|spa|1
|faint|p2a: Indeedee
|faint|p2b: Tyranitar
|
|-weather|Sandstorm|[upkeep]
|-damage|p1a: Gholdengo|47/100|[from] Sandstorm
|upkeep
|
|t:|1756454371
|switch|p2a: Delphox|Delphox, L50, F|100/100
|switch|p2b: Garchomp|Garchomp, L50, F|100/100
|turn|4
|
|t:|1756454387
|-terastallize|p2b: Garchomp|Steel
|move|p2a: Delphox|Protect|p2a: Delphox
|-singleturn|p2a: Delphox|Protect
|move|p1b: Ursaluna|Earth Power|p2a: Delphox
|-activate|p2a: Delphox|move: Protect
|move|p1a: Gholdengo|Make It Rain|p2b: Garchomp|[spread] 
|-activate|p2a: Delphox|move: Protect
|-miss|p1a: Gholdengo|p2b: Garchomp
|move|p2b: Garchomp|Earthquake|p1a: Gholdengo|[spread] p1a,p1b
|-activate|p2a: Delphox|move: Protect
|-damage|p1a: Gholdengo|0 fnt
|-damage|p1b: Ursaluna|48/100
|faint|p1a: Gholdengo
|-damage|p2b: Garchomp|91/100|[from] item: Life Orb
|
|-weather|Sandstorm|[upkeep]
|-damage|p2a: Delphox|95/100|[from] Sandstorm
|upkeep
|
|t:|1756454404
|switch|p1a: Dragonite|Dragonite, L50, F|94/100
|turn|5
|
|t:|1756454415
|move|p2b: Garchomp|Protect|p2b: Garchomp
|-singleturn|p2b: Garchomp|Protect
|move|p1b: Ursaluna|Earth Power|p2b: Garchomp
|-activate|p2b: Garchomp|move: Protect
|move|p1a: Dragonite|Scale Shot|p2a: Delphox
|-damage|p2a: Delphox|73/100
|-damage|p2a: Delphox|51/100
|-damage|p2a: Delphox|29/100
|-damage|p2a: Delphox|7/100
|-damage|p2a: Delphox|0 fnt
|faint|p2a: Delphox
|-hitcount|p2: Delphox|5
|-unboost|p1a: Dragonite|def|1
|-boost|p1a: Dragonite|spe|1
|
|-weather|none
|-fieldend|move: Trick Room
|-fieldend|move: Psychic Terrain
|upkeep
|turn|6
|
|t:|1756454440
|move|p1b: Ursaluna|Vacuum Wave|p2b: Garchomp
|-supereffective|p2b: Garchomp
|-crit|p2b: Garchomp
|-damage|p2b: Garchomp|39/100
|move|p1a: Dragonite|Scale Shot|p2b: Garchomp
|-resisted|p2b: Garchomp
|-damage|p2b: Garchomp|32/100
|-resisted|p2b: Garchomp
|-damage|p2b: Garchomp|26/100
|-resisted|p2b: Garchomp
|-damage|p2b: Garchomp|19/100
|-resisted|p2b: Garchomp
|-damage|p2b: Garchomp|12/100
|-resisted|p2b: Garchomp
|-damage|p2b: Garchomp|5/100
|-hitcount|p2b: Garchomp|5
|-unboost|p1a: Dragonite|def|1
|-boost|p1a: Dragonite|spe|1
|move|p2b: Garchomp|Earthquake|p1a: Dragonite|[spread] p1b
|-immune|p1a: Dragonite
|-damage|p1b: Ursaluna|9/100
|-damage|p2b: Garchomp|0 fnt|[from] item: Life Orb
|faint|p2b: Garchomp
|
|win|Mtcoc2
||Daniw9 is ready for game 2.
||Mtcoc2 is ready for game 2.
|uhtml|next|Next: Game 2 of 3
|l|☆Mtcoc2
|player|p1|
