|j|☆lazarett
|j|☆Il mule
|html|lazarettIl mule    
|uhtml|bestof|Game 2 of a best-of-3
|t:|1756208779
|gametype|doubles
|player|p1|lazarett|riley|1401
|player|p2|Il mule|salvatore|1485
|gen|9
|tier|[Gen 9] VGC 2025 Reg H (Bo3)
|rated|
|rule|Species Clause: Limit one of each Pokémon
|rule|Item Clause: Limit 1 of each item
|clearpoke
|poke|p1|Dondozo, L50, M|
|poke|p1|Tatsugiri, L50, F|
|poke|p1|Indeedee, L50, M|
|poke|p1|Sneasler, L50, M|
|poke|p1|Murkrow, L50, M|
|poke|p1|Gholdengo, L50|
|poke|p2|Corviknight, L50, M|
|poke|p2|Garchomp, L50, M|
|poke|p2|Tyranitar, L50, M|
|poke|p2|Gholdengo, L50|
|poke|p2|Sneasler, L50, M|
|poke|p2|Incineroar, L50, M|
|teampreview|4
|showteam|p1|Dondozo||SafetyGoggles|Unaware|WaveCrash,Earthquake,OrderUp,Protect|||M|||50|,,,,,Steel]Tatsugiri||ChoiceScarf|Commander|MuddyWater,DracoMeteor,IcyWind,DragonPulse|||F|||50|,,,,,Ghost]Indeedee||FocusSash|PsychicSurge|ExpandingForce,Protect,TrickRoom,HelpingHand|||M|||50|,,,,,Psychic]Sneasler||PsychicSeed|Unburden|CloseCombat,DireClaw,ThroatChop,Protect|||M|||50|,,,,,Dark]Murkrow||Eviolite|Prankster|FoulPlay,Tailwind,Haze,Taunt|||M|||50|,,,,,Ghost]Gholdengo||ChoiceSpecs|GoodasGold|MakeItRain,ShadowBall,PowerGem,Trick||||||50|,,,,,Steel
|showteam|p2|Corviknight||CovertCloak|MirrorArmor|BraveBird,Taunt,Roost,Tailwind|||M|||50|,,,,,Dragon]Garchomp||ClearAmulet|RoughSkin|Earthquake,DragonClaw,StompingTantrum,Protect|||M|||50|,,,,,Ground]Tyranitar||AssaultVest|SandStream|RockSlide,KnockOff,TeraBlast,LowKick|||M|||50|,,,,,Flying]Gholdengo||LifeOrb|GoodasGold|MakeItRain,ShadowBall,NastyPlot,Protect||||||50|,,,,,Water]Sneasler||WhiteHerb|Unburden|DireClaw,CloseCombat,Coaching,Protect|||M|||50|,,,,,Ghost]Incineroar||SitrusBerry|Intimidate|FlareBlitz,WillOWisp,PartingShot,FakeOut|||M|||50|,,,,,Grass
|inactive|Battle timer is ON: inactive players will automatically lose when time's up. (requested by lazarett)
|inactive|Il mule has 60 seconds left.
|
|t:|1756208821
|teamsize|p1|4
|teamsize|p2|4
|start
|switch|p1a: Indeedee|Indeedee, L50, M|100/100
|switch|p1b: Sneasler|Sneasler, L50, M|100/100
|switch|p2a: Corviknight|Corviknight, L50, M, shiny|100/100
|switch|p2b: Garchomp|Garchomp, L50, M|100/100
|-fieldstart|move: Psychic Terrain|[from] ability: Psychic Surge|[of] p1a: Indeedee
|-enditem|p1b: Sneasler|Psychic Seed
|-boost|p1b: Sneasler|spd|1|[from] item: Psychic Seed
|turn|1
|
|t:|1756208844
|move|p1a: Indeedee|Helping Hand|p1b: Sneasler
|-singleturn|p1b: Sneasler|Helping Hand|[of] p1a: Indeedee
|move|p1b: Sneasler|Close Combat|p2a: Corviknight
|-damage|p2a: Corviknight|15/100
|-unboost|p1b: Sneasler|def|1
|-unboost|p1b: Sneasler|spd|1
|move|p2b: Garchomp|Earthquake|p1a: Indeedee|[spread] p1a,p1b
|-immune|p2a: Corviknight
|-supereffective|p1b: Sneasler
|-damage|p1a: Indeedee|19/100
|-damage|p1b: Sneasler|0 fnt
|faint|p1b: Sneasler
|move|p2a: Corviknight|Brave Bird|p1a: Indeedee
|-damage|p1a: Indeedee|0 fnt
|faint|p1a: Indeedee
|-damage|p2a: Corviknight|11/100|[from] Recoil
|
|upkeep
|
|t:|1756208851
|switch|p1b: Dondozo|Dondozo, L50, M|100/100
|switch|p1a: Tatsugiri|Tatsugiri, L50, F|100/100
|-activate|p1a: Tatsugiri|ability: Commander|[of] p1b: Dondozo
|-boost|p1b: Dondozo|atk|2
|-boost|p1b: Dondozo|spa|2
|-boost|p1b: Dondozo|spe|2
|-boost|p1b: Dondozo|def|2
|-boost|p1b: Dondozo|spd|2
|turn|2
|
|t:|1756208870
|switch|p2b: Incineroar|Incineroar, L50, M|100/100
|-ability|p2b: Incineroar|Intimidate|boost
|-unboost|p1a: Tatsugiri|atk|1
|-unboost|p1b: Dondozo|atk|1
|switch|p2a: Sneasler|Sneasler, L50, M|100/100
|move|p1b: Dondozo|Order Up|p2a: Sneasler
|-damage|p2a: Sneasler|50/100
|-boost|p1b: Dondozo|atk|1
|
|upkeep
|turn|3
|inactive|lazarett has 30 seconds left.
|
|t:|1756208904
|-terastallize|p2b: Incineroar|Grass
|move|p2a: Sneasler|Protect|p2a: Sneasler
|-singleturn|p2a: Sneasler|Protect
|move|p1b: Dondozo|Order Up|p2b: Incineroar
|-damage|p2b: Incineroar|62/100
|-boost|p1b: Dondozo|atk|1
|move|p2b: Incineroar|Will-O-Wisp|p1b: Dondozo
|-status|p1b: Dondozo|brn
|
|-damage|p1b: Dondozo|94/100 brn|[from] brn
|upkeep
|turn|4
|
|t:|1756208919
|switch|p2a: Garchomp|Garchomp, L50, M|100/100
|move|p1b: Dondozo|Order Up|p2a: Garchomp
|-supereffective|p2a: Garchomp
|-damage|p2a: Garchomp|39/100
|-boost|p1b: Dondozo|atk|1
|move|p2b: Incineroar|Parting Shot|p1b: Dondozo
|-unboost|p1b: Dondozo|atk|1
|-unboost|p1b: Dondozo|spa|1
|
|t:|1756208927
|switch|p2b: Sneasler|Sneasler, L50, M|50/100|[from] Parting Shot
|
|-damage|p1b: Dondozo|88/100 brn|[from] brn
|upkeep
|turn|5
|
|t:|1756208933
|switch|p2a: Incineroar|Incineroar, L50, M, tera:Grass|62/100
|-ability|p2a: Incineroar|Intimidate|boost
|-unboost|p1a: Tatsugiri|atk|1
|-unboost|p1b: Dondozo|atk|1
|move|p2b: Sneasler|Protect|p2b: Sneasler
|-singleturn|p2b: Sneasler|Protect
|move|p1b: Dondozo|Order Up|p2b: Sneasler
|-activate|p2b: Sneasler|move: Protect
|
|-damage|p1b: Dondozo|82/100 brn|[from] brn
|-fieldend|move: Psychic Terrain
|upkeep
|turn|6
|inactive|Il mule has 30 seconds left.
|
|t:|1756208959
|switch|p2b: Corviknight|Corviknight, L50, M, shiny|11/100
|move|p1b: Dondozo|Protect|p1b: Dondozo
|-singleturn|p1b: Dondozo|Protect
|move|p2a: Incineroar|Parting Shot|p2b: Corviknight
|-ability|p2b: Corviknight|Mirror Armor
|-unboost|p2a: Incineroar|atk|1
|-ability|p2b: Corviknight|Mirror Armor
|-unboost|p2a: Incineroar|spa|1
|
|t:|1756208971
|switch|p2a: Sneasler|Sneasler, L50, M|50/100|[from] Parting Shot
|
|-damage|p1b: Dondozo|76/100 brn|[from] brn
|upkeep
|turn|7
|
|t:|1756208984
|switch|p2b: Incineroar|Incineroar, L50, M, tera:Grass|62/100
|-ability|p2b: Incineroar|Intimidate|boost
|-unboost|p1a: Tatsugiri|atk|1
|-unboost|p1b: Dondozo|atk|1
|move|p1b: Dondozo|Wave Crash|p2b: Incineroar
|-resisted|p2b: Incineroar
|-damage|p2b: Incineroar|45/100
|-enditem|p2b: Incineroar|Sitrus Berry|[eat]
|-heal|p2b: Incineroar|70/100|[from] item: Sitrus Berry
|-damage|p1b: Dondozo|71/100 brn|[from] Recoil
|move|p2a: Sneasler|Close Combat|p1b: Dondozo
|-damage|p1b: Dondozo|48/100 brn
|-unboost|p2a: Sneasler|def|1
|-unboost|p2a: Sneasler|spd|1
|-enditem|p2a: Sneasler|White Herb
|-clearnegativeboost|p2a: Sneasler|[silent]
|
|-damage|p1b: Dondozo|42/100 brn|[from] brn
|upkeep
|turn|8
|-message|lazarett forfeited.
|raw|lazarett's rating: 1401 → 1386(-15 for losing)
|raw|Il mule's rating: 1485 → 1500(+15 for winning)
|
|win|Il mule
