|j|☆damage77
|j|☆Lightoz IV
|html|damage77Lightoz IV    
|uhtml|bestof|Game 1 of a best-of-3
|t:|1756229911
|gametype|doubles
|player|p1|damage77|flint|1379
|player|p2|Lightoz IV|blue-gen2|1428
|gen|9
|tier|[Gen 9] VGC 2025 Reg H (Bo3)
|rated|
|rule|Species Clause: Limit one of each Pokémon
|rule|Item Clause: Limit 1 of each item
|clearpoke
|poke|p1|Ninetales-Alola, L50, F|
|poke|p1|Gholdengo, L50|
|poke|p1|Dragonite, L50, F|
|poke|p1|Annihilape, L50, M|
|poke|p1|Ursaluna-Bloodmoon, L50, M|
|poke|p1|Incineroar, L50, M|
|poke|p2|Volcarona, L50, M|
|poke|p2|Rillaboom, L50, M|
|poke|p2|Electabuzz, L50, F|
|poke|p2|Dragonite, L50, F|
|poke|p2|Kingambit, L50, M|
|poke|p2|Sneasler, L50, M|
|teampreview|4
|showteam|p1|Ninetales-Alola||LightClay|SnowWarning|IcicleSpear,Blizzard,AuroraVeil,IcyWind|||F|||50|,,,,,Ghost]Gholdengo||ChoiceScarf|GoodasGold|MakeItRain,ShadowBall,Trick,NastyPlot||||||50|,,,,,Steel]Dragonite||LoadedDice|Multiscale|ScaleShot,ExtremeSpeed,Protect,Haze|||F|||50|,,,,,Normal]Annihilape||SafetyGoggles|Defiant|DrainPunch,RageFist,BulkUp,Protect|||M|||50|,,,,,Fire]Ursaluna-Bloodmoon||AssaultVest|MindsEye|BloodMoon,HyperVoice,EarthPower,VacuumWave|||M|||50|,,,,,Water]Incineroar||SitrusBerry|Intimidate|FakeOut,FlareBlitz,KnockOff,PartingShot|||M|||50|,,,,,Ghost
|showteam|p2|Volcarona||CovertCloak|FlameBody|HeatWave,TeraBlast,QuiverDance,Protect|||M|||50|,,,,,Fairy]Rillaboom||AssaultVest|GrassySurge|WoodHammer,GrassyGlide,HighHorsepower,FakeOut|||M|||50|,,,,,Fire]Electabuzz||Eviolite|VitalSpirit|Thunderbolt,FollowMe,Taunt,Protect|||F|||50|,,,,,Ghost]Dragonite||LoadedDice|Multiscale|ScaleShot,ExtremeSpeed,Haze,Protect|||F|||50|,,,,,Fairy]Kingambit||BlackGlasses|Defiant|KowtowCleave,SuckerPunch,SwordsDance,Protect|||M|||50|,,,,,Dark]Sneasler||FocusSash|Unburden|CloseCombat,DireClaw,Coaching,Protect|||M|||50|,,,,,Stellar
|
|t:|1756229969
|teamsize|p1|4
|teamsize|p2|4
|start
|switch|p1a: Gholdengo|Gholdengo, L50|100/100
|switch|p1b: Ursaluna|Ursaluna-Bloodmoon, L50, M|100/100
|switch|p2a: Kingambit|Kingambit, L50, M|100/100
|switch|p2b: Electabuzz|Electabuzz, L50, F|100/100
|turn|1
|inactive|Battle timer is ON: inactive players will automatically lose when time's up. (requested by Lightoz IV)
|
|t:|1756230012
|-terastallize|p1a: Gholdengo|Steel
|move|p2b: Electabuzz|Follow Me|p2b: Electabuzz
|-singleturn|p2b: Electabuzz|move: Follow Me
|move|p1a: Gholdengo|Trick|p2b: Electabuzz
|-activate|p1a: Gholdengo|move: Trick|[of] p2b: Electabuzz
|-item|p2b: Electabuzz|Choice Scarf|[from] move: Trick
|-item|p1a: Gholdengo|Eviolite|[from] move: Trick
|move|p1b: Ursaluna|Earth Power|p2b: Electabuzz
|-supereffective|p2b: Electabuzz
|-damage|p2b: Electabuzz|0 fnt
|faint|p2b: Electabuzz
|move|p2a: Kingambit|Swords Dance|p2a: Kingambit
|-boost|p2a: Kingambit|atk|2
|
|upkeep
|
|t:|1756230022
|switch|p2b: Sneasler|Sneasler, L50, M|100/100
|turn|2
|inactive|damage77 has 30 seconds left.
|inactive|damage77 has 20 seconds left.
|inactive|damage77 has 15 seconds left.
|inactive|damage77 has 10 seconds left.
|inactive|damage77 has 5 seconds left.
|
|t:|1756230072
|switch|p1a: Annihilape|Annihilape, L50, M|100/100
|-terastallize|p2a: Kingambit|Dark
|move|p1b: Ursaluna|Vacuum Wave|p2a: Kingambit
|-supereffective|p2a: Kingambit
|-damage|p2a: Kingambit|71/100
|move|p2a: Kingambit|Sucker Punch||[still]
|-fail|p2a: Kingambit
|move|p2b: Sneasler|Close Combat|p1a: Annihilape
|-immune|p1a: Annihilape
|
|upkeep
|turn|3
|inactive|damage77 has 30 seconds left.
|inactive|damage77 has 20 seconds left.
|inactive|damage77 has 15 seconds left.
|inactive|damage77 has 10 seconds left.
|inactive|damage77 has 5 seconds left.
|
|t:|1756230125
|move|p2a: Kingambit|Sucker Punch|p1b: Ursaluna
|-damage|p1b: Ursaluna|5/100
|move|p2b: Sneasler|Coaching|p2a: Kingambit
|-boost|p2a: Kingambit|atk|1
|-boost|p2a: Kingambit|def|1
|move|p1a: Annihilape|Drain Punch|p2a: Kingambit
|-supereffective|p2a: Kingambit
|-damage|p2a: Kingambit|42/100
|move|p1b: Ursaluna|Blood Moon|p2a: Kingambit
|-damage|p2a: Kingambit|0 fnt
|faint|p2a: Kingambit
|
|upkeep
|
|t:|1756230134
|switch|p2a: Rillaboom|Rillaboom, L50, M|100/100
|-fieldstart|move: Grassy Terrain|[from] ability: Grassy Surge|[of] p2a: Rillaboom
|turn|4
|
|t:|1756230154
|move|p2b: Sneasler|Protect|p2b: Sneasler
|-singleturn|p2b: Sneasler|Protect
|move|p1a: Annihilape|Bulk Up|p1a: Annihilape
|-boost|p1a: Annihilape|atk|1
|-boost|p1a: Annihilape|def|1
|move|p2a: Rillaboom|Wood Hammer|p1a: Annihilape
|-damage|p1a: Annihilape|47/100
|-damage|p2a: Rillaboom|82/100|[from] Recoil
|move|p1b: Ursaluna|Hyper Voice|p2b: Sneasler|[spread] p2a
|-activate|p2b: Sneasler|move: Protect
|-damage|p2a: Rillaboom|55/100
|
|-heal|p1a: Annihilape|53/100|[from] Grassy Terrain
|-heal|p2a: Rillaboom|61/100|[from] Grassy Terrain
|-heal|p1b: Ursaluna|11/100|[from] Grassy Terrain
|upkeep
|turn|5
|inactive|damage77 has 30 seconds left.
|
|t:|1756230182
|move|p2a: Rillaboom|Grassy Glide|p1b: Ursaluna
|-supereffective|p1b: Ursaluna
|-damage|p1b: Ursaluna|0 fnt
|faint|p1b: Ursaluna
|move|p2b: Sneasler|Dire Claw|p1a: Annihilape
|-resisted|p1a: Annihilape
|-damage|p1a: Annihilape|38/100
|move|p1a: Annihilape|Rage Fist|p2b: Sneasler
|-enditem|p2b: Sneasler|Focus Sash
|-damage|p2b: Sneasler|1/100
|
|-heal|p2b: Sneasler|7/100|[from] Grassy Terrain
|-heal|p1a: Annihilape|44/100|[from] Grassy Terrain
|-heal|p2a: Rillaboom|67/100|[from] Grassy Terrain
|upkeep
|
|t:|1756230194
|switch|p1b: Dragonite|Dragonite, L50, F|100/100
|turn|6
|
|t:|1756230201
|move|p1b: Dragonite|Extreme Speed|p2b: Sneasler
|-damage|p2b: Sneasler|0 fnt
|faint|p2b: Sneasler
|move|p2a: Rillaboom|Grassy Glide|p1a: Annihilape
|-damage|p1a: Annihilape|20/100
|move|p1a: Annihilape|Rage Fist|p2a: Rillaboom
|-damage|p2a: Rillaboom|0 fnt
|faint|p2a: Rillaboom
|
|win|damage77
||Lightoz IV is ready for game 2.
||damage77 is ready for game 2.
|uhtml|next|Next: Game 2 of 3
