|j|☆TreyBayBay
|j|☆Stutesting
|html|TreyBayBayStutesting    
|uhtml|bestof|Game 2 of a best-of-3
|t:|1757632789
|gametype|doubles
|player|p1|TreyBayBay|ninjaboy|1135
|player|p2|Stutesting|265|1204
|gen|9
|tier|[Gen 9] VGC 2025 Reg H (Bo3)
|rated|
|rule|Species Clause: Limit one of each Pokémon
|rule|Item Clause: Limit 1 of each item
|clearpoke
|poke|p1|Ninetales-Alola, L50, M|
|poke|p1|Farigiraf, L50, M|
|poke|p1|Sneasler, L50, M|
|poke|p1|Incineroar, L50, M|
|poke|p1|Archaludon, L50, F|
|poke|p1|Hydreigon, L50, F|
|poke|p2|Amoonguss, L50, F|
|poke|p2|Incineroar, L50, F|
|poke|p2|Ceruledge, L50, F|
|poke|p2|Porygon2, L50|
|poke|p2|Palafin, L50, F|
|poke|p2|Ursaluna, L50, F|
|teampreview|4
|showteam|p1|Ninetales-Alola||LightClay|SnowWarning|Protect,Blizzard,Moonblast,AuroraVeil|||M|||50|,,,,,Ghost]Farigiraf||ThroatSpray|ArmorTail|ExpandingForce,HyperVoice,TrickRoom,Imprison|||M|||50|,,,,,Fairy]Sneasler||FocusSash|PoisonTouch|FakeOut,DireClaw,CloseCombat,Taunt|||M|||50|,,,,,Stellar]Incineroar||SafetyGoggles|Intimidate|FakeOut,FlareBlitz,KnockOff,WillOWisp|||M|||50|,,,,,Ghost]Archaludon||AssaultVest|Stamina|DracoMeteor,FlashCannon,BodyPress,Snarl|||F|||50|,,,,,Bug]Hydreigon||CovertCloak|Levitate|DarkPulse,EarthPower,NastyPlot,Tailwind|||F|||50|,,,,,Ghost
|showteam|p2|Amoonguss||SitrusBerry|Regenerator|Spore,RagePowder,PollenPuff,Protect|||F|||50|,,,,,Dark]Incineroar||SafetyGoggles|Intimidate|FakeOut,KnockOff,FlareBlitz,PartingShot|||F|||50|,,,,,Ghost]Ceruledge||AssaultVest|FlashFire|BitterBlade,ShadowSneak,CloseCombat,TeraBlast|||F|||50|,,,,,Grass]Porygon2||Eviolite|Download|TeraBlast,IceBeam,TrickRoom,Recover||||||50|,,,,,Fairy]Palafin||MysticWater|ZerotoHero|JetPunch,WaveCrash,CloseCombat,Protect|||F|||50|,,,,,Water]Ursaluna||FlameOrb|Guts|Facade,HeadlongRush,Earthquake,Protect|||F|||50|,,,,,Poison
|inactive|Battle timer is ON: inactive players will automatically lose when time's up. (requested by Stutesting)
|inactive|Stutesting has 60 seconds left.
|inactive|Stutesting has 30 seconds left.
|
|t:|1757632849
|teamsize|p1|4
|teamsize|p2|4
|start
|switch|p1a: Sneasler|Sneasler, L50, M|100/100
|switch|p1b: Incineroar|Incineroar, L50, M|100/100
|switch|p2a: Incineroar|Incineroar, L50, F|100/100
|switch|p2b: Palafin|Palafin, L50, F, shiny|100/100
|-ability|p1b: Incineroar|Intimidate|boost
|-unboost|p2a: Incineroar|atk|1
|-unboost|p2b: Palafin|atk|1
|-ability|p2a: Incineroar|Intimidate|boost
|-unboost|p1a: Sneasler|atk|1
|-unboost|p1b: Incineroar|atk|1
|turn|1
|
|t:|1757632874
|switch|p1a: Farigiraf|Farigiraf, L50, M, shiny|100/100
|switch|p2a: Amoonguss|Amoonguss, L50, F|100/100
|move|p2b: Palafin|Protect|p2b: Palafin
|-singleturn|p2b: Palafin|Protect
|move|p1b: Incineroar|Will-O-Wisp|p2b: Palafin
|-activate|p2b: Palafin|move: Protect
|
|upkeep
|turn|2
|inactive|TreyBayBay has 30 seconds left.
|inactive|Stutesting has 30 seconds left.
|inactive|TreyBayBay has 20 seconds left.
|inactive|Stutesting has 20 seconds left.
|
|t:|1757632912
|detailschange|p2b: Palafin|Palafin-Hero, L50, F, shiny
|switch|p2b: Incineroar|Incineroar, L50, F|100/100
|-ability|p2b: Incineroar|Intimidate|boost
|-unboost|p1a: Farigiraf|atk|1
|-unboost|p1b: Incineroar|atk|1
|move|p1b: Incineroar|Will-O-Wisp|p2b: Incineroar
|-immune|p2b: Incineroar
|move|p1a: Farigiraf|Hyper Voice|p2a: Amoonguss|[spread] p2a,p2b
|-damage|p2a: Amoonguss|81/100
|-damage|p2b: Incineroar|79/100
|-enditem|p1a: Farigiraf|Throat Spray
|-boost|p1a: Farigiraf|spa|1|[from] item: Throat Spray
|move|p2a: Amoonguss|Spore|p1a: Farigiraf
|-status|p1a: Farigiraf|slp|[from] move: Spore
|
|upkeep
|turn|3
|inactive|Stutesting has 30 seconds left.
|inactive|TreyBayBay has 30 seconds left.
|
|t:|1757632945
|switch|p2a: Porygon2|Porygon2, L50|100/100
|-ability|p2a: Porygon2|Download|boost
|-boost|p2a: Porygon2|spa|1
|move|p1b: Incineroar|Will-O-Wisp|p2a: Porygon2
|-status|p2a: Porygon2|brn
|cant|p1a: Farigiraf|slp
|move|p2b: Incineroar|Parting Shot|p1b: Incineroar
|-unboost|p1b: Incineroar|atk|1
|-unboost|p1b: Incineroar|spa|1
|
|t:|1757632959
|switch|p2b: Palafin|Palafin-Hero, L50, F, shiny|100/100|[from] Parting Shot
|-activate|p2b: Palafin|ability: Zero to Hero
|
|-damage|p2a: Porygon2|94/100 brn|[from] brn
|upkeep
|turn|4
|
|t:|1757632965
|switch|p1b: Sneasler|Sneasler, L50, M|100/100
|move|p2b: Palafin|Wave Crash|p1a: Farigiraf
|-damage|p1a: Farigiraf|30/100 slp
|-damage|p2b: Palafin|75/100|[from] Recoil
|move|p2a: Porygon2|Tera Blast|p1a: Farigiraf
|-damage|p1a: Farigiraf|0 fnt
|faint|p1a: Farigiraf
|
|-damage|p2a: Porygon2|88/100 brn|[from] brn
|upkeep
|
|t:|1757632978
|switch|p1a: Incineroar|Incineroar, L50, M|100/100
|-ability|p1a: Incineroar|Intimidate|boost
|-unboost|p2a: Porygon2|atk|1
|-unboost|p2b: Palafin|atk|1
|turn|5
|
|t:|1757632988
|switch|p2b: Incineroar|Incineroar, L50, F|79/100
|-ability|p2b: Incineroar|Intimidate|boost
|-unboost|p1a: Incineroar|atk|1
|-unboost|p1b: Sneasler|atk|1
|move|p1b: Sneasler|Dire Claw|p2b: Incineroar
|-damage|p2b: Incineroar|58/100
|move|p1a: Incineroar|Knock Off|p2a: Porygon2
|-damage|p2a: Porygon2|73/100 brn
|-enditem|p2a: Porygon2|Eviolite|[from] move: Knock Off|[of] p1a: Incineroar
|move|p2a: Porygon2|Recover|p2a: Porygon2
|-heal|p2a: Porygon2|100/100 brn
|
|-damage|p2a: Porygon2|94/100 brn|[from] brn
|upkeep
|turn|6
|inactive|TreyBayBay has 30 seconds left.
|
|t:|1757633023
|switch|p1b: Hydreigon|Hydreigon, L50, F, shiny|100/100
|move|p1a: Incineroar|Knock Off|p2b: Incineroar
|-resisted|p2b: Incineroar
|-damage|p2b: Incineroar|48/100
|-enditem|p2b: Incineroar|Safety Goggles|[from] move: Knock Off|[of] p1a: Incineroar
|move|p2a: Porygon2|Tera Blast|p1b: Hydreigon
|-damage|p1b: Hydreigon|52/100
|move|p2b: Incineroar|Knock Off|p1a: Incineroar
|-resisted|p1a: Incineroar
|-damage|p1a: Incineroar|86/100
|-enditem|p1a: Incineroar|Safety Goggles|[from] move: Knock Off|[of] p2b: Incineroar
|
|-damage|p2a: Porygon2|88/100 brn|[from] brn
|upkeep
|turn|7
|inactive|Stutesting has 30 seconds left.
|inactive|Stutesting has 20 seconds left.
|inactive|Stutesting has 15 seconds left.
|inactive|Stutesting has 10 seconds left.
|inactive|Stutesting has 5 seconds left.
|
|t:|1757633075
|move|p1b: Hydreigon|Earth Power|p2b: Incineroar
|-supereffective|p2b: Incineroar
|-damage|p2b: Incineroar|0 fnt
|faint|p2b: Incineroar
|move|p1a: Incineroar|Will-O-Wisp|p2a: Porygon2
|-fail|p2a: Porygon2|brn
|move|p2a: Porygon2|Trick Room|p2a: Porygon2
|-fieldstart|move: Trick Room|[of] p2a: Porygon2
|
|-damage|p2a: Porygon2|82/100 brn|[from] brn
|upkeep
|inactive|Stutesting has 30 seconds left.
|
|t:|1757633104
|switch|p2b: Amoonguss|Amoonguss, L50, F|100/100
|turn|8
|
|t:|1757633117
|move|p2b: Amoonguss|Spore|p1a: Incineroar
|-status|p1a: Incineroar|slp|[from] move: Spore
|move|p2a: Porygon2|Ice Beam|p1b: Hydreigon
|-supereffective|p1b: Hydreigon
|-damage|p1b: Hydreigon|0 fnt
|faint|p1b: Hydreigon
|cant|p1a: Incineroar|slp
|
|-damage|p2a: Porygon2|75/100 brn|[from] brn
|upkeep
|
|t:|1757633125
|switch|p1b: Sneasler|Sneasler, L50, M|100/100
|turn|9
|
|t:|1757633137
|move|p2b: Amoonguss|Pollen Puff|p1b: Sneasler
|-resisted|p1b: Sneasler
|-damage|p1b: Sneasler|94/100
|move|p2a: Porygon2|Tera Blast|p1b: Sneasler
|-damage|p1b: Sneasler|22/100
|cant|p1a: Incineroar|slp
|move|p1b: Sneasler|Dire Claw|p2b: Amoonguss
|-damage|p2b: Amoonguss|64/100
|-status|p2b: Amoonguss|slp
|
|-damage|p2a: Porygon2|69/100 brn|[from] brn
|upkeep
|turn|10
|
|t:|1757633155
|cant|p2b: Amoonguss|slp
|move|p2a: Porygon2|Tera Blast|p1b: Sneasler
|-damage|p1b: Sneasler|0 fnt
|faint|p1b: Sneasler
|cant|p1a: Incineroar|slp
|
|-damage|p2a: Porygon2|63/100 brn|[from] brn
|upkeep
|turn|11
|
|t:|1757633167
|-curestatus|p2b: Amoonguss|slp|[msg]
|move|p2b: Amoonguss|Pollen Puff|p2a: Porygon2
|-heal|p2a: Porygon2|100/100 brn
|move|p2a: Porygon2|Tera Blast|p1a: Incineroar
|-damage|p1a: Incineroar|43/100 slp
|-curestatus|p1a: Incineroar|slp|[msg]
|move|p1a: Incineroar|Flare Blitz|p2b: Amoonguss
|-supereffective|p2b: Amoonguss
|-damage|p2b: Amoonguss|0 fnt
|faint|p2b: Amoonguss
|-damage|p1a: Incineroar|20/100|[from] Recoil
|
|-damage|p2a: Porygon2|94/100 brn|[from] brn
|-fieldend|move: Trick Room
|upkeep
|inactive|Stutesting has 30 seconds left.
|
|t:|1757633195
|switch|p2b: Palafin|Palafin-Hero, L50, F, shiny|75/100
|turn|12
|
|t:|1757633203
|-terastallize|p2b: Palafin|Water
|-terastallize|p1a: Incineroar|Ghost
|move|p2b: Palafin|Wave Crash|p1a: Incineroar
|-damage|p1a: Incineroar|0 fnt
|faint|p1a: Incineroar
|-damage|p2b: Palafin|68/100|[from] Recoil
|
|win|Stutesting
|raw|TreyBayBay's rating: 1135 → 1115(-20 for losing)
|raw|Stutesting's rating: 1204 → 1224(+20 for winning)
