|j|☆x-demon18
|j|☆mariopietro7
|html|x-demon18mariopietro7    
|uhtml|bestof|Game 2 of a best-of-3
|t:|1784918815
|gametype|doubles
|player|p1|x-demon18|pokefan-gen4|1000
|player|p2|mariopietro7|1|1000
|gen|9
|tier|[Gen 9 Champions] VGC 2026 Reg M-B (Bo3)
|rated|
|rule|Species Clause: Limit one of each Pokémon
|rule|Item Clause: Limit 1 of each item
|clearpoke
|poke|p1|Incineroar, L50, M|
|poke|p1|Rotom-Wash, L50|
|poke|p1|Venusaur, L50, M|
|poke|p1|Corviknight, L50, F|
|poke|p1|Sylveon, L50, F|
|poke|p1|Garchomp, L50, M|
|poke|p2|Greninja, L50, F|
|poke|p2|Pelipper, L50, M|
|poke|p2|Politoed, L50, M|
|poke|p2|Basculegion, L50, M|
|poke|p2|Gardevoir, L50, F|
|poke|p2|Noivern, L50, M|
|teampreview|4
|showteam|p1|Incineroar||ExpertBelt|Intimidate|FakeOut,TemperFlare,ThroatChop,PartingShot|Adamant||M|||50|]Rotom-Wash||RindoBerry|Levitate|HydroPump,Electroweb,WillOWisp,VoltSwitch|Modest|||||50|]Venusaur||Venusaurite|Chlorophyll|GigaDrain,SludgeBomb,EarthPower,Protect|Modest||M|||50|]Corviknight||OccaBerry|MirrorArmor|Tailwind,DualWingbeat,IronHead,BodyPress|Adamant||F|||50|]Sylveon||FairyFeather|Pixilate|HyperVoice,QuickAttack,Yawn,Detect|Modest||F|||50|]Garchomp||LifeOrb|RoughSkin|RockSlide,DragonClaw,StompingTantrum,Protect|Jolly||M|||50|
|showteam|p2|Greninja||Greninjite|Protean|MudSlap,Surf,SludgeWave,Protect|Serious||F|||50|]Pelipper||DampRock|Drizzle|Protect,Roost,Uturn,WeatherBall|Serious||M|||50|]Politoed||MysticWater|Drizzle|Surf,HelpingHand,Encore,Earthquake|Serious||M|||50|]Basculegion||ChoiceScarf|Adaptability|WaveCrash,LastRespects,Protect,AquaJet|Serious||M|||50|]Gardevoir||Gardevoirite|Synchronize|HealPulse,Moonblast,Psychic,Protect|Mild||F|||50|]Noivern||DragonFang|Telepathy|DragonDance,DragonPulse,Tailwind,Protect|Serious||M|||50|
|
|t:|1784918847
|teamsize|p1|4
|teamsize|p2|4
|start
|switch|p1a: HydroVolt|Rotom-Wash, L50|100/100
|switch|p1b: Wolverine|Incineroar, L50, M|100/100
|switch|p2a: Basculegion|Basculegion, L50, M|100/100
|switch|p2b: Pelipper|Pelipper, L50, M|100/100
|-weather|RainDance|[from] ability: Drizzle|[of] p2b: Pelipper
|-ability|p1b: Wolverine|Intimidate|boost
|-unboost|p2a: Basculegion|atk|1
|-unboost|p2b: Pelipper|atk|1
|turn|1
|
|t:|1784918870
|switch|p1b: Yggdrasil|Venusaur, L50, M|100/100
|move|p2a: Basculegion|Aqua Jet|p1b: Yggdrasil
|-resisted|p1b: Yggdrasil|1
|-damage|p1b: Yggdrasil|86/100
|move|p1a: HydroVolt|Volt Switch|p2b: Pelipper
|-supereffective|p2b: Pelipper|2
|-damage|p2b: Pelipper|0 fnt
|faint|p2b: Pelipper
|
|t:|1784918880
|switch|p1a: Wolverine|Incineroar, L50, M|100/100|[from] Volt Switch
|-ability|p1a: Wolverine|Intimidate|boost
|-unboost|p2a: Basculegion|atk|1
|
|-weather|RainDance|[upkeep]
|upkeep
|
|t:|1784918895
|switch|p2b: Gardevoir|Gardevoir, L50, F|100/100
|turn|2
|
|t:|1784918923
|switch|p2a: Greninja|Greninja, L50, F|100/100
|detailschange|p2b: Gardevoir|Gardevoir-Mega, L50, F
|-mega|p2b: Gardevoir|Gardevoir|Gardevoirite
|detailschange|p1b: Yggdrasil|Venusaur-Mega, L50, M
|-mega|p1b: Yggdrasil|Venusaur|Venusaurite
|move|p1a: Wolverine|Fake Out|p2b: Gardevoir
|-damage|p2b: Gardevoir|77/100
|cant|p2b: Gardevoir|flinch
|move|p1b: Yggdrasil|Sludge Bomb|p2b: Gardevoir
|-supereffective|p2b: Gardevoir|1
|-damage|p2b: Gardevoir|0 fnt
|faint|p2b: Gardevoir
|
|-weather|RainDance|[upkeep]
|upkeep
|
|t:|1784918941
|switch|p2b: Basculegion|Basculegion, L50, M|100/100
|turn|3
|
|t:|1784918956
|switch|p1a: HydroVolt|Rotom-Wash, L50|100/100
|move|p2b: Basculegion|Last Respects|p1b: Yggdrasil
|-damage|p1b: Yggdrasil|8/100
|move|p2a: Greninja|Mud-Slap|p1a: HydroVolt
|-start|p2a: Greninja|typechange|Ground|[from] ability: Protean
|-immune|p1a: HydroVolt|[from] ability: Levitate
|move|p1b: Yggdrasil|Giga Drain|p2b: Basculegion
|-supereffective|p2b: Basculegion|1
|-damage|p2b: Basculegion|16/100
|-heal|p1b: Yggdrasil|52/100|[from] drain|[of] p2b: Basculegion
|
|-weather|RainDance|[upkeep]
|upkeep
|turn|4
|
|t:|1784918982
|move|p2b: Basculegion|Last Respects|p1b: Yggdrasil
|-crit|p1b: Yggdrasil
|-damage|p1b: Yggdrasil|0 fnt
|faint|p1b: Yggdrasil
|move|p2a: Greninja|Mud-Slap|p1a: HydroVolt
|-immune|p1a: HydroVolt|[from] ability: Levitate
|move|p1a: HydroVolt|Volt Switch|p2b: Basculegion
|-supereffective|p2b: Basculegion|1
|-damage|p2b: Basculegion|0 fnt
|faint|p2b: Basculegion
|
|t:|1784918995
|switch|p1a: Wolverine|Incineroar, L50, M|100/100|[from] Volt Switch
|-ability|p1a: Wolverine|Intimidate|boost
|-unboost|p2a: Greninja|atk|1
|
|-weather|RainDance|[upkeep]
|upkeep
|
|t:|1784919002
|switch|p1b: HydroVolt|Rotom-Wash, L50|100/100
|turn|5
|
|t:|1784919010
|move|p1a: Wolverine|Fake Out|p2a: Greninja
|-damage|p2a: Greninja|80/100
|cant|p2a: Greninja|flinch
|move|p1b: HydroVolt|Hydro Pump|p2a: Greninja
|-supereffective|p2a: Greninja|1
|-damage|p2a: Greninja|0 fnt
|faint|p2a: Greninja
|
|win|x-demon18
|raw|x-demon18's rating: 1000 → 1040(+40 for winning)
|raw|mariopietro7's rating: 1000 → 1000(+0 for losing)
