|j|☆ddunks
|j|☆superstar jamie
|html|ddunkssuperstar jamie    
|uhtml|bestof|Game 3 of a best-of-3
|t:|1782677425
|gametype|doubles
|player|p1|ddunks|1|
|player|p2|superstar jamie|#bsplviihoustonstealthrockets|
|gen|9
|tier|[Gen 9 Champions] VGC 2026 Reg M-B (Bo3)
|rule|Species Clause: Limit one of each Pokémon
|rule|Item Clause: Limit 1 of each item
|clearpoke
|poke|p1|Staraptor, L50, F|
|poke|p1|Incineroar, L50, M|
|poke|p1|Dragalge, L50, M|
|poke|p1|Hydreigon, L50, M|
|poke|p1|Sinistcha, L50|
|poke|p1|Kingambit, L50, M|
|poke|p2|Raichu, L50, F|
|poke|p2|Azumarill, L50, F|
|poke|p2|Garchomp, L50, M|
|poke|p2|Sinistcha, L50|
|poke|p2|Talonflame, L50, F|
|poke|p2|Kingambit, L50, M|
|teampreview|4
|showteam|p1|Staraptor||Staraptite|Intimidate|CloseCombat,BraveBird,Roost,Protect|Jolly||F|||50|]Incineroar||SitrusBerry|Intimidate|FakeOut,PartingShot,FlareBlitz,ThroatChop|Careful||M|||50|]Dragalge||Dragalgite|Adaptability|DracoMeteor,SludgeBomb,Toxic,Protect|Calm||M|||50|]Hydreigon||ChoiceScarf|Levitate|DracoMeteor,Snarl,DarkPulse,EarthPower|Modest||M|||50|]Sinistcha||KasibBerry|Hospitality|MatchaGotcha,RagePowder,LifeDew,TrickRoom|Calm|||||50|]Kingambit||ChopleBerry|Defiant|KowtowCleave,SuckerPunch,IronHead,Protect|Adamant||M|||50|
|showteam|p2|Raichu||RaichuniteY|LightningRod|ZapCannon,FocusBlast,FakeOut,Protect|Timid||F|||50|]Azumarill||SitrusBerry|HugePower|PlayRough,AquaJet,BellyDrum,Protect|Adamant||F|||50|]Garchomp||LifeOrb|RoughSkin|DragonClaw,Earthquake,RockSlide,Protect|Jolly||M|||50|]Sinistcha||FocusSash|Hospitality|MatchaGotcha,ShadowBall,RagePowder,TrickRoom|Timid|||||50|]Talonflame||SharpBeak|GaleWings|BraveBird,FlareBlitz,Tailwind,Protect|Jolly||F|||50|]Kingambit||BlackGlasses|Defiant|KowtowCleave,SuckerPunch,SwordsDance,Protect|Adamant||M|||50|
|j| pupi131
|j| Cobra Mawi
|j| XerneusVGC
|inactive|Battle timer is ON: inactive players will automatically lose when time's up. (requested by ddunks)
|j| Cerebellibrarian
|j| IkeFAR
|j| Scotty1vgc
|inactive|ddunks has 60 seconds left.
|j| OnlyEmbers
|
|t:|1782677487
|teamsize|p1|4
|teamsize|p2|4
|start
|switch|p1a: Hydreigon|Hydreigon, L50, M|100/100
|switch|p1b: Sinistcha|Sinistcha, L50|100/100
|switch|p2a: Raichu|Raichu, L50, F|100/100
|switch|p2b: Kingambit|Kingambit, L50, M|100/100
|turn|1
|inactive|ddunks has 30 seconds left.
|
|t:|1782677516
|detailschange|p2a: Raichu|Raichu-Mega-Y, L50, F
|-mega|p2a: Raichu|Raichu|Raichunite Y
|move|p2a: Raichu|Fake Out|p1a: Hydreigon
|-damage|p1a: Hydreigon|88/100
|cant|p1a: Hydreigon|flinch
|move|p1b: Sinistcha|Matcha Gotcha|p2b: Kingambit|[spread] p2a,p2b
|-resisted|p2b: Kingambit|1
|-damage|p2a: Raichu|69/100
|-damage|p2b: Kingambit|87/100
|move|p2b: Kingambit|Swords Dance|p2b: Kingambit
|-boost|p2b: Kingambit|atk|2
|
|upkeep
|turn|2
|
|t:|1782677539
|switch|p2a: Talonflame|Talonflame, L50, F|100/100
|move|p1b: Sinistcha|Rage Powder|p1b: Sinistcha
|-singleturn|p1b: Sinistcha|move: Rage Powder
|move|p1a: Hydreigon|Earth Power|p2b: Kingambit
|-supereffective|p2b: Kingambit|1
|-damage|p2b: Kingambit|22/100
|move|p2b: Kingambit|Kowtow Cleave|p1b: Sinistcha
|-supereffective|p1b: Sinistcha|1
|-damage|p1b: Sinistcha|0 fnt
|faint|p1b: Sinistcha
|
|upkeep
|
|t:|1782677556
|switch|p1b: Incineroar|Incineroar, L50, M|100/100
|-ability|p1b: Incineroar|Intimidate|boost
|-unboost|p2a: Talonflame|atk|1
|-unboost|p2b: Kingambit|atk|1
|-ability|p2b: Kingambit|Defiant|boost
|-boost|p2b: Kingambit|atk|2
|turn|3
|
|t:|1782677571
|move|p2a: Talonflame|Protect|p2a: Talonflame
|-singleturn|p2a: Talonflame|Protect
|move|p2b: Kingambit|Protect|p2b: Kingambit
|-singleturn|p2b: Kingambit|Protect
|move|p1b: Incineroar|Fake Out|p2a: Talonflame
|-activate|p2a: Talonflame|move: Protect
|move|p1a: Hydreigon|Earth Power|p2b: Kingambit
|-activate|p2b: Kingambit|move: Protect
|
|upkeep
|turn|4
|
|t:|1782677588
|move|p2a: Talonflame|Brave Bird|p1a: Hydreigon
|-damage|p1a: Hydreigon|49/100
|-damage|p2a: Talonflame|85/100|[from] Recoil
|move|p2b: Kingambit|Sucker Punch|p1a: Hydreigon
|-resisted|p1a: Hydreigon|1
|-damage|p1a: Hydreigon|0 fnt
|faint|p1a: Hydreigon
|move|p1b: Incineroar|Parting Shot|p2a: Talonflame
|-unboost|p2a: Talonflame|atk|1
|-unboost|p2a: Talonflame|spa|1
|
|t:|1782677599
|switch|p1b: Dragalge|Dragalge, L50, M|100/100|[from] Parting Shot
|
|upkeep
|
|t:|1782677603
|switch|p1a: Incineroar|Incineroar, L50, M|100/100
|-ability|p1a: Incineroar|Intimidate|boost
|-unboost|p2a: Talonflame|atk|1
|-unboost|p2b: Kingambit|atk|1
|-ability|p2b: Kingambit|Defiant|boost
|-boost|p2b: Kingambit|atk|2
|turn|5
|
|t:|1782677614
|detailschange|p1b: Dragalge|Dragalge-Mega, L50, M
|-mega|p1b: Dragalge|Dragalge|Dragalgite
|move|p2a: Talonflame|Protect|p2a: Talonflame
|-singleturn|p2a: Talonflame|Protect
|move|p2b: Kingambit|Protect|p2b: Kingambit
|-singleturn|p2b: Kingambit|Protect
|move|p1b: Dragalge|Protect|p1b: Dragalge
|-singleturn|p1b: Dragalge|Protect
|move|p1a: Incineroar|Flare Blitz|p2b: Kingambit
|-activate|p2b: Kingambit|move: Protect
|
|upkeep
|turn|6
|
|t:|1782677636
|move|p2a: Talonflame|Tailwind|p2a: Talonflame
|-sidestart|p2: superstar jamie|move: Tailwind
|move|p2b: Kingambit|Kowtow Cleave|p1b: Dragalge
|-damage|p1b: Dragalge|0 fnt
|faint|p1b: Dragalge
|move|p1a: Incineroar|Flare Blitz|p2b: Kingambit
|-supereffective|p2b: Kingambit|1
|-damage|p2b: Kingambit|0 fnt
|faint|p2b: Kingambit
|-damage|p1a: Incineroar|92/100|[from] Recoil
|
|upkeep
|
|t:|1782677646
|switch|p2b: Garchomp|Garchomp, L50, M|100/100
|turn|7
|c|☆ddunks|ggs
|-message|ddunks forfeited.
|
|win|superstar jamie
|c|☆superstar jamie|gg
|l| Scotty1vgc
|l| Cerebellibrarian
|l| XerneusVGC
|l| Cobra Mawi
|l| OnlyEmbers
