|j|☆AbadanRiyi92
|j|‽Somekidjon
|html|AbadanRiyi92Somekidjon    
|uhtml|bestof|Game 2 of a best-of-3
|t:|1785608584
|gametype|doubles
|player|p1|AbadanRiyi92|colress|1249
|player|p2|Somekidjon|scientistf|1144
|gen|9
|tier|[Gen 9 Champions] VGC 2026 Reg M-B (Bo3)
|rated|
|rule|Species Clause: Limit one of each Pokémon
|rule|Item Clause: Limit 1 of each item
|clearpoke
|poke|p1|Gengar, L50, F, shiny|
|poke|p1|Maushold-Four, L50|
|poke|p1|Annihilape, L50, M|
|poke|p1|Incineroar, L50, M|
|poke|p1|Politoed, L50, F, shiny|
|poke|p1|Archaludon, L50, M|
|poke|p2|Primarina, L50, M|
|poke|p2|Hatterene, L50, F|
|poke|p2|Staraptor, L50, F|
|poke|p2|Farigiraf, L50, M|
|poke|p2|Camerupt, L50, F|
|poke|p2|Kangaskhan, L50, F|
|teampreview|4
|showteam|p1|Gengar||Gengarite|CursedBody|ShadowBall,Disable,PerishSong,Protect|Timid||F|||50|]Maushold-Four||FocusSash|FriendGuard|FollowMe,Encore,BeatUp,Protect|Jolly|||||50|]Annihilape||RoseliBerry|Defiant|RageFist,CloseCombat,Taunt,Protect|Jolly||M|||50|]Incineroar||PasshoBerry|Intimidate|PartingShot,ThroatChop,Protect,FakeOut|Sassy||M|||50|]Politoed||SitrusBerry|Drizzle|WeatherBall,Encore,PerishSong,Protect|Calm||F|||50|]Archaludon||Leftovers|Stamina|DragonPulse,FlashCannon,ElectroShot,Protect|Bold||M|||50|
|showteam|p2|Primarina||Leftovers|LiquidVoice|HyperVoice,Protect,Moonblast,CalmMind|Modest||M|||50|]Hatterene||FocusSash|MagicBounce|Psychic,Protect,DazzlingGleam,TrickRoom|Quiet||F|||50|]Staraptor||ChoiceScarf|Intimidate|FinalGambit,CloseCombat,BraveBird,Uturn|Adamant||F|||50|]Farigiraf||SitrusBerry|ArmorTail|DazzlingGleam,Protect,Thunderbolt,TrickRoom|Quiet||M|||50|]Camerupt||Cameruptite|SolidRock|HeatWave,AncientPower,EarthPower,Protect|Quiet||F|||50|]Kangaskhan||Kangaskhanite|Scrappy|FakeOut,HammerArm,IcePunch,DoubleEdge|Adamant||F|||50|
|
|t:|1785608619
|teamsize|p1|4
|teamsize|p2|4
|start
|switch|p1a: Gengar|Gengar, L50, F, shiny|100/100
|switch|p1b: Incineroar|Incineroar, L50, M|100/100
|switch|p2a: Kangaskhan|Kangaskhan, L50, F|100/100
|switch|p2b: Farigiraf|Farigiraf, L50, M|100/100
|-ability|p1b: Incineroar|Intimidate|boost
|-fail|p2a: Kangaskhan|unboost|Attack|[from] ability: Scrappy|[of] p2a: Kangaskhan
|-unboost|p2b: Farigiraf|atk|1
|turn|1
|
|t:|1785608655
|detailschange|p1a: Gengar|Gengar-Mega, L50, F, shiny
|-mega|p1a: Gengar|Gengar|Gengarite
|move|p1a: Gengar|Protect|p1a: Gengar
|-singleturn|p1a: Gengar|Protect
|move|p2a: Kangaskhan|Fake Out|p1a: Gengar
|-activate|p1a: Gengar|move: Protect
|move|p1b: Incineroar|Parting Shot|p2a: Kangaskhan
|-unboost|p2a: Kangaskhan|atk|1
|-unboost|p2a: Kangaskhan|spa|1
|
|t:|1785608663
|switch|p1b: Politoed|Politoed, L50, F, shiny|100/100|[from] Parting Shot
|-weather|RainDance|[from] ability: Drizzle|[of] p1b: Politoed
|move|p2b: Farigiraf|Trick Room|p2b: Farigiraf
|-fieldstart|move: Trick Room|[of] p2b: Farigiraf
|
|-weather|RainDance|[upkeep]
|upkeep
|turn|2
|
|t:|1785608687
|move|p2b: Farigiraf|Thunderbolt|p1b: Politoed
|-supereffective|p1b: Politoed|1
|-damage|p1b: Politoed|60/100
|move|p1b: Politoed|Encore|p2a: Kangaskhan
|-start|p2a: Kangaskhan|Encore
|move|p2a: Kangaskhan|Fake Out||[still]
|-hint|Fake Out only works on your first turn out.
|-fail|p2a: Kangaskhan
|move|p1a: Gengar|Disable|p2b: Farigiraf
|-start|p2b: Farigiraf|Disable|Thunderbolt
|
|-weather|RainDance|[upkeep]
|upkeep
|turn|3
|
|t:|1785608719
|move|p2b: Farigiraf|Dazzling Gleam|p1a: Gengar|[spread] p1a,p1b
|-resisted|p1a: Gengar|1
|-damage|p1a: Gengar|92/100
|-damage|p1b: Politoed|46/100
|-enditem|p1b: Politoed|Sitrus Berry|[eat]
|-heal|p1b: Politoed|71/100|[from] item: Sitrus Berry
|move|p1b: Politoed|Weather Ball|p2b: Farigiraf
|-damage|p2b: Farigiraf|56/100
|-activate|p2a: Kangaskhan|move: Struggle
|move|p2a: Kangaskhan|Struggle|p1a: Gengar
|-damage|p1a: Gengar|78/100
|-damage|p2a: Kangaskhan|75/100|[from] recoil
|move|p1a: Gengar|Perish Song|p1a: Gengar
|-start|p1a: Gengar|perish3|[silent]
|-start|p1b: Politoed|perish3|[silent]
|-start|p2a: Kangaskhan|perish3|[silent]
|-start|p2b: Farigiraf|perish3|[silent]
|-fieldactivate|move: Perish Song
|
|-weather|RainDance|[upkeep]
|-start|p2b: Farigiraf|perish3
|-start|p1b: Politoed|perish3
|-start|p2a: Kangaskhan|perish3
|-start|p1a: Gengar|perish3
|upkeep
|turn|4
|
|t:|1785608739
|move|p1b: Politoed|Protect|p1b: Politoed
|-singleturn|p1b: Politoed|Protect
|move|p1a: Gengar|Protect|p1a: Gengar
|-singleturn|p1a: Gengar|Protect
|-activate|p2a: Kangaskhan|move: Struggle
|move|p2a: Kangaskhan|Struggle|p1b: Politoed
|-activate|p1b: Politoed|move: Protect
|move|p2b: Farigiraf|Trick Room|p2b: Farigiraf
|-fieldend|move: Trick Room
|
|-weather|RainDance|[upkeep]
|-end|p2a: Kangaskhan|Encore
|-start|p1a: Gengar|perish2
|-start|p2a: Kangaskhan|perish2
|-start|p1b: Politoed|perish2
|-start|p2b: Farigiraf|perish2
|upkeep
|turn|5
|
|t:|1785608794
|switch|p1a: Incineroar|Incineroar, L50, M|100/100
|-ability|p1a: Incineroar|Intimidate|boost
|-fail|p2a: Kangaskhan|unboost|Attack|[from] ability: Scrappy|[of] p2a: Kangaskhan
|-unboost|p2b: Farigiraf|atk|1
|switch|p1b: Maushold|Maushold-Four, L50|100/100
|move|p2a: Kangaskhan|Double-Edge|p1b: Maushold
|-damage|p1b: Maushold|48/100
|-damage|p2a: Kangaskhan|60/100|[from] Recoil
|move|p2b: Farigiraf|Dazzling Gleam|p1b: Maushold|[spread] p1a,p1b
|-damage|p1a: Incineroar|91/100
|-damage|p1b: Maushold|27/100
|
|-weather|none
|-start|p2a: Kangaskhan|perish1
|-start|p2b: Farigiraf|perish1
|upkeep
|turn|6
|
|t:|1785608843
|switch|p1b: Politoed|Politoed, L50, F, shiny|71/100
|-weather|RainDance|[from] ability: Drizzle|[of] p1b: Politoed
|switch|p2a: Hatterene|Hatterene, L50, F|100/100
|switch|p2b: Camerupt|Camerupt, L50, F|100/100
|move|p1a: Incineroar|Parting Shot|p2a: Hatterene
|move|p2a: Hatterene|Parting Shot|p1a: Incineroar|[from] ability: Magic Bounce
|-unboost|p1a: Incineroar|atk|1
|-unboost|p1a: Incineroar|spa|1
|
|t:|1785608852
|switch|p2a: Kangaskhan|Kangaskhan, L50, F|60/100|[from] Parting Shot
|
|-weather|RainDance|[upkeep]
|upkeep
|turn|7
|c|☆AbadanRiyi92|lol
|
|t:|1785608877
|detailschange|p2b: Camerupt|Camerupt-Mega, L50, F
|-mega|p2b: Camerupt|Camerupt|Cameruptite
|move|p1b: Politoed|Protect|p1b: Politoed
|-singleturn|p1b: Politoed|Protect
|move|p2a: Kangaskhan|Fake Out|p1b: Politoed
|-activate|p1b: Politoed|move: Protect
|move|p1a: Incineroar|Parting Shot|p2a: Kangaskhan
|-unboost|p2a: Kangaskhan|atk|1
|-unboost|p2a: Kangaskhan|spa|1
|
|t:|1785608887
|switch|p1a: Maushold|Maushold-Four, L50|27/100|[from] Parting Shot
|move|p2b: Camerupt|Earth Power|p1a: Maushold
|-damage|p1a: Maushold|0 fnt
|faint|p1a: Maushold
|
|-weather|RainDance|[upkeep]
|upkeep
|
|t:|1785608894
|switch|p1a: Gengar|Gengar-Mega, L50, F, shiny|78/100
|turn|8
|
|t:|1785608910
|move|p1a: Gengar|Protect|p1a: Gengar
|-singleturn|p1a: Gengar|Protect
|move|p2a: Kangaskhan|Double-Edge|p1a: Gengar
|-activate|p1a: Gengar|move: Protect
|move|p1b: Politoed|Weather Ball|p2b: Camerupt
|-supereffective|p2b: Camerupt|2
|-damage|p2b: Camerupt|0 fnt
|faint|p2b: Camerupt
|
|-weather|RainDance|[upkeep]
|upkeep
|
|t:|1785608915
|switch|p2b: Farigiraf|Farigiraf, L50, M|56/100
|turn|9
|
|t:|1785608935
|switch|p1a: Incineroar|Incineroar, L50, M|91/100
|-ability|p1a: Incineroar|Intimidate|boost
|-fail|p2a: Kangaskhan|unboost|Attack|[from] ability: Scrappy|[of] p2a: Kangaskhan
|-unboost|p2b: Farigiraf|atk|1
|move|p2a: Kangaskhan|Double-Edge|p1b: Politoed
|-damage|p1b: Politoed|37/100
|-damage|p2a: Kangaskhan|50/100y|[from] Recoil
|move|p1b: Politoed|Weather Ball|p2b: Farigiraf
|-damage|p2b: Farigiraf|16/100
|-enditem|p2b: Farigiraf|Sitrus Berry|[eat]
|-heal|p2b: Farigiraf|41/100|[from] item: Sitrus Berry
|move|p2b: Farigiraf|Thunderbolt|p1b: Politoed
|-supereffective|p1b: Politoed|1
|-crit|p1b: Politoed
|-damage|p1b: Politoed|0 fnt
|faint|p1b: Politoed
|
|-weather|RainDance|[upkeep]
|upkeep
|
|t:|1785608952
|switch|p1b: Gengar|Gengar-Mega, L50, F, shiny|78/100
|turn|10
|
|t:|1785608960
|move|p1b: Gengar|Disable|p2a: Kangaskhan
|-start|p2a: Kangaskhan|Disable|Double-Edge
|move|p2a: Kangaskhan|Hammer Arm|p1a: Incineroar
|-supereffective|p1a: Incineroar|1
|-damage|p1a: Incineroar|56/100
|-unboost|p2a: Kangaskhan|spe|1
|move|p1a: Incineroar|Throat Chop|p2b: Farigiraf
|-supereffective|p2b: Farigiraf|1
|-damage|p2b: Farigiraf|0 fnt
|faint|p2b: Farigiraf
|
|-weather|none
|upkeep
|
|t:|1785608966
|switch|p2b: Hatterene|Hatterene, L50, F|100/100
|turn|11
|
|t:|1785608992
|move|p2b: Hatterene|Protect|p2b: Hatterene
|-singleturn|p2b: Hatterene|Protect
|move|p1b: Gengar|Shadow Ball|p2b: Hatterene
|-activate|p2b: Hatterene|move: Protect
|move|p2a: Kangaskhan|Hammer Arm|p1a: Incineroar
|-supereffective|p1a: Incineroar|1
|-damage|p1a: Incineroar|18/100
|-unboost|p2a: Kangaskhan|spe|1
|move|p1a: Incineroar|Throat Chop|p2b: Hatterene
|-activate|p2b: Hatterene|move: Protect
|
|upkeep
|turn|12
|
|t:|1785609040
|move|p1a: Incineroar|Protect|p1a: Incineroar
|-singleturn|p1a: Incineroar|Protect
|move|p2b: Hatterene|Protect|p2b: Hatterene
|-singleturn|p2b: Hatterene|Protect
|move|p1b: Gengar|Shadow Ball|p2b: Hatterene
|-activate|p2b: Hatterene|move: Protect
|move|p2a: Kangaskhan|Hammer Arm|p1a: Incineroar
|-activate|p1a: Incineroar|move: Protect
|
|upkeep
|turn|13
|
|t:|1785609059
|move|p1b: Gengar|Shadow Ball|p2b: Hatterene
|-supereffective|p2b: Hatterene|1
|-damage|p2b: Hatterene|3/100
|move|p1a: Incineroar|Throat Chop|p2a: Kangaskhan
|-damage|p2a: Kangaskhan|18/100
|-start|p2a: Kangaskhan|Throat Chop|[silent]
|move|p2a: Kangaskhan|Hammer Arm|p1a: Incineroar
|-supereffective|p1a: Incineroar|1
|-damage|p1a: Incineroar|0 fnt
|-unboost|p2a: Kangaskhan|spe|1
|faint|p1a: Incineroar
|move|p2b: Hatterene|Trick Room|p2b: Hatterene
|-fieldstart|move: Trick Room|[of] p2b: Hatterene
|
|-end|p2a: Kangaskhan|Disable
|upkeep
|turn|14
|
|t:|1785609080
|move|p2a: Kangaskhan|Double-Edge|p1b: Gengar
|-damage|p1b: Gengar|27/100
|-damage|p2a: Kangaskhan|5/100|[from] Recoil
|move|p2b: Hatterene|Psychic|p1b: Gengar
|-supereffective|p1b: Gengar|1
|-damage|p1b: Gengar|0 fnt
|faint|p1b: Gengar
|
|win|Somekidjon
|raw|AbadanRiyi92's rating: 1249 → 1217(-32 for losing)
|raw|Somekidjon's rating: 1144 → 1176(+32 for winning)
