|j|☆busterbunner
|j|☆hinoky
|html|busterbunnerhinoky    
|uhtml|bestof|Game 3 of a best-of-3
|t:|1785876749
|gametype|doubles
|player|p1|busterbunner|clair|1171
|player|p2|hinoky|wattson|1222
|gen|9
|tier|[Gen 9 Champions] VGC 2026 Reg M-B (Bo3)
|rated|
|rule|Species Clause: Limit one of each Pokémon
|rule|Item Clause: Limit 1 of each item
|clearpoke
|poke|p1|Whimsicott, L50, M|
|poke|p1|Metagross, L50|
|poke|p1|Kingambit, L50, M|
|poke|p1|Garchomp, L50, M|
|poke|p1|Pelipper, L50, M|
|poke|p1|Eelektross, L50, M|
|poke|p2|Kingambit, L50, M|
|poke|p2|Glimmora, L50, M|
|poke|p2|Whimsicott, L50, F|
|poke|p2|Delphox, L50, F|
|poke|p2|Garchomp, L50, M|
|poke|p2|Staraptor, L50, F|
|teampreview|4
|showteam|p1|Whimsicott||FocusSash|Prankster|Moonblast,Encore,Tailwind,Protect|Timid||M|||50|]Metagross||Metagrossite|ClearBody|PsychicFangs,Protect,IronHead,StompingTantrum|Jolly|||||50|]Kingambit||BlackGlasses|Defiant|KowtowCleave,SuckerPunch,IronHead,Protect|Adamant||M|||50|]Garchomp||LifeOrb|RoughSkin|DragonClaw,Earthquake,RockSlide,Protect|Jolly||M|||50|]Pelipper||SitrusBerry|Drizzle|MuddyWater,Hurricane,WideGuard,Protect|Timid||M|||50|]Eelektross||Eelektrossite|Levitate|Thunderbolt,GigaDrain,Protect,Flamethrower|Timid||M|||50|
|showteam|p2|Kingambit||ChopleBerry|Defiant|SuckerPunch,KowtowCleave,IronHead,LowKick|Adamant||M|||50|]Glimmora||FocusSash|ToxicDebris|SludgeBomb,PowerGem,EarthPower,SpikyShield|Timid||M|||50|]Whimsicott||OccaBerry|Prankster|Moonblast,Tailwind,Charm,Protect|Timid||F|||50|]Delphox||Delphoxite|Blaze|HeatWave,Psyshock,Substitute,Protect|Modest||F|||50|]Garchomp||LifeOrb|RoughSkin|DragonClaw,Earthquake,RockSlide,Protect|Jolly||M|||50|]Staraptor||Staraptite|Intimidate|BraveBird,CloseCombat,Roost,Protect|Jolly||F|||50|
|inactive|Battle timer is ON: inactive players will automatically lose when time's up. (requested by busterbunner)
|inactive|hinoky has 60 seconds left.
|
|t:|1785876787
|teamsize|p1|4
|teamsize|p2|4
|start
|switch|p1a: Whimsicott|Whimsicott, L50, M|100/100
|switch|p1b: Garchomp|Garchomp, L50, M|100/100
|switch|p2a: Garchomp|Garchomp, L50, M|100/100
|switch|p2b: Delphox|Delphox, L50, F|100/100
|turn|1
|
|t:|1785876806
|detailschange|p2b: Delphox|Delphox-Mega, L50, F
|-mega|p2b: Delphox|Delphox|Delphoxite
|move|p1b: Garchomp|Protect|p1b: Garchomp
|-singleturn|p1b: Garchomp|Protect
|move|p2a: Garchomp|Protect|p2a: Garchomp
|-singleturn|p2a: Garchomp|Protect
|move|p2b: Delphox|Psyshock|p1b: Garchomp
|-activate|p1b: Garchomp|move: Protect
|move|p1a: Whimsicott|Moonblast|p2a: Garchomp
|-activate|p2a: Garchomp|move: Protect
|
|upkeep
|turn|2
|
|t:|1785876828
|switch|p2a: Kingambit|Kingambit, L50, M|100/100
|move|p1a: Whimsicott|Encore|p2a: Kingambit
|-hint|Since gen 7, Dark is immune to Prankster moves.
|-immune|p2a: Kingambit
|move|p2b: Delphox|Heat Wave|p1a: Whimsicott|[spread] p1a,p1b
|-supereffective|p1a: Whimsicott|1
|-resisted|p1b: Garchomp|1
|-enditem|p1a: Whimsicott|Focus Sash
|-damage|p1a: Whimsicott|1/100
|-damage|p1b: Garchomp|77/100
|move|p1b: Garchomp|Rock Slide|p2b: Delphox|[spread] p2a,p2b
|-resisted|p2a: Kingambit|1
|-supereffective|p2b: Delphox|1
|-damage|p2a: Kingambit|89/100
|-damage|p2b: Delphox|39/100
|-damage|p1b: Garchomp|67/100|[from] item: Life Orb
|
|upkeep
|turn|3
|
|t:|1785876847
|move|p1b: Garchomp|Protect|p1b: Garchomp
|-singleturn|p1b: Garchomp|Protect
|move|p1a: Whimsicott|Tailwind|p1a: Whimsicott
|-sidestart|p1: busterbunner|move: Tailwind
|move|p2a: Kingambit|Sucker Punch||[still]
|-fail|p2a: Kingambit
|move|p2b: Delphox|Psyshock|p1b: Garchomp
|-activate|p1b: Garchomp|move: Protect
|
|upkeep
|turn|4
|
|t:|1785876871
|move|p2b: Delphox|Protect|p2b: Delphox
|-singleturn|p2b: Delphox|Protect
|move|p1a: Whimsicott|Encore|p2a: Kingambit
|-hint|Since gen 7, Dark is immune to Prankster moves.
|-immune|p2a: Kingambit
|move|p2a: Kingambit|Sucker Punch|p1b: Garchomp
|-damage|p1b: Garchomp|26/100
|-damage|p2a: Kingambit|77/100|[from] ability: Rough Skin|[of] p1b: Garchomp
|move|p1b: Garchomp|Rock Slide|p2a: Kingambit|[spread] p2a
|-activate|p2b: Delphox|move: Protect
|-resisted|p2a: Kingambit|1
|-damage|p2a: Kingambit|68/100
|-damage|p1b: Garchomp|16/100|[from] item: Life Orb
|
|upkeep
|turn|5
|inactive|hinoky has 30 seconds left.
|
|t:|1785876902
|switch|p1b: Metagross|Metagross, L50|100/100
|switch|p2b: Garchomp|Garchomp, L50, M|100/100
|move|p1a: Whimsicott|Encore||[still]
|-fail|p1a: Whimsicott
|move|p2a: Kingambit|Sucker Punch||[still]
|-fail|p2a: Kingambit
|
|upkeep
|turn|6
|
|t:|1785876932
|switch|p2a: Delphox|Delphox-Mega, L50, F|39/100
|detailschange|p1b: Metagross|Metagross-Mega, L50
|-mega|p1b: Metagross|Metagross|Metagrossite
|move|p1a: Whimsicott|Protect|p1a: Whimsicott
|-singleturn|p1a: Whimsicott|Protect
|move|p2b: Garchomp|Protect|p2b: Garchomp
|-singleturn|p2b: Garchomp|Protect
|move|p1b: Metagross|Psychic Fangs|p2b: Garchomp
|-activate|p2b: Garchomp|move: Protect
|
|-sideend|p1: busterbunner|move: Tailwind
|upkeep
|turn|7
|
|t:|1785876951
|move|p1b: Metagross|Protect|p1b: Metagross
|-singleturn|p1b: Metagross|Protect
|move|p1a: Whimsicott|Tailwind|p1a: Whimsicott
|-sidestart|p1: busterbunner|move: Tailwind
|move|p2a: Delphox|Heat Wave|p1a: Whimsicott|[spread] p1a
|-activate|p1b: Metagross|move: Protect
|-supereffective|p1a: Whimsicott|1
|-crit|p1a: Whimsicott
|-damage|p1a: Whimsicott|0 fnt
|faint|p1a: Whimsicott
|move|p2b: Garchomp|Earthquake|p1b: Metagross|[spread] 
|-activate|p1b: Metagross|move: Protect
|-immune|p2a: Delphox|[from] ability: Levitate
|
|upkeep
|
|t:|1785876958
|switch|p1a: Garchomp|Garchomp, L50, M|16/100
|turn|8
|
|t:|1785876973
|switch|p2a: Kingambit|Kingambit, L50, M|68/100
|move|p2b: Garchomp|Protect|p2b: Garchomp
|-singleturn|p2b: Garchomp|Protect
|move|p1b: Metagross|Psychic Fangs|p2b: Garchomp
|-activate|p2b: Garchomp|move: Protect
|move|p1a: Garchomp|Rock Slide|p2b: Garchomp|[spread] p2a
|-activate|p2b: Garchomp|move: Protect
|-resisted|p2a: Kingambit|1
|-damage|p2a: Kingambit|59/100
|-damage|p1a: Garchomp|7/100|[from] item: Life Orb
|
|upkeep
|turn|9
|inactive|hinoky has 30 seconds left.
|inactive|hinoky has 20 seconds left.
|
|t:|1785877010
|move|p2a: Kingambit|Sucker Punch|p1b: Metagross
|-supereffective|p1b: Metagross|1
|-damage|p1b: Metagross|36/100
|move|p1b: Metagross|Psychic Fangs|p2b: Garchomp
|-crit|p2b: Garchomp
|-damage|p2b: Garchomp|6/100
|-damage|p1b: Metagross|24/100|[from] ability: Rough Skin|[of] p2b: Garchomp
|move|p1a: Garchomp|Dragon Claw|p2b: Garchomp
|-supereffective|p2b: Garchomp|1
|-damage|p2b: Garchomp|0 fnt
|-damage|p1a: Garchomp|0 fnt|[from] ability: Rough Skin|[of] p2b: Garchomp
|faint|p2b: Garchomp
|faint|p1a: Garchomp
|
|upkeep
|
|t:|1785877023
|switch|p2b: Delphox|Delphox-Mega, L50, F|39/100
|switch|p1a: Kingambit|Kingambit, L50, M|100/100
|turn|10
|
|t:|1785877037
|move|p1b: Metagross|Stomping Tantrum|p2a: Kingambit
|-supereffective|p2a: Kingambit|1
|-damage|p2a: Kingambit|4/100
|move|p2b: Delphox|Substitute|p2b: Delphox
|-start|p2b: Delphox|Substitute
|-damage|p2b: Delphox|14/100
|move|p1a: Kingambit|Kowtow Cleave|p2a: Kingambit
|-resisted|p2a: Kingambit|1
|-damage|p2a: Kingambit|0 fnt
|faint|p2a: Kingambit
|
|-sideend|p1: busterbunner|move: Tailwind
|upkeep
|
|t:|1785877048
|switch|p2a: Glimmora|Glimmora, L50, M|100/100
|turn|11
|
|t:|1785877056
|move|p1b: Metagross|Protect|p1b: Metagross
|-singleturn|p1b: Metagross|Protect
|move|p1a: Kingambit|Sucker Punch|p2b: Delphox
|-supereffective|p2b: Delphox|1
|-end|p2b: Delphox|Substitute
|move|p2b: Delphox|Heat Wave|p1b: Metagross|[spread] p1a
|-activate|p1b: Metagross|move: Protect
|-supereffective|p1a: Kingambit|1
|-damage|p1a: Kingambit|23/100
|move|p2a: Glimmora|Earth Power|p1a: Kingambit
|-supereffective|p1a: Kingambit|1
|-damage|p1a: Kingambit|0 fnt
|faint|p1a: Kingambit
|
|upkeep
|turn|12
|-message|busterbunner forfeited.
|
|win|hinoky
|raw|busterbunner's rating: 1171 → 1150(-21 for losing)
|raw|hinoky's rating: 1222 → 1243(+21 for winning)
|l|☆busterbunner
|player|p1|
