|j|☆GamerDzha
|j|☆lipeater444
|html|GamerDzhalipeater444    
|uhtml|bestof|Game 1 of a best-of-3
|t:|1785611114
|gametype|doubles
|player|p1|GamerDzha|miku-flying|
|player|p2|lipeater444|skierf-gen4dp|
|gen|9
|tier|[Gen 9 Champions] VGC 2026 Reg M-B (Bo3)
|rule|Species Clause: Limit one of each Pokémon
|rule|Item Clause: Limit 1 of each item
|clearpoke
|poke|p1|Pyroar, L50, M|
|poke|p1|Kangaskhan, L50, F|
|poke|p1|Staraptor, L50, M|
|poke|p1|Zoroark-Hisui, L50, F|
|poke|p1|Drampa, L50, M|
|poke|p1|Farigiraf, L50, F|
|poke|p2|Metagross, L50|
|poke|p2|Delphox, L50, M|
|poke|p2|Meowstic, L50, M, shiny|
|poke|p2|Farigiraf, L50, M|
|poke|p2|Gardevoir, L50, M|
|poke|p2|Gallade, L50, M, shiny|
|teampreview|4
|showteam|p1|Pyroar||Pyroarite|Unnerve|HeatWave,FireBlast,ScorchingSands,Protect|Timid||M|||50|]Kangaskhan||Kangaskhanite|Scrappy|FakeOut,DoubleEdge,DrainPunch,SuckerPunch|Adamant||F|||50|]Staraptor||ChoiceScarf|Intimidate|BraveBird,CloseCombat,FinalGambit,Uturn|Jolly||M|||50|]Zoroark-Hisui||FocusSash|Illusion|BitterMalice,IcyWind,Taunt,Protect|Timid||F|||50|]Drampa||SitrusBerry|Berserk|HyperVoice,DragonPulse,EarthPower,Protect|Quiet||M|||50|]Farigiraf||ColburBerry|ArmorTail|Psychic,Thunderbolt,TrickRoom,Protect|Quiet||F|||50|
|showteam|p2|Metagross||LifeOrb|ClearBody|BulletPunch,IronHead,PsychicFangs,Protect|Brave|||||50|]Delphox||Delphoxite|Magician|HeatWave,Flamethrower,ExpandingForce,Protect|Timid||M|||50|]Meowstic||FocusSash|Prankster|LightScreen,Reflect,PsychicTerrain,ExpandingForce|Calm||M|||50|]Farigiraf||SitrusBerry|ArmorTail|TrickRoom,HyperVoice,HelpingHand,Protect|Sassy||M|||50|]Gardevoir||Gardevoirite|Trace|HyperVoice,AuraSphere,ExpandingForce,Protect|Timid||M|||50|]Gallade||ChoiceScarf|Sharpness|SacredSword,LeafBlade,PsychoCut,Trick|Jolly||M|||50|
|c|☆lipeater444|don't touch me too hard ok
|c|☆GamerDzha|no promises
|
|t:|1785611200
|teamsize|p1|4
|teamsize|p2|4
|start
|switch|p1a: Kazakhstan|Kangaskhan, L50, F|100/100
|switch|p1b: Mind Blower|Farigiraf, L50, F|100/100
|switch|p2a: Ronny|Gardevoir, L50, M|100/100
|switch|p2b: Saien|Metagross, L50|100/100
|-ability|p2a: Ronny|Scrappy|Trace|[from] ability: Trace|[of] p1a: Kazakhstan
|turn|1
|
|t:|1785611243
|switch|p2a: Nekota|Meowstic, L50, M, shiny|100/100
|detailschange|p1a: Kazakhstan|Kangaskhan-Mega, L50, F
|-mega|p1a: Kazakhstan|Kangaskhan|Kangaskhanite
|move|p1a: Kazakhstan|Fake Out|p2a: Nekota
|-damage|p2a: Nekota|73/100
|-damage|p2a: Nekota|67/100
|-hitcount|p2a: Nekota|2
|move|p2b: Saien|Iron Head|p1b: Mind Blower
|-damage|p1b: Mind Blower|43/100
|-damage|p2b: Saien|90/100|[from] item: Life Orb
|cant|p1b: Mind Blower|flinch
|
|upkeep
|turn|2
|c|☆lipeater444|boiiiii
|
|t:|1785611285
|switch|p1b: Kamikaze|Staraptor, L50, M|100/100
|-ability|p1b: Kamikaze|Intimidate|boost
|-unboost|p2a: Nekota|atk|1
|-fail|p2b: Saien|unboost|[from] ability: Clear Body|[of] p2b: Saien
|move|p2a: Nekota|Psychic Terrain|p2a: Nekota
|-fieldstart|move: Psychic Terrain
|move|p1a: Kazakhstan|Drain Punch|p2b: Saien
|-damage|p2b: Saien|70/100
|-damage|p2b: Saien|65/100
|-hitcount|p2b: Saien|2
|move|p2b: Saien|Iron Head|p1b: Kamikaze
|-damage|p1b: Kamikaze|22/100
|-damage|p2b: Saien|55/100|[from] item: Life Orb
|
|upkeep
|turn|3
|
|t:|1785611309
|move|p2b: Saien|Protect|p2b: Saien
|-singleturn|p2b: Saien|Protect
|move|p1b: Kamikaze|U-turn|p2a: Nekota
|-supereffective|p2a: Nekota|1
|-damage|p2a: Nekota|28/100
|
|t:|1785611317
|switch|p1b: dripped|Drampa, L50, M|100/100|[from] U-turn
|move|p2a: Nekota|Expanding Force|p1a: Kazakhstan|[spread] p1a,p1b
|-crit|p1b: dripped
|-damage|p1a: Kazakhstan|68/100
|-damage|p1b: dripped|44/100
|-ability|p1b: dripped|Berserk|boost
|-boost|p1b: dripped|spa|1
|-enditem|p1b: dripped|Sitrus Berry|[eat]
|-heal|p1b: dripped|69/100|[from] item: Sitrus Berry
|move|p1a: Kazakhstan|Double-Edge|p2a: Nekota
|-damage|p2a: Nekota|0 fnt
|faint|p2a: Nekota
|-damage|p1a: Kazakhstan|60/100|[from] Recoil
|
|upkeep
|
|t:|1785611331
|switch|p2a: Ronny|Gardevoir, L50, M|100/100
|-ability|p2a: Ronny|Parental Bond|Trace|[from] ability: Trace|[of] p1a: Kazakhstan
|turn|4
|
|t:|1785611348
|detailschange|p2a: Ronny|Gardevoir-Mega, L50, M
|-mega|p2a: Ronny|Gardevoir|Gardevoirite
|move|p2a: Ronny|Expanding Force|p1a: Kazakhstan|[spread] p1a,p1b
|-damage|p1a: Kazakhstan|0 fnt
|-damage|p1b: dripped|0 fnt
|faint|p1a: Kazakhstan
|faint|p1b: dripped
|move|p2b: Saien|Psychic Fangs|p1: Kazakhstan|[notarget]
|-fail|p2b: Saien
|
|upkeep
|
|t:|1785611352
|switch|p1a: Mind Blower|Farigiraf, L50, F|43/100
|switch|p1b: Kamikaze|Staraptor, L50, M|22/100
|-ability|p1b: Kamikaze|Intimidate|boost
|-unboost|p2a: Ronny|atk|1
|-fail|p2b: Saien|unboost|[from] ability: Clear Body|[of] p2b: Saien
|turn|5
|
|t:|1785611370
|move|p1b: Kamikaze|Brave Bird|p2a: Ronny
|-damage|p2a: Ronny|8/100
|-damage|p1b: Kamikaze|0 fnt|[from] Recoil
|faint|p1b: Kamikaze
|move|p2a: Ronny|Expanding Force|p1a: Mind Blower
|-resisted|p1a: Mind Blower|1
|-damage|p1a: Mind Blower|0 fnt
|faint|p1a: Mind Blower
|
|win|lipeater444
||GamerDzha is ready for game 2.
||lipeater444 is ready for game 2.
|uhtml|next|Next: Game 2 of 3
