|j|☆aygguan
|j|☆trompanueva
|html|aygguantrompanueva    
|uhtml|bestof|Game 2 of a best-of-3
|t:|1784204024
|gametype|doubles
|player|p1|aygguan|266|1254
|player|p2|trompanueva|tate|1304
|gen|9
|tier|[Gen 9 Champions] VGC 2026 Reg M-B (Bo3)
|rated|
|rule|Species Clause: Limit one of each Pokémon
|rule|Item Clause: Limit 1 of each item
|clearpoke
|poke|p1|Charizard, L50, F|
|poke|p1|Sylveon, L50, M|
|poke|p1|Farigiraf, L50, F|
|poke|p1|Aerodactyl, L50, F|
|poke|p1|Kingambit, L50, M|
|poke|p1|Garchomp, L50, F|
|poke|p2|Venusaur, L50, F|
|poke|p2|Incineroar, L50, M|
|poke|p2|Garchomp, L50, F|
|poke|p2|Hydreigon, L50, F|
|poke|p2|Charizard, L50, F|
|poke|p2|Toxapex, L50, M|
|teampreview|4
|showteam|p1|Charizard||CharizarditeY|SolarPower|Protect,WeatherBall,SolarBeam,HeatWave|Modest||F|||50|]Sylveon||FairyFeather|Pixilate|Protect,HyperVoice,QuickAttack,HyperBeam|Modest||M|||50|]Farigiraf||SitrusBerry|ArmorTail|TrickRoom,TwinBeam,Roar,Thunderbolt|Bold||F|||50|]Aerodactyl||Aerodactylite|Unnerve|RockSlide,IceFang,Tailwind,DualWingbeat|Jolly||F|||50|]Kingambit||FocusSash|Defiant|KowtowCleave,IronHead,LowKick,SuckerPunch|Adamant||M|||50|]Garchomp||LifeOrb|SandVeil|Protect,Earthquake,DragonClaw,StompingTantrum|Jolly||F|||50|
|showteam|p2|Venusaur||FocusSash|Chlorophyll|SleepPowder,SludgeBomb,EarthPower,Protect|Modest||F|||50|]Incineroar||SitrusBerry|Intimidate|FakeOut,PartingShot,ThroatChop,FlareBlitz|Careful||M|||50|]Garchomp||LifeOrb|RoughSkin|DragonClaw,Earthquake,RockSlide,Protect|Jolly||F|||50|]Hydreigon||ChoiceScarf|Levitate|DracoMeteor,DarkPulse,Snarl,EarthPower|Modest||F|||50|]Charizard||CharizarditeY|Blaze|WeatherBall,HeatWave,SolarBeam,Protect|Modest||F|||50|]Toxapex||Leftovers|Regenerator|Infestation,Toxic,WideGuard,BanefulBunker|Bold||M|||50|
|inactive|Battle timer is ON: inactive players will automatically lose when time's up. (requested by aygguan)
|
|t:|1784204041
|teamsize|p1|4
|teamsize|p2|4
|start
|switch|p1a: Garchomp|Garchomp, L50, F|100/100
|switch|p1b: Aerodactyl|Aerodactyl, L50, F|100/100
|switch|p2a: Toxapex|Toxapex, L50, M|100/100
|switch|p2b: Charizard|Charizard, L50, F|100/100
|-ability|p1b: Aerodactyl|Unnerve
|turn|1
|inactive|trompanueva has 30 seconds left.
|
|t:|1784204070
|move|p2b: Charizard|Protect|p2b: Charizard
|-singleturn|p2b: Charizard|Protect
|move|p1b: Aerodactyl|Rock Slide|p2b: Charizard|[spread] p2a
|-activate|p2b: Charizard|move: Protect
|-damage|p2a: Toxapex|85/100
|move|p1a: Garchomp|Earthquake|p2b: Charizard|[spread] p2a
|-activate|p2b: Charizard|move: Protect
|-immune|p1b: Aerodactyl
|-supereffective|p2a: Toxapex|1
|-damage|p2a: Toxapex|26/100
|-damage|p1a: Garchomp|90/100|[from] item: Life Orb
|move|p2a: Toxapex|Toxic|p1a: Garchomp
|-status|p1a: Garchomp|tox
|
|-heal|p2a: Toxapex|31/100|[from] item: Leftovers
|-damage|p1a: Garchomp|84/100 tox|[from] psn
|upkeep
|turn|2
|
|t:|1784204093
|switch|p2b: Incineroar|Incineroar, L50, M|100/100
|-ability|p2b: Incineroar|Intimidate|boost
|-unboost|p1a: Garchomp|atk|1
|-unboost|p1b: Aerodactyl|atk|1
|move|p2a: Toxapex|Baneful Bunker|p2a: Toxapex
|-singleturn|p2a: Toxapex|move: Protect
|move|p1b: Aerodactyl|Rock Slide|p2a: Toxapex|[spread] p2b
|-activate|p2a: Toxapex|move: Protect
|-supereffective|p2b: Incineroar|1
|-damage|p2b: Incineroar|73/100
|move|p1a: Garchomp|Dragon Claw|p2a: Toxapex
|-activate|p2a: Toxapex|move: Protect
|
|-heal|p2a: Toxapex|37/100|[from] item: Leftovers
|-damage|p1a: Garchomp|72/100 tox|[from] psn
|upkeep
|turn|3
|inactive|aygguan has 30 seconds left.
|inactive|trompanueva has 30 seconds left.
|
|t:|1784204122
|switch|p1a: Farigiraf|Farigiraf, L50, F|100/100
|-heal|p2a: Toxapex|70/100|[from] ability: Regenerator|[silent]
|switch|p2a: Venusaur|Venusaur, L50, F|100/100
|move|p2b: Incineroar|Fake Out||[still]
|cant|p1a: Farigiraf|ability: Armor Tail|Fake Out|[of] p2b: Incineroar
|move|p1b: Aerodactyl|Tailwind|p1b: Aerodactyl
|-sidestart|p1: aygguan|move: Tailwind
|
|upkeep
|turn|4
|
|t:|1784204137
|move|p2a: Venusaur|Protect|p2a: Venusaur
|-singleturn|p2a: Venusaur|Protect
|move|p1b: Aerodactyl|Rock Slide|p2a: Venusaur|[spread] p2b
|-activate|p2a: Venusaur|move: Protect
|-supereffective|p2b: Incineroar|1
|-crit|p2b: Incineroar
|-damage|p2b: Incineroar|12/100
|move|p1a: Farigiraf|Twin Beam|p2a: Venusaur
|-activate|p2a: Venusaur|move: Protect
|move|p2b: Incineroar|Parting Shot|p1a: Farigiraf
|-unboost|p1a: Farigiraf|atk|1
|-unboost|p1a: Farigiraf|spa|1
|
|t:|1784204146
|switch|p2b: Toxapex|Toxapex, L50, M|70/100|[from] Parting Shot
|
|-heal|p2b: Toxapex|76/100|[from] item: Leftovers
|upkeep
|turn|5
|
|t:|1784204157
|move|p1b: Aerodactyl|Rock Slide|p2a: Venusaur|[spread] p2a,p2b
|-damage|p2a: Venusaur|81/100
|-damage|p2b: Toxapex|66/100
|move|p1a: Farigiraf|Twin Beam|p2b: Toxapex
|-supereffective|p2b: Toxapex|1
|-damage|p2b: Toxapex|50/100g
|-supereffective|p2b: Toxapex|1
|-damage|p2b: Toxapex|33/100
|-hitcount|p2b: Toxapex|2
|move|p2a: Venusaur|Sleep Powder|p1b: Aerodactyl
|-status|p1b: Aerodactyl|slp|[from] move: Sleep Powder
|move|p2b: Toxapex|Infestation|p1a: Farigiraf
|-supereffective|p1a: Farigiraf|1
|-damage|p1a: Farigiraf|93/100
|-activate|p1a: Farigiraf|move: Infestation|[of] p2b: Toxapex
|
|-heal|p2b: Toxapex|39/100|[from] item: Leftovers
|-damage|p1a: Farigiraf|81/100|[from] move: Infestation|[partiallytrapped]
|upkeep
|turn|6
|
|t:|1784204178
|-heal|p2b: Toxapex|72/100|[from] ability: Regenerator|[silent]
|switch|p2b: Charizard|Charizard, L50, F|100/100
|cant|p1b: Aerodactyl|slp
|move|p1a: Farigiraf|Twin Beam|p2a: Venusaur
|-supereffective|p2a: Venusaur|1
|-damage|p2a: Venusaur|60/100
|-supereffective|p2a: Venusaur|1
|-damage|p2a: Venusaur|37/100
|-hitcount|p2a: Venusaur|2
|move|p2a: Venusaur|Sleep Powder|p1a: Farigiraf
|-status|p1a: Farigiraf|slp|[from] move: Sleep Powder
|
|-end|p1a: Farigiraf|Infestation|[partiallytrapped]|[silent]
|-sideend|p1: aygguan|move: Tailwind
|upkeep
|turn|7
|
|t:|1784204195
|switch|p2a: Toxapex|Toxapex, L50, M|72/100
|detailschange|p2b: Charizard|Charizard-Mega-Y, L50, F
|-mega|p2b: Charizard|Charizard|Charizardite Y
|-weather|SunnyDay|[from] ability: Drought|[of] p2b: Charizard
|-curestatus|p1b: Aerodactyl|slp|[msg]
|move|p1b: Aerodactyl|Rock Slide|p2b: Charizard|[spread] p2a,p2b
|-supereffective|p2b: Charizard|2
|-damage|p2a: Toxapex|62/100
|-damage|p2b: Charizard|43/100
|move|p2b: Charizard|Heat Wave|p1a: Farigiraf|[spread] p1a,p1b
|-resisted|p1b: Aerodactyl|1
|-damage|p1a: Farigiraf|20/100r slp
|-damage|p1b: Aerodactyl|62/100
|-status|p1b: Aerodactyl|brn
|-enditem|p1a: Farigiraf|Sitrus Berry|[eat]
|-heal|p1a: Farigiraf|45/100 slp|[from] item: Sitrus Berry
|cant|p1a: Farigiraf|slp
|
|-weather|SunnyDay|[upkeep]
|-heal|p2a: Toxapex|68/100|[from] item: Leftovers
|-damage|p1b: Aerodactyl|56/100 brn|[from] brn
|upkeep
|turn|8
|
|t:|1784204215
|move|p2a: Toxapex|Wide Guard|p2a: Toxapex
|-singleturn|p2a: Toxapex|Wide Guard
|move|p1b: Aerodactyl|Tailwind|p1b: Aerodactyl
|-sidestart|p1: aygguan|move: Tailwind
|-curestatus|p1a: Farigiraf|slp|[msg]
|move|p1a: Farigiraf|Thunderbolt|p2b: Charizard
|-supereffective|p2b: Charizard|1
|-damage|p2b: Charizard|13/100
|move|p2b: Charizard|Solar Beam||[still]
|-prepare|p2b: Charizard|Solar Beam
|-anim|p2b: Charizard|Solar Beam|p1b: Aerodactyl
|-damage|p1b: Aerodactyl|0 fnt
|faint|p1b: Aerodactyl
|
|-weather|SunnyDay|[upkeep]
|-heal|p2a: Toxapex|73/100|[from] item: Leftovers
|upkeep
|
|t:|1784204225
|switch|p1b: Charizard|Charizard, L50, F|100/100
|turn|9
|inactive|trompanueva has 30 seconds left.
|
|t:|1784204253
|detailschange|p1b: Charizard|Charizard-Mega-Y, L50, F
|-mega|p1b: Charizard|Charizard|Charizardite Y
|move|p1b: Charizard|Solar Beam||[still]
|-prepare|p1b: Charizard|Solar Beam
|-anim|p1b: Charizard|Solar Beam|p2a: Toxapex
|-damage|p2a: Toxapex|38/100
|move|p1a: Farigiraf|Twin Beam|p2a: Toxapex
|-supereffective|p2a: Toxapex|1
|-damage|p2a: Toxapex|22/100
|-supereffective|p2a: Toxapex|1
|-damage|p2a: Toxapex|7/100
|-hitcount|p2a: Toxapex|2
|move|p2b: Charizard|Weather Ball|p1a: Farigiraf
|-damage|p1a: Farigiraf|0 fnt
|faint|p1a: Farigiraf
|move|p2a: Toxapex|Toxic|p1b: Charizard
|-status|p1b: Charizard|tox
|
|-weather|SunnyDay|[upkeep]
|-heal|p2a: Toxapex|12/100|[from] item: Leftovers
|-damage|p1b: Charizard|94/100 tox|[from] psn
|upkeep
|
|t:|1784204262
|switch|p1a: Garchomp|Garchomp, L50, F|72/100 tox
|turn|10
|inactive|trompanueva has 30 seconds left.
|
|t:|1784204295
|-heal|p2a: Toxapex|45/100|[from] ability: Regenerator|[silent]
|switch|p2a: Incineroar|Incineroar, L50, M|12/100
|-enditem|p2a: Incineroar|Sitrus Berry|[eat]
|-heal|p2a: Incineroar|37/100|[from] item: Sitrus Berry
|-ability|p2a: Incineroar|Intimidate|boost
|-unboost|p1a: Garchomp|atk|1
|-unboost|p1b: Charizard|atk|1
|move|p2b: Charizard|Protect|p2b: Charizard
|-singleturn|p2b: Charizard|Protect
|move|p1a: Garchomp|Dragon Claw|p2b: Charizard
|-activate|p2b: Charizard|move: Protect
|move|p1b: Charizard|Weather Ball|p2a: Incineroar
|-resisted|p2a: Incineroar|1
|-damage|p2a: Incineroar|7/100
|
|-weather|SunnyDay|[upkeep]
|-damage|p1a: Garchomp|66/100 tox|[from] psn
|-damage|p1b: Charizard|82/100 tox|[from] psn
|upkeep
|turn|11
|inactive|trompanueva has 30 seconds left.
|
|t:|1784204328
|switch|p2b: Toxapex|Toxapex, L50, M|45/100
|move|p2a: Incineroar|Fake Out|p1b: Charizard
|-damage|p1b: Charizard|72/100 tox
|move|p1a: Garchomp|Dragon Claw|p2b: Toxapex
|-damage|p2b: Toxapex|22/100
|-damage|p1a: Garchomp|56/100 tox|[from] item: Life Orb
|cant|p1b: Charizard|flinch
|
|-weather|none
|-heal|p2b: Toxapex|28/100|[from] item: Leftovers
|-damage|p1a: Garchomp|44/100 tox|[from] psn
|-damage|p1b: Charizard|55/100 tox|[from] psn
|-sideend|p1: aygguan|move: Tailwind
|upkeep
|turn|12
|
|t:|1784204352
|move|p2b: Toxapex|Baneful Bunker|p2b: Toxapex
|-singleturn|p2b: Toxapex|move: Protect
|move|p1a: Garchomp|Earthquake|p2a: Incineroar|[spread] p2a
|-activate|p2b: Toxapex|move: Protect
|-immune|p1b: Charizard
|-supereffective|p2a: Incineroar|1
|-damage|p2a: Incineroar|0 fnt
|faint|p2a: Incineroar
|-damage|p1a: Garchomp|34/100 tox|[from] item: Life Orb
|move|p1b: Charizard|Heat Wave|p2b: Toxapex
|-activate|p2b: Toxapex|move: Protect
|
|-heal|p2b: Toxapex|34/100|[from] item: Leftovers
|-damage|p1a: Garchomp|16/100 tox|[from] psn
|-damage|p1b: Charizard|32/100 tox|[from] psn
|upkeep
|
|t:|1784204360
|switch|p2a: Charizard|Charizard-Mega-Y, L50, F|13/100
|-weather|SunnyDay|[from] ability: Drought|[of] p2a: Charizard
|turn|13
|
|t:|1784204367
|move|p2a: Charizard|Protect|p2a: Charizard
|-singleturn|p2a: Charizard|Protect
|move|p1a: Garchomp|Stomping Tantrum|p2b: Toxapex
|-supereffective|p2b: Toxapex|1
|-damage|p2b: Toxapex|0 fnt
|faint|p2b: Toxapex
|-damage|p1a: Garchomp|6/100 tox|[from] item: Life Orb
|move|p1b: Charizard|Weather Ball|p2a: Charizard
|-activate|p2a: Charizard|move: Protect
|
|-weather|SunnyDay|[upkeep]
|-damage|p1a: Garchomp|0 fnt|[from] psn
|faint|p1a: Garchomp
|-damage|p1b: Charizard|3/100 tox|[from] psn
|upkeep
|
|t:|1784204369
|switch|p2b: Venusaur|Venusaur, L50, F|37/100
|turn|14
|
|t:|1784204372
|move|p2b: Venusaur|Protect|p2b: Venusaur
|-singleturn|p2b: Venusaur|Protect
|move|p2a: Charizard|Protect||[still]
|-fail|p2a: Charizard
|move|p1b: Charizard|Heat Wave|p2a: Charizard|[spread] 
|-activate|p2b: Venusaur|move: Protect
|-miss|p1b: Charizard|p2a: Charizard
|
|-weather|SunnyDay|[upkeep]
|-damage|p1b: Charizard|0 fnt|[from] psn
|faint|p1b: Charizard
|
|win|trompanueva
|raw|aygguan's rating: 1254 → 1233(-21 for losing)
|raw|trompanueva's rating: 1304 → 1321(+17 for winning)
|l|☆aygguan
|player|p1|
