|j|☆TehCruzeFan123
|j|☆hieu213
|html|TehCruzeFan123hieu213    
|uhtml|bestof|Game 1 of a best-of-3
|t:|1784951203
|gametype|doubles
|player|p1|TehCruzeFan123|guzma|1097
|player|p2|hieu213|2|1000
|gen|9
|tier|[Gen 9 Champions] VGC 2026 Reg M-B (Bo3)
|rated|
|rule|Species Clause: Limit one of each Pokémon
|rule|Item Clause: Limit 1 of each item
|clearpoke
|poke|p1|Aerodactyl, L50, M|
|poke|p1|Hippowdon, L50, M|
|poke|p1|Gholdengo, L50|
|poke|p1|Sneasler, L50, M|
|poke|p1|Basculegion, L50, M|
|poke|p1|Floette-Eternal, L50, F|
|poke|p2|Raichu, L50, M|
|poke|p2|Eelektross, L50, M|
|poke|p2|Manectric, L50, M|
|poke|p2|Heliolisk, L50, F|
|poke|p2|Stunfisk, L50, F|
|poke|p2|Jolteon, L50, F|
|teampreview|4
|showteam|p1|Aerodactyl||Aerodactylite|RockHead|DualWingbeat,RockSlide,IceFang,Tailwind|Jolly||M|||50|]Hippowdon||Leftovers|SandStream|Protect,Yawn,HighHorsepower,StoneEdge|Adamant||M|||50|]Gholdengo||FocusSash|GoodasGold|Protect,MakeItRain,ShadowBall,NastyPlot|Modest|||||50|]Sneasler||WhiteHerb|Unburden|Protect,FakeOut,CloseCombat,DireClaw|Jolly||M|||50|]Basculegion||KasibBerry|Adaptability|Protect,WaveCrash,LastRespects,AquaJet|Adamant||M|||50|]Floette-Eternal||Floettite|FlowerVeil|Protect,Moonblast,DazzlingGleam,LightofRuin|Timid||F|||50|
|showteam|p2|Raichu||FocusSash|LightningRod|Discharge,FakeOut,AlluringVoice,Protect|Timid||M|||50|]Eelektross||Eelektrossite|Levitate|PoisonFang,SupercellSlam,StompingTantrum,Protect|Adamant||M|||50|]Manectric||Manectite|LightningRod|Discharge,HyperBeam,Protect,Flamethrower|Timid||M|||50|]Heliolisk||SitrusBerry|DrySkin|DragonPulse,Thunderbolt,Protect,GrassKnot|Timid||F|||50|]Stunfisk||Leftovers|SandVeil|SludgeBomb,ElectricTerrain,Discharge,Protect|Bold||F|||50|]Jolteon||BrightPowder|VoltAbsorb|Discharge,ElectricTerrain,WeatherBall,Protect|Modest||F|||50|
|inactive|Battle timer is ON: inactive players will automatically lose when time's up. (requested by TehCruzeFan123)
|
|t:|1784951223
|teamsize|p1|4
|teamsize|p2|4
|start
|switch|p1a: Sneasler|Sneasler, L50, M|100/100
|switch|p1b: Hippowdon|Hippowdon, L50, M|100/100
|switch|p2a: Heliolisk|Heliolisk, L50, F|100/100
|switch|p2b: Eelektross|Eelektross, L50, M|100/100
|-weather|Sandstorm|[from] ability: Sand Stream|[of] p1b: Hippowdon
|turn|1
|
|t:|1784951242
|move|p2a: Heliolisk|Protect|p2a: Heliolisk
|-singleturn|p2a: Heliolisk|Protect
|move|p1a: Sneasler|Protect|p1a: Sneasler
|-singleturn|p1a: Sneasler|Protect
|move|p2b: Eelektross|Stomping Tantrum|p1a: Sneasler
|-activate|p1a: Sneasler|move: Protect
|move|p1b: Hippowdon|Yawn|p2b: Eelektross
|-start|p2b: Eelektross|move: Yawn|[of] p1b: Hippowdon
|
|-weather|Sandstorm|[upkeep]
|-damage|p2a: Heliolisk|94/100|[from] Sandstorm
|-damage|p1a: Sneasler|94/100|[from] Sandstorm
|-damage|p2b: Eelektross|93/100|[from] Sandstorm
|upkeep
|turn|2
|
|t:|1784951265
|move|p2a: Heliolisk|Grass Knot|p1b: Hippowdon
|-supereffective|p1b: Hippowdon|1
|-crit|p1b: Hippowdon
|-damage|p1b: Hippowdon|2/100
|move|p1a: Sneasler|Close Combat|p2b: Eelektross
|-damage|p2b: Eelektross|37/100
|-unboost|p1a: Sneasler|def|1
|-unboost|p1a: Sneasler|spd|1
|-enditem|p1a: Sneasler|White Herb
|-clearnegativeboost|p1a: Sneasler|[silent]
|move|p2b: Eelektross|Stomping Tantrum|p1a: Sneasler
|-supereffective|p1a: Sneasler|1
|-damage|p1a: Sneasler|42/100
|move|p1b: Hippowdon|High Horsepower|p2a: Heliolisk|[miss]
|-miss|p1b: Hippowdon|p2a: Heliolisk
|
|-weather|Sandstorm|[upkeep]
|-damage|p1a: Sneasler|36/100|[from] Sandstorm
|-damage|p2a: Heliolisk|88/100|[from] Sandstorm
|-damage|p2b: Eelektross|31/100|[from] Sandstorm
|-heal|p1b: Hippowdon|9/100|[from] item: Leftovers
|-end|p2b: Eelektross|move: Yawn|[silent]
|-status|p2b: Eelektross|slp
|upkeep
|turn|3
|inactive|hieu213 has 30 seconds left.
|
|t:|1784951292
|move|p1a: Sneasler|Close Combat|p2a: Heliolisk
|-supereffective|p2a: Heliolisk|1
|-damage|p2a: Heliolisk|0 fnt
|-unboost|p1a: Sneasler|def|1
|-unboost|p1a: Sneasler|spd|1
|faint|p2a: Heliolisk
|cant|p2b: Eelektross|slp
|move|p1b: Hippowdon|Stone Edge|p2b: Eelektross
|-damage|p2b: Eelektross|0 fnt
|faint|p2b: Eelektross
|
|-weather|Sandstorm|[upkeep]
|-damage|p1a: Sneasler|31/100|[from] Sandstorm
|-heal|p1b: Hippowdon|15/100|[from] item: Leftovers
|upkeep
|
|t:|1784951298
|switch|p2a: Manectric|Manectric, L50, M|100/100
|switch|p2b: Jolteon|Jolteon, L50, F|100/100
|turn|4
|inactive|TehCruzeFan123 has 30 seconds left.
|
|t:|1784951324
|move|p1a: Sneasler|Close Combat|p2b: Jolteon|[miss]
|-miss|p1a: Sneasler|p2b: Jolteon
|move|p2b: Jolteon|Discharge|p1a: Sneasler|[spread] p1a
|-ability|p2a: Manectric|Lightning Rod|boost
|-boost|p2a: Manectric|spa|1
|-immune|p1b: Hippowdon
|-damage|p1a: Sneasler|0 fnt
|faint|p1a: Sneasler
|move|p2a: Manectric|Flamethrower|p1b: Hippowdon
|-crit|p1b: Hippowdon
|-damage|p1b: Hippowdon|0 fnt
|faint|p1b: Hippowdon
|
|-weather|Sandstorm|[upkeep]
|-damage|p2b: Jolteon|94/100|[from] Sandstorm
|-damage|p2a: Manectric|93/100|[from] Sandstorm
|upkeep
|
|t:|1784951333
|switch|p1a: Floette|Floette-Eternal, L50, F|100/100
|switch|p1b: Gholdengo|Gholdengo, L50|100/100
|turn|5
|
|t:|1784951352
|detailschange|p1a: Floette|Floette-Mega, L50, F
|-mega|p1a: Floette|Floette|Floettite
|-ability|p1a: Floette|Fairy Aura
|move|p1b: Gholdengo|Protect|p1b: Gholdengo
|-singleturn|p1b: Gholdengo|Protect
|move|p2b: Jolteon|Discharge|p1a: Floette|[spread] p1a
|-activate|p1b: Gholdengo|move: Protect
|-ability|p2a: Manectric|Lightning Rod|boost
|-boost|p2a: Manectric|spa|1
|-damage|p1a: Floette|73/100
|-status|p1a: Floette|par
|move|p2a: Manectric|Discharge|p1a: Floette|[spread] p1a
|-activate|p1b: Gholdengo|move: Protect
|-heal|p2b: Jolteon|100/100|[from] ability: Volt Absorb|[of] p2a: Manectric
|-damage|p1a: Floette|26/100 par
|move|p1a: Floette|Light of Ruin|p2a: Manectric
|-damage|p2a: Manectric|0 fnt
|faint|p2a: Manectric
|-damage|p1a: Floette|0 fnt|[from] Recoil
|faint|p1a: Floette
|
|-weather|none
|upkeep
|turn|6
|inactive|hieu213 has 30 seconds left.
|
|t:|1784951380
|move|p2b: Jolteon|Discharge|p1b: Gholdengo
|-damage|p1b: Gholdengo|51/100
|move|p1b: Gholdengo|Shadow Ball|p2b: Jolteon|[miss]
|-miss|p1b: Gholdengo|p2b: Jolteon
|
|upkeep
|turn|7
|
|t:|1784951388
|move|p2b: Jolteon|Discharge|p1b: Gholdengo
|-damage|p1b: Gholdengo|7/100
|-status|p1b: Gholdengo|par
|move|p1b: Gholdengo|Shadow Ball|p2b: Jolteon|[miss]
|-miss|p1b: Gholdengo|p2b: Jolteon
|
|upkeep
|turn|8
|
|t:|1784951397
|move|p2b: Jolteon|Discharge|p1b: Gholdengo
|-damage|p1b: Gholdengo|0 fnt
|faint|p1b: Gholdengo
|
|win|hieu213
