|j|☆Jahreed
|j|☆aefrmm
|html|Jahreedaefrmm    
|uhtml|bestof|Game 1 of a best-of-3
|t:|1756353557
|gametype|doubles
|player|p1|Jahreed|266|1145
|player|p2|aefrmm|pokemonrangerf-gen4|1078
|gen|9
|tier|[Gen 9] VGC 2025 Reg H (Bo3)
|rated|
|rule|Species Clause: Limit one of each Pokémon
|rule|Item Clause: Limit 1 of each item
|clearpoke
|poke|p1|Porygon2, L50|
|poke|p1|Ursaluna, L50, F|
|poke|p1|Incineroar, L50, M|
|poke|p1|Yanmega, L50, M|
|poke|p1|Sneasler, L50, F|
|poke|p1|Archaludon, L50, F|
|poke|p2|Ninetales-Alola, L50, F|
|poke|p2|Basculegion, L50, M|
|poke|p2|Magmar, L50, M|
|poke|p2|Sneasler, L50, M|
|poke|p2|Rillaboom, L50, M|
|poke|p2|Kingambit, L50, M|
|teampreview|4
|showteam|p1|Porygon2||Eviolite|Download|TrickRoom,IceBeam,Recover,TeraBlast||||||50|,,,,,Flying]Ursaluna||FlameOrb|Guts|Protect,Facade,HeadlongRush,Earthquake|||F|||50|,,,,,Ghost]Incineroar||SafetyGoggles|Intimidate|FakeOut,PartingShot,KnockOff,FlareBlitz|||M|||50|,,,,,Ghost]Yanmega||FocusSash|SpeedBoost|AirSlash,BugBuzz,Tailwind,Detect|||M|||50|,,,,,Ghost]Sneasler||WhiteHerb|Unburden|Protect,CloseCombat,DireClaw,ThroatChop|||F|||50|,,,,,Stellar]Archaludon||PowerHerb|Stalwart|DragonPulse,ElectroShot,Protect,Thunderbolt|||F|||50|,,,,,Electric
|showteam|p2|Ninetales-Alola||LifeOrb|SnowWarning|Blizzard,FreezeDry,Encore,Protect|||F|||50|,,,,,Ghost]Basculegion||ChoiceScarf|Adaptability|WaveCrash,LastRespects,FlipTurn,TeraBlast|||M|||50|,,,,,Fighting]Magmar||Eviolite|VitalSpirit|Taunt,HeatWave,FollowMe,Protect|||M|||50|,,,,,Water]Sneasler||FocusSash|PoisonTouch|CloseCombat,DireClaw,FakeOut,Protect|||M|||50|,,,,,Stellar]Rillaboom||AssaultVest|GrassySurge|WoodHammer,GrassyGlide,Uturn,FakeOut|||M|||50|,,,,,Water]Kingambit||BlackGlasses|Defiant|KowtowCleave,SuckerPunch,SwordsDance,Protect|||M|||50|,,,,,Fire
|inactive|Battle timer is ON: inactive players will automatically lose when time's up. (requested by aefrmm)
|inactive|aefrmm has 60 seconds left.
|inactive|Jahreed has 60 seconds left.
|inactive|Jahreed has 30 seconds left.
|inactive|Jahreed has 20 seconds left.
|
|t:|1756353641
|teamsize|p1|4
|teamsize|p2|4
|start
|switch|p1a: Yanmega|Yanmega, L50, M|100/100
|switch|p1b: Sneasler|Sneasler, L50, F|100/100
|switch|p2a: Sneasler|Sneasler, L50, M|100/100
|switch|p2b: Kingambit|Kingambit, L50, M|100/100
|turn|1
|inactive|Jahreed has 30 seconds left.
|inactive|aefrmm has 30 seconds left.
|inactive|Jahreed has 20 seconds left.
|inactive|aefrmm has 20 seconds left.
|inactive|Jahreed has 15 seconds left.
|inactive|aefrmm has 15 seconds left.
|inactive|Jahreed has 10 seconds left.
|inactive|aefrmm has 10 seconds left.
|inactive|aefrmm has 5 seconds left.
|inactive|Jahreed has 5 seconds left.
|
|t:|1756353696
|-terastallize|p2b: Kingambit|Fire
|move|p2a: Sneasler|Fake Out|p1b: Sneasler
|-damage|p1b: Sneasler|79/100
|cant|p1b: Sneasler|flinch
|move|p1a: Yanmega|Air Slash|p2a: Sneasler
|-supereffective|p2a: Sneasler
|-enditem|p2a: Sneasler|Focus Sash
|-damage|p2a: Sneasler|1/100
|move|p2b: Kingambit|Swords Dance|p2b: Kingambit
|-boost|p2b: Kingambit|atk|2
|
|-ability|p1a: Yanmega|Speed Boost|boost
|-boost|p1a: Yanmega|spe|1
|upkeep
|turn|2
|inactive|Jahreed has 30 seconds left.
|inactive|aefrmm has 30 seconds left.
|inactive|Jahreed has 20 seconds left.
|inactive|aefrmm has 20 seconds left.
|inactive|Jahreed has 15 seconds left.
|inactive|aefrmm has 15 seconds left.
|inactive|Jahreed has 10 seconds left.
|inactive|aefrmm has 10 seconds left.
|inactive|aefrmm has 5 seconds left.
|
|t:|1756353751
|-terastallize|p1b: Sneasler|Stellar
|move|p2a: Sneasler|Protect|p2a: Sneasler
|-singleturn|p2a: Sneasler|Protect
|move|p2b: Kingambit|Protect|p2b: Kingambit
|-singleturn|p2b: Kingambit|Protect
|move|p1a: Yanmega|Air Slash|p2b: Kingambit
|-activate|p2b: Kingambit|move: Protect
|move|p1b: Sneasler|Close Combat|p2b: Kingambit
|-activate|p2b: Kingambit|move: Protect
|
|-ability|p1a: Yanmega|Speed Boost|boost
|-boost|p1a: Yanmega|spe|1
|upkeep
|turn|3
|inactive|Jahreed has 30 seconds left.
|inactive|aefrmm has 30 seconds left.
|inactive|Jahreed has 20 seconds left.
|
|t:|1756353789
|move|p2b: Kingambit|Sucker Punch|p1b: Sneasler
|-resisted|p1b: Sneasler
|-damage|p1b: Sneasler|7/100
|move|p1a: Yanmega|Air Slash|p2b: Kingambit
|-damage|p2b: Kingambit|58/100
|move|p1b: Sneasler|Close Combat|p2b: Kingambit
|-damage|p2b: Kingambit|0 fnt
|-unboost|p1b: Sneasler|def|1
|-unboost|p1b: Sneasler|spd|1
|faint|p2b: Kingambit
|-enditem|p1b: Sneasler|White Herb
|-clearnegativeboost|p1b: Sneasler|[silent]
|move|p2a: Sneasler|Close Combat|p1b: Sneasler
|-resisted|p1b: Sneasler
|-damage|p1b: Sneasler|0 fnt
|-unboost|p2a: Sneasler|def|1
|-unboost|p2a: Sneasler|spd|1
|faint|p1b: Sneasler
|
|-ability|p1a: Yanmega|Speed Boost|boost
|-boost|p1a: Yanmega|spe|1
|upkeep
|
|t:|1756353807
|switch|p1b: Archaludon|Archaludon, L50, F|100/100
|switch|p2b: Magmar|Magmar, L50, M|100/100
|turn|4
|inactive|Jahreed has 30 seconds left.
|
|t:|1756353833
|move|p2b: Magmar|Follow Me|p2b: Magmar
|-singleturn|p2b: Magmar|move: Follow Me
|move|p1a: Yanmega|Tailwind|p1a: Yanmega
|-sidestart|p1: Jahreed|move: Tailwind
|move|p1b: Archaludon|Electro Shot||[still]
|-prepare|p1b: Archaludon|Electro Shot
|-boost|p1b: Archaludon|spa|1
|-enditem|p1b: Archaludon|Power Herb
|-anim|p1b: Archaludon|Electro Shot|p2a: Sneasler
|-damage|p2a: Sneasler|0 fnt
|faint|p2a: Sneasler
|
|-ability|p1a: Yanmega|Speed Boost|boost
|-boost|p1a: Yanmega|spe|1
|upkeep
|
|t:|1756353842
|switch|p2a: Rillaboom|Rillaboom, L50, M|100/100
|-fieldstart|move: Grassy Terrain|[from] ability: Grassy Surge|[of] p2a: Rillaboom
|turn|5
|
|t:|1756353848
|move|p1a: Yanmega|Detect|p1a: Yanmega
|-singleturn|p1a: Yanmega|Protect
|move|p1b: Archaludon|Protect|p1b: Archaludon
|-singleturn|p1b: Archaludon|Protect
|move|p2a: Rillaboom|Fake Out|p1a: Yanmega
|-activate|p1a: Yanmega|move: Protect
|move|p2b: Magmar|Heat Wave|p1a: Yanmega|[spread] 
|-activate|p1a: Yanmega|move: Protect
|-activate|p1b: Archaludon|move: Protect
|
|-ability|p1a: Yanmega|Speed Boost|boost
|-boost|p1a: Yanmega|spe|1
|upkeep
|turn|6
|
|t:|1756353872
|move|p2b: Magmar|Follow Me|p2b: Magmar
|-singleturn|p2b: Magmar|move: Follow Me
|move|p1a: Yanmega|Bug Buzz|p2b: Magmar
|-resisted|p2b: Magmar
|-damage|p2b: Magmar|81/100
|move|p1b: Archaludon|Dragon Pulse|p2a: Rillaboom
|-damage|p2a: Rillaboom|57/100
|move|p2a: Rillaboom|Wood Hammer|p1b: Archaludon
|-resisted|p1b: Archaludon
|-damage|p1b: Archaludon|88/100
|-damage|p2a: Rillaboom|53/100|[from] Recoil
|
|-heal|p1b: Archaludon|94/100|[from] Grassy Terrain
|-heal|p2b: Magmar|87/100|[from] Grassy Terrain
|-heal|p2a: Rillaboom|59/100|[from] Grassy Terrain
|-ability|p1a: Yanmega|Speed Boost|boost
|-boost|p1a: Yanmega|spe|1
|upkeep
|turn|7
|
|t:|1756353889
|move|p1a: Yanmega|Air Slash|p2a: Rillaboom
|-supereffective|p2a: Rillaboom
|-damage|p2a: Rillaboom|2/100
|move|p1b: Archaludon|Dragon Pulse|p2a: Rillaboom
|-damage|p2a: Rillaboom|0 fnt
|faint|p2a: Rillaboom
|move|p2b: Magmar|Heat Wave|p1a: Yanmega|[spread] p1a,p1b
|-supereffective|p1a: Yanmega
|-damage|p1a: Yanmega|7/100
|-damage|p1b: Archaludon|64/100
|
|-heal|p1b: Archaludon|71/100|[from] Grassy Terrain
|-heal|p2b: Magmar|93/100|[from] Grassy Terrain
|-sideend|p1: Jahreed|move: Tailwind
|upkeep
|turn|8
|
|t:|1756353909
|move|p1a: Yanmega|Tailwind|p1a: Yanmega
|-sidestart|p1: Jahreed|move: Tailwind
|move|p1b: Archaludon|Dragon Pulse|p2b: Magmar
|-damage|p2b: Magmar|36/100
|move|p2b: Magmar|Heat Wave|p1b: Archaludon|[spread] p1a,p1b
|-supereffective|p1a: Yanmega
|-damage|p1a: Yanmega|0 fnt
|-damage|p1b: Archaludon|42/100
|faint|p1a: Yanmega
|
|-heal|p1b: Archaludon|48/100|[from] Grassy Terrain
|-heal|p2b: Magmar|42/100|[from] Grassy Terrain
|upkeep
|
|t:|1756353916
|switch|p1a: Incineroar|Incineroar, L50, M|100/100
|-ability|p1a: Incineroar|Intimidate|boost
|-unboost|p2b: Magmar|atk|1
|turn|9
|
|t:|1756353923
|move|p2b: Magmar|Protect|p2b: Magmar
|-singleturn|p2b: Magmar|Protect
|move|p1a: Incineroar|Fake Out|p2b: Magmar
|-activate|p2b: Magmar|move: Protect
|move|p1b: Archaludon|Dragon Pulse|p2b: Magmar
|-activate|p2b: Magmar|move: Protect
|
|-heal|p1b: Archaludon|54/100|[from] Grassy Terrain
|-heal|p2b: Magmar|48/100|[from] Grassy Terrain
|-fieldend|move: Grassy Terrain
|upkeep
|turn|10
|
|t:|1756353942
|move|p1b: Archaludon|Dragon Pulse|p2b: Magmar
|-damage|p2b: Magmar|0 fnt
|faint|p2b: Magmar
|
|win|Jahreed
||aefrmm is ready for game 2.
||Jahreed is ready for game 2.
|uhtml|next|Next: Game 2 of 3
