|j|☆panijc
|j|☆usernamecdat
|html|panijcusernamecdat    
|uhtml|bestof|Game 1 of a best-of-3
|t:|1785810966
|gametype|doubles
|player|p1|panijc|266|1174
|player|p2|usernamecdat|265|1054
|gen|9
|tier|[Gen 9 Champions] VGC 2026 Reg M-B (Bo3)
|rated|
|rule|Species Clause: Limit one of each Pokémon
|rule|Item Clause: Limit 1 of each item
|clearpoke
|poke|p1|Raichu, L50, F|
|poke|p1|Mamoswine, L50, M|
|poke|p1|Sylveon, L50, F|
|poke|p1|Incineroar, L50, M|
|poke|p1|Basculegion, L50, M|
|poke|p1|Whimsicott, L50, F|
|poke|p2|Aggron, L50, M|
|poke|p2|Sinistcha, L50|
|poke|p2|Vivillon-Monsoon, L50, M|
|poke|p2|Pelipper, L50, F|
|poke|p2|Swampert, L50, M|
|poke|p2|Orthworm, L50, M|
|teampreview|4
|showteam|p1|Raichu||RaichuniteY|LightningRod|ZapCannon,FocusBlast,FakeOut,Protect|Timid||F|||50|]Mamoswine||LifeOrb|Oblivious|IcicleCrash,HighHorsepower,IceShard,Protect|Adamant||M|||50|]Sylveon||FairyFeather|Pixilate|HyperVoice,HyperBeam,Detect,Yawn|Modest||F|||50|]Incineroar||SitrusBerry|Intimidate|ThroatChop,FlareBlitz,FakeOut,PartingShot|Impish||M|||50|]Basculegion||MysticWater|Adaptability|WaveCrash,LastRespects,AquaJet,Protect|Adamant||M|||50|]Whimsicott||FocusSash|Prankster|Moonblast,Tailwind,Protect,Encore|Timid||F|||50|
|showteam|p2|Aggron||Aggronite|HeavyMetal|IronDefense,BodyPress,HeavySlam,Protect|Careful||M|||50|]Sinistcha||SitrusBerry|Hospitality|MatchaGotcha,TrickRoom,RagePowder,LifeDew|Calm|||||50|]Vivillon-Monsoon||FocusSash|CompoundEyes|SleepPowder,Hurricane,EnergyBall,Protect|Timid||M|||50|]Pelipper||SharpBeak|Drizzle|WideGuard,Tailwind,Hurricane,Protect|Timid||F|||50|]Swampert||Swampertite|Torrent|Earthquake,WaveCrash,IcePunch,Protect|Adamant||M|||50|]Orthworm||Leftovers|EarthEater|ShedTail,BodyPress,HighHorsepower,Protect|Jolly||M|||50|
|
|t:|1785810986
|teamsize|p1|4
|teamsize|p2|4
|start
|switch|p1a: Raichu|Raichu, L50, F|100/100
|switch|p1b: Incineroar|Incineroar, L50, M|100/100
|switch|p2a: Vivillon|Vivillon-Monsoon, L50, M|100/100
|switch|p2b: Pelipper|Pelipper, L50, F|100/100
|-weather|RainDance|[from] ability: Drizzle|[of] p2b: Pelipper
|-ability|p1b: Incineroar|Intimidate|boost
|-unboost|p2a: Vivillon|atk|1
|-unboost|p2b: Pelipper|atk|1
|turn|1
|
|t:|1785811002
|detailschange|p1a: Raichu|Raichu-Mega-Y, L50, F
|-mega|p1a: Raichu|Raichu|Raichunite Y
|move|p2a: Vivillon|Protect|p2a: Vivillon
|-singleturn|p2a: Vivillon|Protect
|move|p2b: Pelipper|Protect|p2b: Pelipper
|-singleturn|p2b: Pelipper|Protect
|move|p1a: Raichu|Fake Out|p2a: Vivillon
|-activate|p2a: Vivillon|move: Protect
|move|p1b: Incineroar|Fake Out|p2b: Pelipper
|-activate|p2b: Pelipper|move: Protect
|
|-weather|RainDance|[upkeep]
|upkeep
|turn|2
|
|t:|1785811021
|move|p1a: Raichu|Zap Cannon|p2a: Vivillon
|-supereffective|p2a: Vivillon|1
|-enditem|p2a: Vivillon|Focus Sash
|-damage|p2a: Vivillon|1/100
|-status|p2a: Vivillon|par
|move|p2b: Pelipper|Tailwind|p2b: Pelipper
|-sidestart|p2: usernamecdat|move: Tailwind
|move|p2a: Vivillon|Sleep Powder|p1a: Raichu
|-status|p1a: Raichu|slp|[from] move: Sleep Powder
|move|p1b: Incineroar|Parting Shot|p2b: Pelipper
|-unboost|p2b: Pelipper|atk|1
|-unboost|p2b: Pelipper|spa|1
|
|t:|1785811034
|switch|p1b: Basculegion|Basculegion, L50, M|100/100|[from] Parting Shot
|
|-weather|RainDance|[upkeep]
|upkeep
|turn|3
|
|t:|1785811046
|move|p1b: Basculegion|Aqua Jet|p2a: Vivillon
|-damage|p2a: Vivillon|0 fnt
|faint|p2a: Vivillon
|move|p2b: Pelipper|Hurricane|p1a: Raichu
|-resisted|p1a: Raichu|1
|-damage|p1a: Raichu|76/100 slp
|-start|p1a: Raichu|confusion
|cant|p1a: Raichu|slp
|
|-weather|RainDance|[upkeep]
|upkeep
|
|t:|1785811057
|switch|p2a: Swampert|Swampert, L50, M|100/100
|turn|4
|
|t:|1785811068
|switch|p1a: Incineroar|Incineroar, L50, M|100/100
|-ability|p1a: Incineroar|Intimidate|boost
|-unboost|p2a: Swampert|atk|1
|-unboost|p2b: Pelipper|atk|1
|detailschange|p2a: Swampert|Swampert-Mega, L50, M
|-mega|p2a: Swampert|Swampert|Swampertite
|move|p2a: Swampert|Earthquake|p1a: Incineroar|[spread] p1a,p1b
|-immune|p2b: Pelipper
|-supereffective|p1a: Incineroar|1
|-crit|p1a: Incineroar
|-damage|p1a: Incineroar|0 fnt
|-damage|p1b: Basculegion|62/100
|faint|p1a: Incineroar
|move|p2b: Pelipper|Hurricane|p1b: Basculegion
|-damage|p1b: Basculegion|28/100
|-start|p1b: Basculegion|confusion
|-activate|p1b: Basculegion|confusion
|move|p1b: Basculegion|Wave Crash|p2a: Swampert
|-damage|p2a: Swampert|0 fnt
|faint|p2a: Swampert
|-damage|p1b: Basculegion|0 fnt|[from] Recoil
|faint|p1b: Basculegion
|
|-weather|RainDance|[upkeep]
|upkeep
|
|t:|1785811089
|switch|p1b: Raichu|Raichu-Mega-Y, L50, F|76/100 slp
|switch|p2a: Sinistcha|Sinistcha, L50|100/100
|switch|p1a: Mamoswine|Mamoswine, L50, M|100/100
|turn|5
|
|t:|1785811106
|cant|p1b: Raichu|slp
|move|p2b: Pelipper|Hurricane|p1a: Mamoswine
|-damage|p1a: Mamoswine|56/100
|-start|p1a: Mamoswine|confusion
|move|p2a: Sinistcha|Matcha Gotcha|p1b: Raichu|[spread] p1a,p1b
|-supereffective|p1a: Mamoswine|1
|-damage|p1a: Mamoswine|0 fnt
|-damage|p1b: Raichu|39/100 slp
|faint|p1a: Mamoswine
|
|-weather|none
|-sideend|p2: usernamecdat|move: Tailwind
|upkeep
|turn|6
|
|t:|1785811125
|-curestatus|p1b: Raichu|slp|[msg]
|move|p1b: Raichu|Zap Cannon|p2b: Pelipper
|-supereffective|p2b: Pelipper|2
|-damage|p2b: Pelipper|0 fnt
|faint|p2b: Pelipper
|move|p2a: Sinistcha|Matcha Gotcha|p1b: Raichu
|-damage|p1b: Raichu|0 fnt
|faint|p1b: Raichu
|
|win|usernamecdat
||panijc is ready for game 2.
|inactive|usernamecdat has 30 seconds to confirm battle start!
|l|☆usernamecdat
|player|p2|
|raw|panijc's rating: 1174 → 1191(+17 for winning)
|raw|usernamecdat's rating: 1054 → 1042(-12 for losing)
