|j|☆marillrag1
|j|☆Koraidonkoalition
|html|marillrag1Koraidonkoalition    
|uhtml|bestof|Game 3 of a best-of-3
|t:|1785083848
|gametype|doubles
|player|p1|marillrag1|169|1080
|player|p2|Koraidonkoalition|colress|1224
|gen|9
|tier|[Gen 9 Champions] VGC 2026 Reg M-B (Bo3)
|rated|
|rule|Species Clause: Limit one of each Pokémon
|rule|Item Clause: Limit 1 of each item
|clearpoke
|poke|p1|Delphox, L50, F|
|poke|p1|Sneasler, L50, F|
|poke|p1|Incineroar, L50, F|
|poke|p1|Sinistcha, L50|
|poke|p1|Kingambit, L50, M|
|poke|p1|Blastoise, L50, F|
|poke|p2|Tyranitar, L50, M|
|poke|p2|Excadrill, L50, F|
|poke|p2|Milotic, L50, M|
|poke|p2|Sinistcha, L50|
|poke|p2|Staraptor, L50, F|
|poke|p2|Gholdengo, L50|
|teampreview|4
|showteam|p1|Delphox||Delphoxite|Blaze|Protect,HeatWave,Psyshock,NastyPlot|Modest||F|||50|]Sneasler||FocusSash|PoisonTouch|PoisonJab,CloseCombat,FakeOut,QuickGuard|Jolly||F|||50|]Incineroar||SitrusBerry|Intimidate|FlareBlitz,FakeOut,PartingShot,HelpingHand|Careful||F|||50|]Sinistcha||ColburBerry|Hospitality|Protect,MatchaGotcha,RagePowder,TrickRoom|Bold|||||50|]Kingambit||LifeOrb|Defiant|Protect,KowtowCleave,SwordsDance,SuckerPunch|Adamant||M|||50|]Blastoise||Blastoisinite|Torrent|Protect,WaterSpout,DarkPulse,ShellSmash|Modest||F|||50|
|showteam|p2|Tyranitar||Tyranitarite|SandStream|KnockOff,RockSlide,LowKick,Protect|Jolly||M|||50|]Excadrill||FocusSash|SandRush|Earthquake,IronHead,RockSlide,Protect|Adamant||F|||50|]Milotic||SitrusBerry|Competitive|Scald,IcyWind,Haze,Protect|Calm||M|||50|]Sinistcha||ColburBerry|Hospitality|MatchaGotcha,ShadowBall,Protect,RagePowder|Bold|||||50|]Staraptor||Staraptite|Intimidate|CloseCombat,BraveBird,Tailwind,Protect|Jolly||F|||50|]Gholdengo||LifeOrb|GoodasGold|MakeItRain,ShadowBall,NastyPlot,Protect|Modest|||||50|
|
|t:|1785083878
|teamsize|p1|4
|teamsize|p2|4
|start
|switch|p1a: Sneasler|Sneasler, L50, F|100/100
|switch|p1b: Blastoise|Blastoise, L50, F|100/100
|switch|p2a: Milotic|Milotic, L50, M|100/100
|switch|p2b: Gholdengo|Gholdengo, L50|100/100
|turn|1
|
|t:|1785083903
|detailschange|p1b: Blastoise|Blastoise-Mega, L50, F
|-mega|p1b: Blastoise|Blastoise|Blastoisinite
|move|p2a: Milotic|Protect|p2a: Milotic
|-singleturn|p2a: Milotic|Protect
|move|p1a: Sneasler|Close Combat|p2a: Milotic
|-activate|p2a: Milotic|move: Protect
|move|p1b: Blastoise|Dark Pulse|p2b: Gholdengo
|-supereffective|p2b: Gholdengo|1
|-damage|p2b: Gholdengo|18/100
|move|p2b: Gholdengo|Shadow Ball|p1b: Blastoise
|-damage|p1b: Blastoise|44/100
|-damage|p2b: Gholdengo|8/100|[from] item: Life Orb
|
|upkeep
|turn|2
|
|t:|1785083928
|switch|p1a: Sinistcha|Sinistcha, L50|100/100
|-heal|p1b: Blastoise|69/100|[from] ability: Hospitality|[of] p1a: Sinistcha
|move|p1b: Blastoise|Water Spout|p2a: Milotic|[spread] p2a,p2b
|-resisted|p2a: Milotic|1
|-damage|p2a: Milotic|84/100
|-damage|p2b: Gholdengo|0 fnt
|faint|p2b: Gholdengo
|move|p2a: Milotic|Icy Wind|p1b: Blastoise|[spread] p1a,p1b
|-supereffective|p1a: Sinistcha|1
|-resisted|p1b: Blastoise|1
|-damage|p1a: Sinistcha|78/100
|-damage|p1b: Blastoise|64/100
|-unboost|p1a: Sinistcha|spe|1
|-unboost|p1b: Blastoise|spe|1
|
|upkeep
|
|t:|1785083935
|switch|p2b: Tyranitar|Tyranitar, L50, M|100/100
|-weather|Sandstorm|[from] ability: Sand Stream|[of] p2b: Tyranitar
|turn|3
|
|t:|1785083976
|switch|p1b: Incineroar|Incineroar, L50, F|100/100
|-ability|p1b: Incineroar|Intimidate|boost
|-unboost|p2a: Milotic|atk|1
|-ability|p2a: Milotic|Competitive|boost
|-boost|p2a: Milotic|spa|2
|-unboost|p2b: Tyranitar|atk|1
|detailschange|p2b: Tyranitar|Tyranitar-Mega, L50, M
|-mega|p2b: Tyranitar|Tyranitar|Tyranitarite
|move|p1a: Sinistcha|Protect|p1a: Sinistcha
|-singleturn|p1a: Sinistcha|Protect
|move|p2b: Tyranitar|Knock Off|p1a: Sinistcha
|-activate|p1a: Sinistcha|move: Protect
|move|p2a: Milotic|Icy Wind|p1a: Sinistcha|[spread] p1b
|-activate|p1a: Sinistcha|move: Protect
|-resisted|p1b: Incineroar|1
|-damage|p1b: Incineroar|91/100
|-unboost|p1b: Incineroar|spe|1
|
|-weather|Sandstorm|[upkeep]
|-damage|p2a: Milotic|78/100|[from] Sandstorm
|-damage|p1a: Sinistcha|72/100|[from] Sandstorm
|-damage|p1b: Incineroar|85/100|[from] Sandstorm
|upkeep
|turn|4
|
|t:|1785083998
|switch|p2b: Excadrill|Excadrill, L50, F|100/100
|move|p2a: Milotic|Protect|p2a: Milotic
|-singleturn|p2a: Milotic|Protect
|move|p1b: Incineroar|Fake Out|p2b: Excadrill
|-resisted|p2b: Excadrill|1
|-damage|p2b: Excadrill|93/100
|move|p1a: Sinistcha|Trick Room|p1a: Sinistcha
|-fieldstart|move: Trick Room|[of] p1a: Sinistcha
|
|-weather|Sandstorm|[upkeep]
|-damage|p1b: Incineroar|79/100|[from] Sandstorm
|-damage|p1a: Sinistcha|66/100|[from] Sandstorm
|-damage|p2a: Milotic|73/100|[from] Sandstorm
|upkeep
|turn|5
|
|t:|1785084013
|switch|p2b: Tyranitar|Tyranitar-Mega, L50, M|100/100
|move|p1b: Incineroar|Parting Shot|p2b: Tyranitar
|-unboost|p2b: Tyranitar|atk|1
|-unboost|p2b: Tyranitar|spa|1
|
|t:|1785084025
|switch|p1b: Blastoise|Blastoise-Mega, L50, F|64/100|[from] Parting Shot
|move|p1a: Sinistcha|Matcha Gotcha|p2a: Milotic|[spread] p2a,p2b
|-supereffective|p2a: Milotic|1
|-supereffective|p2b: Tyranitar|1
|-damage|p2a: Milotic|38/100
|-heal|p1a: Sinistcha|84/100|[from] drain|[of] p2a: Milotic
|-damage|p2b: Tyranitar|71/100
|-heal|p1a: Sinistcha|100/100|[from] drain|[of] p2b: Tyranitar
|-enditem|p2a: Milotic|Sitrus Berry|[eat]
|-heal|p2a: Milotic|63/100|[from] item: Sitrus Berry
|move|p2a: Milotic|Scald|p1b: Blastoise
|-resisted|p1b: Blastoise|1
|-damage|p1b: Blastoise|33/100
|-status|p1b: Blastoise|brn
|
|-weather|Sandstorm|[upkeep]
|-damage|p1a: Sinistcha|93/100|[from] Sandstorm
|-damage|p2a: Milotic|57/100|[from] Sandstorm
|-damage|p1b: Blastoise|27/100 brn|[from] Sandstorm
|-damage|p1b: Blastoise|21/100 brn|[from] brn
|upkeep
|turn|6
|
|t:|1785084047
|move|p1a: Sinistcha|Matcha Gotcha|p2b: Tyranitar|[spread] p2a,p2b
|-supereffective|p2a: Milotic|1
|-supereffective|p2b: Tyranitar|1
|-damage|p2a: Milotic|21/100
|-heal|p1a: Sinistcha|100/100|[from] drain|[of] p2a: Milotic
|-damage|p2b: Tyranitar|46/100
|-status|p2a: Milotic|brn
|move|p2a: Milotic|Icy Wind|p1a: Sinistcha|[spread] p1a,p1b
|-supereffective|p1a: Sinistcha|1
|-resisted|p1b: Blastoise|1
|-damage|p1a: Sinistcha|60/100
|-damage|p1b: Blastoise|12/100 brn
|-unboost|p1a: Sinistcha|spe|1
|-unboost|p1b: Blastoise|spe|1
|move|p1b: Blastoise|Dark Pulse|p2a: Milotic
|-damage|p2a: Milotic|0 fnt
|faint|p2a: Milotic
|move|p2b: Tyranitar|Knock Off|p1a: Sinistcha
|-supereffective|p1a: Sinistcha|1
|-enditem|p1a: Sinistcha|Colbur Berry|[eat]
|-enditem|p1a: Sinistcha|Colbur Berry|[weaken]
|-damage|p1a: Sinistcha|33/100
|
|-weather|Sandstorm|[upkeep]
|-damage|p1a: Sinistcha|27/100|[from] Sandstorm
|-damage|p1b: Blastoise|6/100 brn|[from] Sandstorm
|-damage|p1b: Blastoise|1/100 brn|[from] brn
|upkeep
|
|t:|1785084059
|switch|p2a: Excadrill|Excadrill, L50, F|93/100
|turn|7
|
|t:|1785084070
|move|p2b: Tyranitar|Protect|p2b: Tyranitar
|-singleturn|p2b: Tyranitar|Protect
|move|p1a: Sinistcha|Matcha Gotcha|p2b: Tyranitar|[spread] 
|-activate|p2b: Tyranitar|move: Protect
|-miss|p1a: Sinistcha|p2a: Excadrill
|move|p1b: Blastoise|Dark Pulse|p2a: Excadrill
|-damage|p2a: Excadrill|24/100
|move|p2a: Excadrill|Iron Head|p1a: Sinistcha
|-damage|p1a: Sinistcha|0 fnt
|faint|p1a: Sinistcha
|
|-weather|none
|-damage|p1b: Blastoise|0 fnt|[from] brn
|faint|p1b: Blastoise
|upkeep
|c|☆Koraidonkoalition|well played
|
|t:|1785084079
|switch|p1a: Incineroar|Incineroar, L50, F|79/100
|switch|p1b: Sneasler|Sneasler, L50, F|100/100
|-ability|p1a: Incineroar|Intimidate|boost
|-unboost|p2a: Excadrill|atk|1
|-unboost|p2b: Tyranitar|atk|1
|turn|8
|
|t:|1785084105
|move|p1a: Incineroar|Fake Out|p2b: Tyranitar
|-resisted|p2b: Tyranitar|1
|-damage|p2b: Tyranitar|43/100
|cant|p2b: Tyranitar|flinch
|move|p2a: Excadrill|Earthquake|p1a: Incineroar|[spread] p2b,p1a,p1b
|-supereffective|p2b: Tyranitar|1
|-supereffective|p1a: Incineroar|1
|-supereffective|p1b: Sneasler|1
|-damage|p2b: Tyranitar|5/100
|-damage|p1a: Incineroar|34/100
|-enditem|p1b: Sneasler|Focus Sash
|-damage|p1b: Sneasler|1/100
|-enditem|p1a: Incineroar|Sitrus Berry|[eat]
|-heal|p1a: Incineroar|58/100|[from] item: Sitrus Berry
|move|p1b: Sneasler|Close Combat|p2b: Tyranitar
|-supereffective|p2b: Tyranitar|2
|-damage|p2b: Tyranitar|0 fnt
|-unboost|p1b: Sneasler|def|1
|-unboost|p1b: Sneasler|spd|1
|faint|p2b: Tyranitar
|
|-fieldend|move: Trick Room
|upkeep
|turn|9
|-message|Koraidonkoalition forfeited.
|raw|marillrag1's rating: 1080 → 1119(+39 for winning)
|raw|Koraidonkoalition's rating: 1224 → 1189(-35 for losing)
|
|win|marillrag1
|c|☆marillrag1|THX
|l|☆Koraidonkoalition
|player|p2|
