|j|☆HappyDuckJJ
|j|☆panijc
|html|HappyDuckJJpanijc    
|uhtml|bestof|Game 2 of a best-of-3
|t:|1786159870
|gametype|doubles
|player|p1|HappyDuckJJ|ash|1285
|player|p2|panijc|169|1188
|gen|9
|tier|[Gen 9 Champions] VGC 2026 Reg M-B (Bo3)
|rated|
|rule|Species Clause: Limit one of each Pokémon
|rule|Item Clause: Limit 1 of each item
|clearpoke
|poke|p1|Garchomp, L50, F|
|poke|p1|Venusaur, L50, M|
|poke|p1|Incineroar, L50, M|
|poke|p1|Charizard, L50, M, shiny|
|poke|p1|Toxapex, L50, M|
|poke|p1|Annihilape, L50, M, shiny|
|poke|p2|Raichu, L50, F|
|poke|p2|Mamoswine, L50, M|
|poke|p2|Sylveon, L50, M|
|poke|p2|Incineroar, L50, F|
|poke|p2|Basculegion, L50, M|
|poke|p2|Whimsicott, L50, M|
|teampreview|4
|showteam|p1|Garchomp||ChoiceScarf|RoughSkin|Earthquake,RockSlide,DragonClaw,StompingTantrum|Adamant||F|||50|]Venusaur||LifeOrb|Chlorophyll|SludgeBomb,SolarBeam,EarthPower,Protect|Modest||M|||50|]Incineroar||SitrusBerry|Intimidate|FakeOut,FlareBlitz,ThroatChop,PartingShot|Impish||M|||50|]Charizard||CharizarditeY|Blaze|HeatWave,WeatherBall,Protect,HelpingHand|Modest||M|||50|]Toxapex||Leftovers|Regenerator|Infestation,Toxic,WideGuard,BanefulBunker|Bold||M|||50|]Annihilape||FocusSash|Defiant|CloseCombat,PhantomForce,RockTomb,Protect|Jolly||M|||50|
|showteam|p2|Raichu||RaichuniteY|LightningRod|ZapCannon,FocusBlast,FakeOut,Protect|Timid||F|||50|]Mamoswine||LifeOrb|Oblivious|IcicleCrash,HighHorsepower,IceShard,Protect|Adamant||M|||50|]Sylveon||FairyFeather|Pixilate|HyperVoice,HyperBeam,Detect,Yawn|Modest||M|||50|]Incineroar||SitrusBerry|Intimidate|ThroatChop,FlareBlitz,FakeOut,PartingShot|Impish||F|||50|]Basculegion||MysticWater|Adaptability|WaveCrash,LastRespects,AquaJet,Protect|Adamant||M|||50|]Whimsicott||FocusSash|Prankster|Moonblast,Tailwind,Protect,Encore|Timid||M|||50|
|
|t:|1786159914
|teamsize|p1|4
|teamsize|p2|4
|start
|switch|p1a: Incineroar|Incineroar, L50, M|100/100
|switch|p1b: Charizard|Charizard, L50, M, shiny|100/100
|switch|p2a: Sylveon|Sylveon, L50, M|100/100
|switch|p2b: Incineroar|Incineroar, L50, F|100/100
|-ability|p2b: Incineroar|Intimidate|boost
|-unboost|p1a: Incineroar|atk|1
|-unboost|p1b: Charizard|atk|1
|-ability|p1a: Incineroar|Intimidate|boost
|-unboost|p2a: Sylveon|atk|1
|-unboost|p2b: Incineroar|atk|1
|turn|1
|
|t:|1786159941
|detailschange|p1b: Charizard|Charizard-Mega-Y, L50, M, shiny
|-mega|p1b: Charizard|Charizard|Charizardite Y
|-weather|SunnyDay|[from] ability: Drought|[of] p1b: Charizard
|move|p2a: Sylveon|Detect|p2a: Sylveon
|-singleturn|p2a: Sylveon|Protect
|move|p1a: Incineroar|Fake Out|p2a: Sylveon
|-activate|p2a: Sylveon|move: Protect
|move|p1b: Charizard|Weather Ball|p2a: Sylveon
|-activate|p2a: Sylveon|move: Protect
|move|p2b: Incineroar|Parting Shot|p1b: Charizard
|-unboost|p1b: Charizard|atk|1
|-unboost|p1b: Charizard|spa|1
|
|t:|1786159956
|switch|p2b: Raichu|Raichu, L50, F|100/100|[from] Parting Shot
|
|-weather|SunnyDay|[upkeep]
|upkeep
|turn|2
|
|t:|1786159973
|switch|p1a: Venusaur|Venusaur, L50, M|100/100
|detailschange|p2b: Raichu|Raichu-Mega-Y, L50, F
|-mega|p2b: Raichu|Raichu|Raichunite Y
|move|p2b: Raichu|Zap Cannon|p1b: Charizard
|-supereffective|p1b: Charizard|1
|-damage|p1b: Charizard|0 fnt
|faint|p1b: Charizard
|move|p2a: Sylveon|Hyper Voice|p1a: Venusaur
|-resisted|p1a: Venusaur|1
|-damage|p1a: Venusaur|65/100
|
|-weather|SunnyDay|[upkeep]
|upkeep
|
|t:|1786159980
|switch|p1b: Incineroar|Incineroar, L50, M|100/100
|-ability|p1b: Incineroar|Intimidate|boost
|-unboost|p2a: Sylveon|atk|1
|-unboost|p2b: Raichu|atk|1
|turn|3
|
|t:|1786159999
|switch|p2b: Incineroar|Incineroar, L50, F|100/100
|-ability|p2b: Incineroar|Intimidate|boost
|-unboost|p1a: Venusaur|atk|1
|-unboost|p1b: Incineroar|atk|1
|move|p2a: Sylveon|Detect|p2a: Sylveon
|-singleturn|p2a: Sylveon|Protect
|move|p1a: Venusaur|Earth Power|p2b: Incineroar
|-supereffective|p2b: Incineroar|1
|-damage|p2b: Incineroar|26/100
|-enditem|p2b: Incineroar|Sitrus Berry|[eat]
|-heal|p2b: Incineroar|51/100|[from] item: Sitrus Berry
|-damage|p1a: Venusaur|55/100|[from] item: Life Orb
|move|p1b: Incineroar|Flare Blitz|p2b: Incineroar
|-resisted|p2b: Incineroar|1
|-damage|p2b: Incineroar|32/100
|-damage|p1b: Incineroar|93/100|[from] Recoil
|
|-weather|SunnyDay|[upkeep]
|upkeep
|turn|4
|
|t:|1786160034
|move|p1a: Venusaur|Protect|p1a: Venusaur
|-singleturn|p1a: Venusaur|Protect
|move|p2b: Incineroar|Fake Out|p1a: Venusaur
|-activate|p1a: Venusaur|move: Protect
|move|p2a: Sylveon|Hyper Beam|p1b: Incineroar
|-damage|p1b: Incineroar|3/100
|-mustrecharge|p2a: Sylveon
|-enditem|p1b: Incineroar|Sitrus Berry|[eat]
|-heal|p1b: Incineroar|28/100|[from] item: Sitrus Berry
|move|p1b: Incineroar|Throat Chop|p2a: Sylveon
|-resisted|p2a: Sylveon|1
|-damage|p2a: Sylveon|88/100
|-start|p2a: Sylveon|Throat Chop|[silent]
|
|-weather|SunnyDay|[upkeep]
|upkeep
|turn|5
|
|t:|1786160059
|move|p1a: Venusaur|Earth Power|p2b: Incineroar
|-supereffective|p2b: Incineroar|1
|-damage|p2b: Incineroar|0 fnt
|faint|p2b: Incineroar
|-damage|p1a: Venusaur|46/100|[from] item: Life Orb
|cant|p2a: Sylveon|recharge
|move|p1b: Incineroar|Parting Shot|p2a: Sylveon
|-unboost|p2a: Sylveon|atk|1
|-unboost|p2a: Sylveon|spa|1
|
|t:|1786160062
|switch|p1b: Toxapex|Toxapex, L50, M|100/100|[from] Parting Shot
|
|-weather|none
|-end|p2a: Sylveon|Throat Chop|[silent]
|upkeep
|
|t:|1786160078
|switch|p2b: Mamoswine|Mamoswine, L50, M|100/100
|turn|6
|
|t:|1786160101
|switch|p1a: Incineroar|Incineroar, L50, M|28/100
|-ability|p1a: Incineroar|Intimidate|boost
|-unboost|p2a: Sylveon|atk|1
|-fail|p2b: Mamoswine|unboost|Attack|[from] ability: Oblivious|[of] p2b: Mamoswine
|move|p2b: Mamoswine|Ice Shard|p1a: Incineroar
|-resisted|p1a: Incineroar|1
|-damage|p1a: Incineroar|17/100
|-damage|p2b: Mamoswine|90/100|[from] item: Life Orb
|move|p2a: Sylveon|Yawn|p1b: Toxapex
|-start|p1b: Toxapex|move: Yawn|[of] p2a: Sylveon
|move|p1b: Toxapex|Infestation|p2b: Mamoswine
|-damage|p2b: Mamoswine|85/100
|-activate|p2b: Mamoswine|move: Infestation|[of] p1b: Toxapex
|
|-damage|p2b: Mamoswine|73/100|[from] move: Infestation|[partiallytrapped]
|upkeep
|turn|7
|
|t:|1786160129
|switch|p2a: Raichu|Raichu-Mega-Y, L50, F|100/100
|move|p1b: Toxapex|Baneful Bunker|p1b: Toxapex
|-singleturn|p1b: Toxapex|move: Protect
|move|p2b: Mamoswine|High Horsepower|p1a: Incineroar
|-supereffective|p1a: Incineroar|1
|-damage|p1a: Incineroar|0 fnt
|faint|p1a: Incineroar
|-damage|p2b: Mamoswine|63/100|[from] item: Life Orb
|
|-damage|p2b: Mamoswine|51/100|[from] move: Infestation|[partiallytrapped]
|-end|p1b: Toxapex|move: Yawn|[silent]
|-status|p1b: Toxapex|slp
|upkeep
|
|t:|1786160141
|switch|p1a: Venusaur|Venusaur, L50, M|46/100
|turn|8
|
|t:|1786160164
|cant|p1b: Toxapex|slp
|move|p2b: Mamoswine|Ice Shard|p1a: Venusaur
|-supereffective|p1a: Venusaur|1
|-damage|p1a: Venusaur|0 fnt
|faint|p1a: Venusaur
|-damage|p2b: Mamoswine|41/100|[from] item: Life Orb
|move|p2a: Raichu|Zap Cannon|p1b: Toxapex
|-supereffective|p1b: Toxapex|1
|-damage|p1b: Toxapex|0 fnt
|faint|p1b: Toxapex
|
|win|panijc
||HappyDuckJJ is ready for game 3.
|inactive|panijc has 30 seconds to confirm battle start!
||panijc is ready for game 3.
|uhtml|next|Next: Game 3 of 3
|l|☆HappyDuckJJ
|player|p1|
