|j|☆Sark_RL
|j|☆Bellbottoms
|html|Sark_RLBellbottoms    
|uhtml|bestof|Game 2 of a best-of-3
|t:|1757246159
|gametype|doubles
|player|p1|Sark_RL|rika|
|player|p2|Bellbottoms|pokemonbreederf-gen4|
|gen|9
|tier|[Gen 9] VGC 2025 Reg H (Bo3)
|rule|Species Clause: Limit one of each Pokémon
|rule|Item Clause: Limit 1 of each item
|clearpoke
|poke|p1|Tyranitar, L50, M|
|poke|p1|Corviknight, L50, F|
|poke|p1|Dragapult, L50, M|
|poke|p1|Kilowattrel, L50, F|
|poke|p1|Garchomp, L50, F|
|poke|p1|Volcarona, L50, F|
|poke|p2|Gholdengo, L50|
|poke|p2|Rillaboom, L50, F|
|poke|p2|Arcanine-Hisui, L50, F|
|poke|p2|Sneasler, L50, F|
|poke|p2|Dragonite, L50, F|
|poke|p2|Ninetales-Alola, L50, F|
|teampreview|4
|showteam|p1|Tyranitar||AssaultVest|SandStream|RockSlide,KnockOff,LowKick,TeraBlast|||M|||50|,,,,,Flying]Corviknight||SitrusBerry|MirrorArmor|BraveBird,BodyPress,BulkUp,Roost|||F|||50|,,,,,Fire]Dragapult||LifeOrb|Infiltrator|ShadowBall,DracoMeteor,Flamethrower,Protect|||M|||50|,,,,,Stellar]Kilowattrel||FocusSash|Competitive|Thunderbolt,AirSlash,Tailwind,Protect|||F|||50|,,,,,Stellar]Garchomp||Leftovers|SandVeil|Earthquake,DragonClaw,Substitute,Protect|||F|||50|,,,,,Steel]Volcarona||SafetyGoggles|FlameBody|Overheat,StruggleBug,RagePowder,Tailwind|||F|||50|,,,,,Fairy
|showteam|p2|Gholdengo||GrassySeed|GoodasGold|MakeItRain,NastyPlot,ShadowBall,Protect||||||50|,,,,,Water]Rillaboom||AssaultVest|GrassySurge|DrumBeating,GrassyGlide,FakeOut,HighHorsepower|||F|||50|,,,,,Fire]Arcanine-Hisui||ClearAmulet|Intimidate|RockSlide,FlareBlitz,ExtremeSpeed,Protect|||F|||50|,,,,,Water]Sneasler||WhiteHerb|Unburden|CloseCombat,DireClaw,Coaching,Protect|||F|||50|,,,,,Ghost]Dragonite||LoadedDice|Multiscale|ScaleShot,StompingTantrum,Protect,Tailwind|||F|||50|,,,,,Ground]Ninetales-Alola||FocusSash|SnowWarning|Blizzard,IcyWind,AuroraVeil,Encore|||F|||50|,,,,,Ghost
|
|t:|1757246190
|teamsize|p1|4
|teamsize|p2|4
|start
|switch|p1a: Wrath|Garchomp, L50, F|100/100
|switch|p1b: Roy|Volcarona, L50, F|100/100
|switch|p2a: Maruzensky|Arcanine-Hisui, L50, F|100/100
|switch|p2b: Grass Wonder|Rillaboom, L50, F|100/100
|-ability|p2a: Maruzensky|Intimidate|boost
|-unboost|p1a: Wrath|atk|1
|-unboost|p1b: Roy|atk|1
|-fieldstart|move: Grassy Terrain|[from] ability: Grassy Surge|[of] p2b: Grass Wonder
|turn|1
|
|t:|1757246206
|switch|p1b: Alphonse|Corviknight, L50, F|100/100
|move|p2b: Grass Wonder|Fake Out|p1a: Wrath
|-damage|p1a: Wrath|91/100
|move|p2a: Maruzensky|Rock Slide|p1a: Wrath|[spread] p1b
|-miss|p2a: Maruzensky|p1a: Wrath
|-damage|p1b: Alphonse|83/100
|cant|p1a: Wrath|flinch
|
|-heal|p1a: Wrath|97/100|[from] Grassy Terrain
|-heal|p1a: Wrath|100/100|[from] item: Leftovers
|upkeep
|turn|2
|
|t:|1757246219
|move|p2a: Maruzensky|Flare Blitz|p1b: Alphonse
|-supereffective|p1b: Alphonse
|-damage|p1b: Alphonse|0 fnt
|faint|p1b: Alphonse
|-damage|p2a: Maruzensky|71/100|[from] Recoil
|move|p2b: Grass Wonder|Drum Beating|p1a: Wrath
|-damage|p1a: Wrath|65/100
|-unboost|p1a: Wrath|spe|1
|move|p1a: Wrath|Earthquake|p2b: Grass Wonder|[spread] p2a,p2b
|-supereffective|p2a: Maruzensky
|-resisted|p2b: Grass Wonder
|-damage|p2a: Maruzensky|8/100
|-damage|p2b: Grass Wonder|94/100
|
|-heal|p2a: Maruzensky|14/100|[from] Grassy Terrain
|-heal|p2b: Grass Wonder|99/100|[from] Grassy Terrain
|-heal|p1a: Wrath|71/100|[from] Grassy Terrain
|-heal|p1a: Wrath|77/100|[from] item: Leftovers
|upkeep
|
|t:|1757246232
|switch|p1b: Envy|Dragapult, L50, M|100/100
|turn|3
|
|t:|1757246238
|switch|p2a: Oguri Cap|Ninetales-Alola, L50, F|100/100
|-weather|Snowscape|[from] ability: Snow Warning|[of] p2a: Oguri Cap
|move|p1b: Envy|Protect|p1b: Envy
|-singleturn|p1b: Envy|Protect
|move|p2b: Grass Wonder|Drum Beating|p1b: Envy
|-activate|p1b: Envy|move: Protect
|move|p1a: Wrath|Dragon Claw|p2b: Grass Wonder
|-damage|p2b: Grass Wonder|72/100
|
|-weather|Snowscape|[upkeep]
|-heal|p2b: Grass Wonder|78/100|[from] Grassy Terrain
|-heal|p1a: Wrath|83/100|[from] Grassy Terrain
|-heal|p1a: Wrath|89/100|[from] item: Leftovers
|upkeep
|turn|4
|
|t:|1757246253
|-terastallize|p1a: Wrath|Steel
|move|p1b: Envy|Flamethrower|p2a: Oguri Cap
|-supereffective|p2a: Oguri Cap
|-damage|p2a: Oguri Cap|16/100
|-damage|p1b: Envy|91/100|[from] item: Life Orb
|move|p2a: Oguri Cap|Icy Wind|p1b: Envy|[spread] p1a
|-miss|p2a: Oguri Cap|p1b: Envy
|-resisted|p1a: Wrath
|-damage|p1a: Wrath|81/100
|-unboost|p1a: Wrath|spe|1
|move|p2b: Grass Wonder|High Horsepower|p1a: Wrath
|-supereffective|p1a: Wrath
|-damage|p1a: Wrath|29/100
|move|p1a: Wrath|Earthquake|p2a: Oguri Cap|[spread] p1b,p2a,p2b
|-resisted|p2b: Grass Wonder
|-crit|p2b: Grass Wonder
|-damage|p1b: Envy|74/100
|-damage|p2a: Oguri Cap|4/100
|-damage|p2b: Grass Wonder|63/100
|
|-weather|Snowscape|[upkeep]
|-heal|p1b: Envy|80/100|[from] Grassy Terrain
|-heal|p2a: Oguri Cap|10/100|[from] Grassy Terrain
|-heal|p2b: Grass Wonder|69/100|[from] Grassy Terrain
|-heal|p1a: Wrath|35/100|[from] Grassy Terrain
|-heal|p1a: Wrath|41/100|[from] item: Leftovers
|upkeep
|turn|5
|c|☆Sark_RL|chomp so ass
|c|☆Sark_RL|how has bro done 12 to a ninetales
|
|t:|1757246302
|move|p1b: Envy|Protect|p1b: Envy
|-singleturn|p1b: Envy|Protect
|move|p2a: Oguri Cap|Icy Wind|p1b: Envy|[spread] p1a
|-activate|p1b: Envy|move: Protect
|-resisted|p1a: Wrath
|-damage|p1a: Wrath|34/100
|-unboost|p1a: Wrath|spe|1
|move|p2b: Grass Wonder|Drum Beating|p1b: Envy
|-activate|p1b: Envy|move: Protect
|move|p1a: Wrath|Earthquake|p2b: Grass Wonder|[spread] p2a,p2b
|-activate|p1b: Envy|move: Protect
|-resisted|p2b: Grass Wonder
|-crit|p2b: Grass Wonder
|-damage|p2a: Oguri Cap|0 fnt
|-damage|p2b: Grass Wonder|54/100
|faint|p2a: Oguri Cap
|
|-weather|Snowscape|[upkeep]
|-heal|p1b: Envy|86/100|[from] Grassy Terrain
|-heal|p2b: Grass Wonder|60/100|[from] Grassy Terrain
|-heal|p1a: Wrath|40/100|[from] Grassy Terrain
|-heal|p1a: Wrath|46/100|[from] item: Leftovers
|-fieldend|move: Grassy Terrain
|upkeep
|
|t:|1757246306
|switch|p2a: Gold Ship|Gholdengo, L50, shiny|100/100
|turn|6
|
|t:|1757246325
|switch|p1a: Roy|Volcarona, L50, F|100/100
|-terastallize|p2a: Gold Ship|Water
|move|p1b: Envy|Flamethrower|p2b: Grass Wonder
|-supereffective|p2b: Grass Wonder
|-damage|p2b: Grass Wonder|0 fnt
|faint|p2b: Grass Wonder
|-damage|p1b: Envy|77/100|[from] item: Life Orb
|move|p2a: Gold Ship|Shadow Ball|p1b: Envy
|-supereffective|p1b: Envy
|-damage|p1b: Envy|0 fnt
|faint|p1b: Envy
|
|-weather|Snowscape|[upkeep]
|upkeep
|
|t:|1757246332
|switch|p1b: Wrath|Garchomp, L50, F, tera:Steel|46/100
|switch|p2b: Maruzensky|Arcanine-Hisui, L50, F|14/100
|-ability|p2b: Maruzensky|Intimidate|boost
|-unboost|p1a: Roy|atk|1
|-unboost|p1b: Wrath|atk|1
|turn|7
|
|t:|1757246342
|move|p1a: Roy|Tailwind|p1a: Roy
|-sidestart|p1: Sark_RL|move: Tailwind
|move|p1b: Wrath|Earthquake|p2b: Maruzensky|[spread] p1a,p2a,p2b
|-supereffective|p2b: Maruzensky
|-damage|p1a: Roy|70/100
|-damage|p2a: Gold Ship|77/100
|-damage|p2b: Maruzensky|0 fnt
|faint|p2b: Maruzensky
|move|p2a: Gold Ship|Shadow Ball|p1b: Wrath
|-damage|p1b: Wrath|4/100
|-unboost|p1b: Wrath|spd|1
|
|-weather|none
|-heal|p1b: Wrath|10/100|[from] item: Leftovers
|upkeep
|turn|8
|
|t:|1757246361
|move|p1a: Roy|Overheat|p2a: Gold Ship
|-resisted|p2a: Gold Ship
|-damage|p2a: Gold Ship|50/100
|-unboost|p1a: Roy|spa|2
|move|p1b: Wrath|Dragon Claw|p2a: Gold Ship
|-damage|p2a: Gold Ship|24/100
|move|p2a: Gold Ship|Make It Rain|p1b: Wrath|[spread] p1a,p1b
|-resisted|p1a: Roy
|-resisted|p1b: Wrath
|-damage|p1a: Roy|47/100
|-damage|p1b: Wrath|0 fnt
|-unboost|p2a: Gold Ship|spa|1
|faint|p1b: Wrath
|
|upkeep
|turn|9
|
|t:|1757246373
|move|p1a: Roy|Overheat|p2a: Gold Ship
|-resisted|p2a: Gold Ship
|-damage|p2a: Gold Ship|9/100
|-unboost|p1a: Roy|spa|2
|move|p2a: Gold Ship|Shadow Ball|p1a: Roy
|-damage|p1a: Roy|20/100
|
|upkeep
|turn|10
|
|t:|1757246377
|move|p1a: Roy|Overheat|p2a: Gold Ship
|-resisted|p2a: Gold Ship
|-damage|p2a: Gold Ship|0 fnt
|-unboost|p1a: Roy|spa|2
|faint|p2a: Gold Ship
|
|win|Sark_RL
||Bellbottoms is ready for game 3.
||Sark_RL is ready for game 3.
|uhtml|next|Next: Game 3 of 3
|l|☆Sark_RL
|player|p1|
|l|☆Bellbottoms
|player|p2|
|j|☆Bellbottoms
|player|p2|Bellbottoms|pokemonbreederf-gen4|
