|j|☆PikaTROD
|j|☆Livnlarge27
|html|PikaTRODLivnlarge27    
|uhtml|bestof|Game 3 of a best-of-3
|t:|1754405826
|gametype|doubles
|player|p1|PikaTROD|265|1288
|player|p2|Livnlarge27|marlon|1356
|gen|9
|tier|[Gen 9] VGC 2025 Reg H (Bo3)
|rated|
|rule|Species Clause: Limit one of each Pokémon
|rule|Item Clause: Limit 1 of each item
|clearpoke
|poke|p1|Incineroar, L50, M|
|poke|p1|Pelipper, L50, F|
|poke|p1|Basculegion, L50, M|
|poke|p1|Amoonguss, L50, M|
|poke|p1|Maushold-Four, L50|
|poke|p1|Archaludon, L50, F|
|poke|p2|Pawmot, L50, M|
|poke|p2|Dragapult, L50, M|
|poke|p2|Gholdengo, L50|
|poke|p2|Rillaboom, L50, M|
|poke|p2|Magmortar, L50, M|
|poke|p2|Pelipper, L50, M|
|teampreview|4
|showteam|p1|Incineroar||SafetyGoggles|Intimidate|FakeOut,FlareBlitz,KnockOff,PartingShot|||M|||50|,,,,,Ghost]Pelipper||FocusSash|Drizzle|Hurricane,WeatherBall,Tailwind,Protect|||F|||50|,,,,,Ghost]Basculegion||MysticWater|SwiftSwim|Protect,WaveCrash,AquaJet,LastRespects|||M|||50|,,,,,Water]Amoonguss||SitrusBerry|Regenerator|Spore,RagePowder,PollenPuff,ClearSmog|||M|||50|,,,,,Water]Maushold-Four||WideLens|Technician|PopulationBomb,FollowMe,Taunt,Protect||||||50|,,,,,Grass]Archaludon||AssaultVest|Stamina|ElectroShot,DragonPulse,FlashCannon,BodyPress|||F|||50|,,,,,Grass
|showteam|p2|Pawmot||FocusSash|NaturalCure|FakeOut,Nuzzle,CloseCombat,RevivalBlessing|||M|||50|,,,,,Fairy]Dragapult||ChoiceBand|ClearBody|DragonDarts,Uturn,PhantomForce,TeraBlast|||M|||50|,,,,,Fairy]Gholdengo||GrassySeed|GoodasGold|NastyPlot,ShadowBall,MakeItRain,Protect||||||50|,,,,,Water]Rillaboom||LoadedDice|GrassySurge|FakeOut,BulletSeed,GrassyGlide,HighHorsepower|||M|||50|,,,,,Fire]Magmortar||SitrusBerry|VitalSpirit|FollowMe,ClearSmog,Flamethrower,BurningJealousy|||M|||50|,,,,,Water]Pelipper||CovertCloak|Drizzle|Tailwind,WeatherBall,Hurricane,WideGuard|||M|||50|,,,,,Ghost
|inactive|Battle timer is ON: inactive players will automatically lose when time's up. (requested by Livnlarge27)
|
|t:|1754405853
|teamsize|p1|4
|teamsize|p2|4
|start
|switch|p1a: Archaludon|Archaludon, L50, F|100/100
|switch|p1b: Incineroar|Incineroar, L50, M|100/100
|switch|p2a: Dragapult|Dragapult, L50, M|100/100
|switch|p2b: Pelipper|Pelipper, L50, M|100/100
|-weather|RainDance|[from] ability: Drizzle|[of] p2b: Pelipper
|-ability|p1b: Incineroar|Intimidate|boost
|-fail|p2a: Dragapult|unboost|[from] ability: Clear Body|[of] p2a: Dragapult
|-unboost|p2b: Pelipper|atk|1
|turn|1
|inactive|PikaTROD has 30 seconds left.
|
|t:|1754405881
|switch|p1b: Pelipper|Pelipper, L50, F|100/100
|move|p2a: Dragapult|Dragon Darts|p1a: Archaludon
|-damage|p1a: Archaludon|73/100
|-ability|p1a: Archaludon|Stamina|boost
|-boost|p1a: Archaludon|def|1
|-anim|p2a: Dragapult|Dragon Darts|p1b: Pelipper
|-damage|p1b: Pelipper|49/100
|move|p2b: Pelipper|Weather Ball|p1b: Pelipper
|-resisted|p1b: Pelipper
|-damage|p1b: Pelipper|0 fnt
|faint|p1b: Pelipper
|move|p1a: Archaludon|Electro Shot||[still]
|-prepare|p1a: Archaludon|Electro Shot
|-boost|p1a: Archaludon|spa|1
|-anim|p1a: Archaludon|Electro Shot|p2b: Pelipper
|-supereffective|p2b: Pelipper
|-damage|p2b: Pelipper|0 fnt
|faint|p2b: Pelipper
|
|-weather|RainDance|[upkeep]
|upkeep
|
|t:|1754405898
|switch|p2b: Rillaboom|Rillaboom, L50, M|100/100
|switch|p1b: Basculegion|Basculegion, L50, M|100/100
|-fieldstart|move: Grassy Terrain|[from] ability: Grassy Surge|[of] p2b: Rillaboom
|turn|2
|
|t:|1754405911
|switch|p1b: Incineroar|Incineroar, L50, M|100/100
|-ability|p1b: Incineroar|Intimidate|boost
|-fail|p2a: Dragapult|unboost|[from] ability: Clear Body|[of] p2a: Dragapult
|-unboost|p2b: Rillaboom|atk|1
|-terastallize|p1a: Archaludon|Grass
|move|p2b: Rillaboom|Grassy Glide|p1b: Incineroar
|-resisted|p1b: Incineroar
|-damage|p1b: Incineroar|86/100
|move|p2a: Dragapult|Dragon Darts|p1a: Archaludon
|-damage|p1a: Archaludon|53/100
|-ability|p1a: Archaludon|Stamina|boost
|-boost|p1a: Archaludon|def|1
|-anim|p2a: Dragapult|Dragon Darts|p1b: Incineroar
|-damage|p1b: Incineroar|47/100
|move|p1a: Archaludon|Dragon Pulse|p2a: Dragapult
|-supereffective|p2a: Dragapult
|-damage|p2a: Dragapult|0 fnt
|faint|p2a: Dragapult
|
|-weather|RainDance|[upkeep]
|-heal|p1a: Archaludon|59/100|[from] Grassy Terrain
|-heal|p1b: Incineroar|53/100|[from] Grassy Terrain
|upkeep
|
|t:|1754405913
|switch|p2a: Pawmot|Pawmot, L50, M|100/100
|turn|3
|inactive|PikaTROD has 30 seconds left.
|inactive|PikaTROD has 20 seconds left.
|
|t:|1754405952
|switch|p1b: Basculegion|Basculegion, L50, M|100/100
|move|p2a: Pawmot|Fake Out|p1a: Archaludon
|-damage|p1a: Archaludon|54/100
|-ability|p1a: Archaludon|Stamina|boost
|-boost|p1a: Archaludon|def|1
|move|p2b: Rillaboom|High Horsepower|p1b: Basculegion
|-damage|p1b: Basculegion|71/100
|cant|p1a: Archaludon|flinch
|
|-weather|RainDance|[upkeep]
|-heal|p1b: Basculegion|77/100|[from] Grassy Terrain
|-heal|p1a: Archaludon|60/100|[from] Grassy Terrain
|upkeep
|turn|4
|inactive|PikaTROD has 30 seconds left.
|inactive|PikaTROD has 20 seconds left.
|
|t:|1754405991
|move|p1b: Basculegion|Protect|p1b: Basculegion
|-singleturn|p1b: Basculegion|Protect
|move|p2a: Pawmot|Revival Blessing|p2a: Pawmot
|
|t:|1754405996
|-heal|p2: Pelipper|50/100|[from] move: Revival Blessing
|move|p2b: Rillaboom|Bullet Seed|p1b: Basculegion
|-activate|p1b: Basculegion|move: Protect
|move|p1a: Archaludon|Body Press|p2a: Pawmot
|-damage|p2a: Pawmot|3/100
|
|-weather|RainDance|[upkeep]
|-heal|p1b: Basculegion|83/100|[from] Grassy Terrain
|-heal|p2a: Pawmot|9/100|[from] Grassy Terrain
|-heal|p1a: Archaludon|66/100|[from] Grassy Terrain
|upkeep
|turn|5
|inactive|PikaTROD has 30 seconds left.
|inactive|PikaTROD has 20 seconds left.
|
|t:|1754406035
|switch|p1b: Incineroar|Incineroar, L50, M|53/100
|-ability|p1b: Incineroar|Intimidate|boost
|-unboost|p2a: Pawmot|atk|1
|-unboost|p2b: Rillaboom|atk|1
|move|p2a: Pawmot|Close Combat|p1b: Incineroar
|-supereffective|p1b: Incineroar
|-damage|p1b: Incineroar|0 fnt
|-unboost|p2a: Pawmot|def|1
|-unboost|p2a: Pawmot|spd|1
|faint|p1b: Incineroar
|move|p2b: Rillaboom|Bullet Seed|p1a: Archaludon
|-resisted|p1a: Archaludon
|-damage|p1a: Archaludon|65/100
|-ability|p1a: Archaludon|Stamina|boost
|-boost|p1a: Archaludon|def|1
|-resisted|p1a: Archaludon
|-damage|p1a: Archaludon|63/100
|-ability|p1a: Archaludon|Stamina|boost
|-boost|p1a: Archaludon|def|1
|-resisted|p1a: Archaludon
|-damage|p1a: Archaludon|62/100
|-ability|p1a: Archaludon|Stamina|boost
|-boost|p1a: Archaludon|def|1
|-resisted|p1a: Archaludon
|-damage|p1a: Archaludon|61/100
|-resisted|p1a: Archaludon
|-damage|p1a: Archaludon|60/100
|-hitcount|p1a: Archaludon|5
|move|p1a: Archaludon|Electro Shot||[still]
|-prepare|p1a: Archaludon|Electro Shot
|-boost|p1a: Archaludon|spa|1
|-anim|p1a: Archaludon|Electro Shot|p2b: Rillaboom
|-resisted|p2b: Rillaboom
|-damage|p2b: Rillaboom|43/100
|
|-weather|none
|-heal|p2a: Pawmot|16/100|[from] Grassy Terrain
|-heal|p2b: Rillaboom|50/100|[from] Grassy Terrain
|-heal|p1a: Archaludon|66/100|[from] Grassy Terrain
|upkeep
|
|t:|1754406050
|switch|p1b: Basculegion|Basculegion, L50, M|83/100
|turn|6
|
|t:|1754406069
|move|p1b: Basculegion|Protect|p1b: Basculegion
|-singleturn|p1b: Basculegion|Protect
|move|p2a: Pawmot|Nuzzle|p1a: Archaludon
|-resisted|p1a: Archaludon
|-damage|p1a: Archaludon|66/100
|-status|p1a: Archaludon|par
|move|p2b: Rillaboom|Bullet Seed|p1b: Basculegion
|-activate|p1b: Basculegion|move: Protect
|cant|p1a: Archaludon|par
|
|-heal|p2a: Pawmot|22/100|[from] Grassy Terrain
|-heal|p2b: Rillaboom|56/100|[from] Grassy Terrain
|-heal|p1b: Basculegion|89/100|[from] Grassy Terrain
|-heal|p1a: Archaludon|72/100 par|[from] Grassy Terrain
|-fieldend|move: Grassy Terrain
|upkeep
|turn|7
|c|☆PikaTROD|gg
|inactive|PikaTROD has 30 seconds left.
|inactive|PikaTROD has 20 seconds left.
|inactive|PikaTROD has 15 seconds left.
|
|t:|1754406111
|move|p1b: Basculegion|Aqua Jet|p2a: Pawmot
|-damage|p2a: Pawmot|0 fnt
|faint|p2a: Pawmot
|move|p2b: Rillaboom|Bullet Seed|p1b: Basculegion
|-supereffective|p1b: Basculegion
|-damage|p1b: Basculegion|70/100
|-supereffective|p1b: Basculegion
|-damage|p1b: Basculegion|51/100
|-supereffective|p1b: Basculegion
|-damage|p1b: Basculegion|32/100
|-supereffective|p1b: Basculegion
|-damage|p1b: Basculegion|12/100
|-hitcount|p1b: Basculegion|4
|cant|p1a: Archaludon|par
|
|upkeep
|
|t:|1754406124
|switch|p2a: Pelipper|Pelipper, L50, M|50/100
|-weather|RainDance|[from] ability: Drizzle|[of] p2a: Pelipper
|turn|8
|
|t:|1754406138
|move|p1b: Basculegion|Last Respects|p2a: Pelipper
|-damage|p2a: Pelipper|0 fnt
|faint|p2a: Pelipper
|move|p2b: Rillaboom|Bullet Seed|p1b: Basculegion
|-supereffective|p1b: Basculegion
|-damage|p1b: Basculegion|0 fnt
|faint|p1b: Basculegion
|-hitcount|p1: Basculegion|1
|cant|p1a: Archaludon|par
|
|-weather|RainDance|[upkeep]
|upkeep
|turn|9
|c|☆Livnlarge27|Ggwp close end game!
|c|☆PikaTROD|you too :-)
|
|t:|1754406160
|move|p2b: Rillaboom|Bullet Seed|p1a: Archaludon
|-resisted|p1a: Archaludon
|-damage|p1a: Archaludon|72/100 par
|-resisted|p1a: Archaludon
|-damage|p1a: Archaludon|71/100 par
|-resisted|p1a: Archaludon
|-damage|p1a: Archaludon|71/100 par
|-resisted|p1a: Archaludon
|-damage|p1a: Archaludon|70/100 par
|-resisted|p1a: Archaludon
|-damage|p1a: Archaludon|70/100 par
|-hitcount|p1a: Archaludon|5
|move|p1a: Archaludon|Body Press|p2b: Rillaboom
|-damage|p2b: Rillaboom|0 fnt
|faint|p2b: Rillaboom
|
|win|PikaTROD
|raw|PikaTROD's rating: 1288 → 1318(+30 for winning)
|raw|Livnlarge27's rating: 1356 → 1332(-24 for losing)
|l|☆Livnlarge27
|player|p2|
