|j|☆ThePrinceofNT
|j|☆Lemon Creamery
|html|ThePrinceofNTLemon Creamery    
|uhtml|bestof|Game 1 of a best-of-3
|t:|1782188616
|gametype|doubles
|player|p1|ThePrinceofNT|266|1142
|player|p2|Lemon Creamery|169|1113
|gen|9
|tier|[Gen 9 Champions] VGC 2026 Reg M-B (Bo3)
|rated|
|rule|Species Clause: Limit one of each Pokémon
|rule|Item Clause: Limit 1 of each item
|clearpoke
|poke|p1|Pyroar, L50, M|
|poke|p1|Whimsicott, L50, F|
|poke|p1|Farigiraf, L50, M|
|poke|p1|Torkoal, L50, F|
|poke|p1|Sneasler, L50, M|
|poke|p1|Mawile, L50, M|
|poke|p2|Whimsicott, L50, M, shiny|
|poke|p2|Froslass, L50, F|
|poke|p2|Garchomp, L50, F|
|poke|p2|Incineroar, L50, M|
|poke|p2|Sneasler, L50, F, shiny|
|poke|p2|Tsareena, L50, F|
|teampreview|4
|showteam|p1|Pyroar||Pyroarite|Rivalry|HeatWave,Overheat,SolarBeam,Protect|Modest||M|||50|]Whimsicott||FocusSash|Prankster|SunnyDay,Tailwind,Moonblast,Protect|Modest||F|||50|]Farigiraf||SitrusBerry|ArmorTail|HelpingHand,TrickRoom,TwinBeam,Thunderbolt|Bold||M|||50|]Torkoal||Charcoal|Drought|HeatWave,HelpingHand,Protect,Eruption|Quiet||F|||50|]Sneasler||WhiteHerb|Unburden|CloseCombat,GunkShot,Protect,FakeOut|Adamant||M|||50|]Mawile||Mawilite|Intimidate|SwordsDance,PlayRough,IronHead,Protect|Brave||M|||50|
|showteam|p2|Whimsicott||MentalHerb|Prankster|Tailwind,Moonblast,Encore,Protect|Timid||M|||50|]Froslass||Froslassite|CursedBody|Blizzard,AuroraVeil,ShadowBall,Protect|Timid||F|||50|]Garchomp||LifeOrb|RoughSkin|RockSlide,Earthquake,DragonClaw,Protect|Jolly||F|||50|]Incineroar||SitrusBerry|Intimidate|FakeOut,PartingShot,FlareBlitz,ThroatChop|Adamant||M|||50|]Sneasler||WhiteHerb|Unburden|CloseCombat,DireClaw,FakeOut,Protect|Jolly||F|||50|]Tsareena|||QueenlyMajesty|KnockOff,TropKick,ZenHeadbutt,Uturn|Adamant||F|||50|
|inactive|Battle timer is ON: inactive players will automatically lose when time's up. (requested by ThePrinceofNT)
|inactive|Lemon Creamery has 60 seconds left.
|inactive|Lemon Creamery has 30 seconds left.
|inactive|Lemon Creamery has 20 seconds left.
|
|t:|1782188691
|teamsize|p1|4
|teamsize|p2|4
|start
|switch|p1a: Pyroar|Pyroar, L50, M|100/100
|switch|p1b: Whimsicott|Whimsicott, L50, F|100/100
|switch|p2a: Incineroar|Incineroar, L50, M|100/100
|switch|p2b: Tsareena|Tsareena, L50, F|100/100
|-ability|p2a: Incineroar|Intimidate|boost
|-unboost|p1a: Pyroar|atk|1
|-unboost|p1b: Whimsicott|atk|1
|turn|1
|
|t:|1782188713
|switch|p1b: Farigiraf|Farigiraf, L50, M|100/100
|detailschange|p1a: Pyroar|Pyroar-Mega, L50, M
|-mega|p1a: Pyroar|Pyroar|Pyroarite
|move|p2a: Incineroar|Fake Out||[still]
|cant|p1b: Farigiraf|ability: Armor Tail|Fake Out|[of] p2a: Incineroar
|move|p1a: Pyroar|Heat Wave|p2b: Tsareena|[spread] p2a,p2b
|-resisted|p2a: Incineroar|1
|-supereffective|p2b: Tsareena|1
|-damage|p2a: Incineroar|76/100
|-damage|p2b: Tsareena|0 fnt
|faint|p2b: Tsareena
|
|upkeep
|
|t:|1782188725
|switch|p2b: Garchomp|Garchomp, L50, F|100/100
|turn|2
|
|t:|1782188735
|switch|p1b: Torkoal|Torkoal, L50, F|100/100
|-weather|SunnyDay|[from] ability: Drought|[of] p1b: Torkoal
|move|p1a: Pyroar|Protect|p1a: Pyroar
|-singleturn|p1a: Pyroar|Protect
|move|p2b: Garchomp|Rock Slide|p1b: Torkoal|[spread] p1b
|-activate|p1a: Pyroar|move: Protect
|-supereffective|p1b: Torkoal|1
|-damage|p1b: Torkoal|61/100
|-damage|p2b: Garchomp|90/100|[from] item: Life Orb
|move|p2a: Incineroar|Throat Chop|p1b: Torkoal
|-damage|p1b: Torkoal|36/100
|-start|p1b: Torkoal|Throat Chop|[silent]
|
|-weather|SunnyDay|[upkeep]
|upkeep
|turn|3
|
|t:|1782188758
|move|p1b: Torkoal|Helping Hand|p1a: Pyroar
|-singleturn|p1a: Pyroar|Helping Hand|[of] p1b: Torkoal
|move|p1a: Pyroar|Heat Wave|p2b: Garchomp|[spread] p2a,p2b
|-resisted|p2a: Incineroar|1
|-resisted|p2b: Garchomp|1
|-damage|p2a: Incineroar|25/100
|-damage|p2b: Garchomp|23/100
|-enditem|p2a: Incineroar|Sitrus Berry|[eat]
|-heal|p2a: Incineroar|50/100y|[from] item: Sitrus Berry
|move|p2b: Garchomp|Rock Slide|p1a: Pyroar|[spread] p1a,p1b
|-supereffective|p1a: Pyroar|1
|-supereffective|p1b: Torkoal|1
|-damage|p1a: Pyroar|45/100
|-damage|p1b: Torkoal|0 fnt
|faint|p1b: Torkoal
|-damage|p2b: Garchomp|13/100|[from] item: Life Orb
|move|p2a: Incineroar|Throat Chop|p1a: Pyroar
|-crit|p1a: Pyroar
|-damage|p1a: Pyroar|0 fnt
|faint|p1a: Pyroar
|
|-weather|SunnyDay|[upkeep]
|upkeep
|
|t:|1782188770
|switch|p1a: Farigiraf|Farigiraf, L50, M|100/100
|switch|p1b: Whimsicott|Whimsicott, L50, F|100/100
|turn|4
|
|t:|1782188785
|switch|p2b: Whimsicott|Whimsicott, L50, M, shiny|100/100
|move|p1b: Whimsicott|Moonblast|p2b: Whimsicott
|-damage|p2b: Whimsicott|63/100
|-unboost|p2b: Whimsicott|spa|1
|move|p1a: Farigiraf|Thunderbolt|p2a: Incineroar
|-damage|p2a: Incineroar|31/100
|move|p2a: Incineroar|Flare Blitz|p1b: Whimsicott
|-supereffective|p1b: Whimsicott|1
|-enditem|p1b: Whimsicott|Focus Sash
|-damage|p1b: Whimsicott|1/100
|-damage|p2a: Incineroar|9/100|[from] Recoil
|
|-weather|SunnyDay|[upkeep]
|upkeep
|turn|5
|inactive|Lemon Creamery has 30 seconds left.
|
|t:|1782188816
|move|p1b: Whimsicott|Moonblast|p2a: Incineroar
|-damage|p2a: Incineroar|0 fnt
|faint|p2a: Incineroar
|move|p2b: Whimsicott|Moonblast|p1b: Whimsicott
|-damage|p1b: Whimsicott|0 fnt
|faint|p1b: Whimsicott
|move|p1a: Farigiraf|Twin Beam|p2b: Whimsicott
|-damage|p2b: Whimsicott|46/100
|-damage|p2b: Whimsicott|31/100
|-hitcount|p2b: Whimsicott|2
|
|-weather|SunnyDay|[upkeep]
|upkeep
|
|t:|1782188827
|switch|p2a: Garchomp|Garchomp, L50, F|13/100
|turn|6
|
|t:|1782188837
|move|p2b: Whimsicott|Protect|p2b: Whimsicott
|-singleturn|p2b: Whimsicott|Protect
|move|p2a: Garchomp|Earthquake|p1a: Farigiraf|[spread] p1a
|-activate|p2b: Whimsicott|move: Protect
|-damage|p1a: Farigiraf|56/100
|-damage|p2a: Garchomp|3/100|[from] item: Life Orb
|move|p1a: Farigiraf|Twin Beam|p2a: Garchomp
|-crit|p2a: Garchomp
|-damage|p2a: Garchomp|0 fnt
|faint|p2a: Garchomp
|-hitcount|p2: Garchomp|1
|
|-weather|none
|upkeep
|turn|7
|
|t:|1782188851
|move|p2b: Whimsicott|Moonblast|p1a: Farigiraf
|-damage|p1a: Farigiraf|40/100
|-enditem|p1a: Farigiraf|Sitrus Berry|[eat]
|-heal|p1a: Farigiraf|64/100|[from] item: Sitrus Berry
|move|p1a: Farigiraf|Twin Beam|p2b: Whimsicott
|-damage|p2b: Whimsicott|14/100
|-damage|p2b: Whimsicott|0 fnt
|faint|p2b: Whimsicott
|-hitcount|p2: Whimsicott|2
|
|win|ThePrinceofNT
||Lemon Creamery is ready for game 2.
|inactive|ThePrinceofNT has 30 seconds to confirm battle start!
||ThePrinceofNT is ready for game 2.
|uhtml|next|Next: Game 2 of 3
|l|☆Lemon Creamery
|player|p2|
|l|☆ThePrinceofNT
|player|p1|
|j|☆ThePrinceofNT
|player|p1|ThePrinceofNT|266|
