|j|☆A Regu1ar Guy
|j|☆LordTentacle69
|html|A Regu1ar GuyLordTentacle69    
|uhtml|bestof|Game 2 of a best-of-3
|t:|1756770476
|gametype|doubles
|player|p1|A Regu1ar Guy|elesa|1384
|player|p2|LordTentacle69|plasmagruntf|1259
|gen|9
|tier|[Gen 9] VGC 2025 Reg H (Bo3)
|rated|
|rule|Species Clause: Limit one of each Pokémon
|rule|Item Clause: Limit 1 of each item
|clearpoke
|poke|p1|Volcarona, L50, F|
|poke|p1|Rillaboom, L50, M|
|poke|p1|Electabuzz, L50, F|
|poke|p1|Tauros-Paldea-Aqua, L50, M|
|poke|p1|Tyranitar, L50, M|
|poke|p1|Gholdengo, L50|
|poke|p2|Pelipper, L50, F|
|poke|p2|Archaludon, L50, M|
|poke|p2|Ursaluna, L50, F|
|poke|p2|Sinistcha-Masterpiece, L50|
|poke|p2|Primarina, L50, F|
|poke|p2|Incineroar, L50, F|
|teampreview|4
|showteam|p1|Volcarona||GrassySeed|FlameBody|HeatWave,GigaDrain,QuiverDance,Protect|||F|||50|,,,,,Grass]Rillaboom||MiracleSeed|GrassySurge|WoodHammer,GrassyGlide,FakeOut,HighHorsepower|||M|||50|,,,,,Fire]Electabuzz||Eviolite|VitalSpirit|Thunderbolt,FollowMe,Taunt,Protect|||F|||50|,,,,,Ghost]Tauros-Paldea-Aqua||MirrorHerb|Intimidate|WaveCrash,AquaJet,CloseCombat,Protect|||M|||50|,,,,,Water]Tyranitar||AssaultVest|SandStream|KnockOff,RockSlide,TeraBlast,LowKick|||M|||50|,,,,,Flying]Gholdengo||LifeOrb|GoodasGold|MakeItRain,ShadowBall,NastyPlot,Protect||||||50|,,,,,Water
|showteam|p2|Pelipper||FocusSash|Drizzle|WeatherBall,Hurricane,Tailwind,Protect|||F|||50|,,,,,Stellar]Archaludon||AssaultVest|Stamina|ElectroShot,DracoMeteor,FlashCannon,BodyPress|||M|||50|,,,,,Bug]Ursaluna||FlameOrb|Guts|Facade,HeadlongRush,Protect,Earthquake|||F|||50|,,,,,Ghost]Sinistcha-Masterpiece||SitrusBerry|Hospitality|MatchaGotcha,RagePowder,TrickRoom,LifeDew||||||50|,,,,,Water]Primarina||ThroatSpray|LiquidVoice|Protect,HyperVoice,Moonblast,ShadowBall|||F|||50|,,,,,Poison]Incineroar||SafetyGoggles|Intimidate|KnockOff,Taunt,FakeOut,PartingShot|||F|||50|,,,,,Ghost
|
|t:|1756770503
|teamsize|p1|4
|teamsize|p2|4
|start
|switch|p1a: Volcarona|Volcarona, L50, F, shiny|100/100
|switch|p1b: Electabuzz|Electabuzz, L50, F|100/100
|switch|p2a: I Like to Cha Cha|Sinistcha-Masterpiece, L50|100/100
|switch|p2b: Tough Claws|Ursaluna, L50, F|100/100
|turn|1
|
|t:|1756770544
|switch|p2a: Gullet|Pelipper, L50, F|100/100
|-weather|RainDance|[from] ability: Drizzle|[of] p2a: Gullet
|move|p1a: Volcarona|Quiver Dance|p1a: Volcarona
|-boost|p1a: Volcarona|spa|1
|-boost|p1a: Volcarona|spd|1
|-boost|p1a: Volcarona|spe|1
|move|p1b: Electabuzz|Taunt|p2a: Gullet
|-start|p2a: Gullet|move: Taunt
|move|p2b: Tough Claws|Earthquake|p1a: Volcarona|[spread] p1a,p1b
|-immune|p2a: Gullet
|-supereffective|p1b: Electabuzz
|-damage|p1a: Volcarona|55/100
|-damage|p1b: Electabuzz|37/100
|
|-weather|RainDance|[upkeep]
|-status|p2b: Tough Claws|brn|[from] item: Flame Orb
|upkeep
|turn|2
|
|t:|1756770582
|switch|p1b: Rillaboom|Rillaboom, L50, M|100/100
|-fieldstart|move: Grassy Terrain|[from] ability: Grassy Surge|[of] p1b: Rillaboom
|-enditem|p1a: Volcarona|Grassy Seed
|-boost|p1a: Volcarona|def|1|[from] item: Grassy Seed
|switch|p2a: I Like to Cha Cha|Sinistcha-Masterpiece, L50|100/100
|-terastallize|p1a: Volcarona|Grass
|-terastallize|p2b: Tough Claws|Ghost
|move|p1a: Volcarona|Giga Drain|p2b: Tough Claws
|-damage|p2b: Tough Claws|41/100 brn
|-heal|p1a: Volcarona|92/100|[from] drain|[of] p2b: Tough Claws
|move|p2b: Tough Claws|Earthquake|p1a: Volcarona|[spread] p2a,p1a,p1b
|-resisted|p2a: I Like to Cha Cha
|-resisted|p1a: Volcarona
|-resisted|p1b: Rillaboom
|-damage|p2a: I Like to Cha Cha|89/100
|-damage|p1a: Volcarona|80/100
|-damage|p1b: Rillaboom|85/100
|
|-weather|RainDance|[upkeep]
|-heal|p1a: Volcarona|86/100|[from] Grassy Terrain
|-heal|p1b: Rillaboom|91/100|[from] Grassy Terrain
|-heal|p2a: I Like to Cha Cha|95/100|[from] Grassy Terrain
|-heal|p2b: Tough Claws|47/100 brn|[from] Grassy Terrain
|-damage|p2b: Tough Claws|41/100 brn|[from] brn
|upkeep
|turn|3
|
|t:|1756770611
|move|p2b: Tough Claws|Protect|p2b: Tough Claws
|-singleturn|p2b: Tough Claws|Protect
|move|p1a: Volcarona|Heat Wave|p2a: I Like to Cha Cha|[spread] p2a
|-activate|p2b: Tough Claws|move: Protect
|-supereffective|p2a: I Like to Cha Cha
|-damage|p2a: I Like to Cha Cha|38/100
|-enditem|p2a: I Like to Cha Cha|Sitrus Berry|[eat]
|-heal|p2a: I Like to Cha Cha|62/100|[from] item: Sitrus Berry
|move|p1b: Rillaboom|Wood Hammer|p2a: I Like to Cha Cha
|-resisted|p2a: I Like to Cha Cha
|-damage|p2a: I Like to Cha Cha|25/100
|-damage|p1b: Rillaboom|80/100|[from] Recoil
|move|p2a: I Like to Cha Cha|Trick Room|p2a: I Like to Cha Cha
|-fieldstart|move: Trick Room|[of] p2a: I Like to Cha Cha
|
|-weather|RainDance|[upkeep]
|-heal|p2b: Tough Claws|47/100 brn|[from] Grassy Terrain
|-heal|p2a: I Like to Cha Cha|31/100|[from] Grassy Terrain
|-heal|p1b: Rillaboom|86/100|[from] Grassy Terrain
|-heal|p1a: Volcarona|93/100|[from] Grassy Terrain
|-damage|p2b: Tough Claws|41/100 brn|[from] brn
|upkeep
|turn|4
|
|t:|1756770638
|switch|p1b: Tauros|Tauros-Paldea-Aqua, L50, M|100/100
|-ability|p1b: Tauros|Intimidate|boost
|-unboost|p2a: I Like to Cha Cha|atk|1
|-unboost|p2b: Tough Claws|atk|1
|move|p2b: Tough Claws|Facade|p1a: Volcarona
|-damage|p1a: Volcarona|25/100
|move|p2a: I Like to Cha Cha|Life Dew|p2a: I Like to Cha Cha|[spread] p2a,p2b
|-heal|p2a: I Like to Cha Cha|57/100
|-heal|p2b: Tough Claws|66/100 brn
|move|p1a: Volcarona|Giga Drain|p2b: Tough Claws
|-damage|p2b: Tough Claws|3/100 brn
|-heal|p1a: Volcarona|64/100|[from] drain|[of] p2b: Tough Claws
|
|-weather|RainDance|[upkeep]
|-heal|p2b: Tough Claws|9/100 brn|[from] Grassy Terrain
|-heal|p2a: I Like to Cha Cha|63/100|[from] Grassy Terrain
|-heal|p1a: Volcarona|70/100|[from] Grassy Terrain
|-damage|p2b: Tough Claws|3/100 brn|[from] brn
|upkeep
|turn|5
|
|t:|1756770672
|move|p2a: I Like to Cha Cha|Rage Powder|p2a: I Like to Cha Cha
|-singleturn|p2a: I Like to Cha Cha|move: Rage Powder
|move|p1b: Tauros|Aqua Jet|p2a: I Like to Cha Cha
|-resisted|p2a: I Like to Cha Cha
|-damage|p2a: I Like to Cha Cha|52/100
|move|p2b: Tough Claws|Facade|p1a: Volcarona
|-damage|p1a: Volcarona|6/100
|move|p1a: Volcarona|Heat Wave|p2a: I Like to Cha Cha|[spread] p2a
|-miss|p1a: Volcarona|p2b: Tough Claws
|-supereffective|p2a: I Like to Cha Cha
|-damage|p2a: I Like to Cha Cha|0 fnt
|faint|p2a: I Like to Cha Cha
|
|-weather|none
|-heal|p2b: Tough Claws|9/100 brn|[from] Grassy Terrain
|-heal|p1a: Volcarona|12/100|[from] Grassy Terrain
|-damage|p2b: Tough Claws|3/100 brn|[from] brn
|upkeep
|
|t:|1756770687
|switch|p2a: Wolfe Glick|Incineroar, L50, F|100/100
|-ability|p2a: Wolfe Glick|Intimidate|boost
|-unboost|p1a: Volcarona|atk|1
|-unboost|p1b: Tauros|atk|1
|turn|6
|
|t:|1756770707
|switch|p2b: Gullet|Pelipper, L50, F|100/100
|-weather|RainDance|[from] ability: Drizzle|[of] p2b: Gullet
|switch|p1b: Rillaboom|Rillaboom, L50, M|86/100
|move|p1a: Volcarona|Protect|p1a: Volcarona
|-singleturn|p1a: Volcarona|Protect
|move|p2a: Wolfe Glick|Knock Off|p1a: Volcarona
|-activate|p1a: Volcarona|move: Protect
|
|-weather|RainDance|[upkeep]
|-heal|p1b: Rillaboom|92/100|[from] Grassy Terrain
|-heal|p1a: Volcarona|18/100|[from] Grassy Terrain
|-fieldend|move: Grassy Terrain
|upkeep
|turn|7
|
|t:|1756770737
|switch|p1a: Electabuzz|Electabuzz, L50, F|37/100
|move|p2a: Wolfe Glick|Knock Off|p1a: Electabuzz
|-damage|p1a: Electabuzz|7/100
|-enditem|p1a: Electabuzz|Eviolite|[from] move: Knock Off|[of] p2a: Wolfe Glick
|move|p1b: Rillaboom|Grassy Glide|p2b: Gullet
|-damage|p2b: Gullet|50/100
|move|p2b: Gullet|Hurricane|p1b: Rillaboom
|-supereffective|p1b: Rillaboom
|-damage|p1b: Rillaboom|0 fnt
|faint|p1b: Rillaboom
|
|-weather|RainDance|[upkeep]
|-fieldend|move: Trick Room
|upkeep
|
|t:|1756770739
|switch|p1b: Tauros|Tauros-Paldea-Aqua, L50, M|100/100
|-ability|p1b: Tauros|Intimidate|boost
|-unboost|p2a: Wolfe Glick|atk|1
|-unboost|p2b: Gullet|atk|1
|turn|8
|
|t:|1756770763
|switch|p2a: Tough Claws|Ursaluna, L50, F, tera:Ghost|3/100 brn
|move|p2b: Gullet|Protect|p2b: Gullet
|-singleturn|p2b: Gullet|Protect
|move|p1b: Tauros|Wave Crash|p2a: Tough Claws
|-damage|p2a: Tough Claws|0 fnt
|faint|p2a: Tough Claws
|-damage|p1b: Tauros|99/100|[from] Recoil
|move|p1a: Electabuzz|Thunderbolt|p2b: Gullet
|-activate|p2b: Gullet|move: Protect
|
|-weather|RainDance|[upkeep]
|upkeep
|
|t:|1756770775
|switch|p2a: Wolfe Glick|Incineroar, L50, F|100/100
|-ability|p2a: Wolfe Glick|Intimidate|boost
|-unboost|p1a: Electabuzz|atk|1
|-unboost|p1b: Tauros|atk|1
|turn|9
|
|t:|1756770790
|move|p2a: Wolfe Glick|Fake Out|p1a: Electabuzz
|-damage|p1a: Electabuzz|0 fnt
|faint|p1a: Electabuzz
|move|p1b: Tauros|Wave Crash|p2b: Gullet
|-resisted|p2b: Gullet
|-damage|p2b: Gullet|12/100
|-damage|p1b: Tauros|89/100|[from] Recoil
|move|p2b: Gullet|Tailwind|p2b: Gullet
|-sidestart|p2: LordTentacle69|move: Tailwind
|
|-weather|RainDance|[upkeep]
|upkeep
|
|t:|1756770793
|switch|p1a: Volcarona|Volcarona, L50, F, shiny, tera:Grass|18/100
|turn|10
|
|t:|1756770850
|move|p1b: Tauros|Aqua Jet|p2b: Gullet
|-resisted|p2b: Gullet
|-damage|p2b: Gullet|1/100
|move|p2b: Gullet|Hurricane|p1b: Tauros
|-supereffective|p1b: Tauros
|-damage|p1b: Tauros|0 fnt
|faint|p1b: Tauros
|move|p2a: Wolfe Glick|Knock Off|p1a: Volcarona
|-damage|p1a: Volcarona|0 fnt
|faint|p1a: Volcarona
|
|win|LordTentacle69
|raw|A Regu1ar Guy's rating: 1368 → 1342(-26 for losing)
|raw|LordTentacle69's rating: 1259 → 1292(+33 for winning)
|l|☆A Regu1ar Guy
|player|p1|
|l|☆LordTentacle69
|player|p2|
|j|☆LordTentacle69
|player|p2|LordTentacle69|plasmagruntf|
