|j|☆quailfish
|j|☆RegiSIXSEVEN
|html|quailfishRegiSIXSEVEN    
|uhtml|bestof|Game 1 of a best-of-3
|t:|1782412116
|gametype|doubles
|player|p1|quailfish|101|1073
|player|p2|RegiSIXSEVEN|steven|1149
|gen|9
|tier|[Gen 9 Champions] VGC 2026 Reg M-B (Bo3)
|rated|
|rule|Species Clause: Limit one of each Pokémon
|rule|Item Clause: Limit 1 of each item
|clearpoke
|poke|p1|Swampert, L50, F|
|poke|p1|Pelipper, L50, F|
|poke|p1|Incineroar, L50, M|
|poke|p1|Heliolisk, L50, M|
|poke|p1|Sceptile, L50, F|
|poke|p1|Talonflame, L50, M|
|poke|p2|Dragalge, L50, F, shiny|
|poke|p2|Farigiraf, L50, F, shiny|
|poke|p2|Staraptor, L50, F, shiny|
|poke|p2|Grimmsnarl, L50, M, shiny|
|poke|p2|Kingambit, L50, M, shiny|
|poke|p2|Kangaskhan, L50, F, shiny|
|teampreview|4
|showteam|p1|Swampert||Swampertite|Torrent|Earthquake,WaveCrash,FlipTurn,Protect|Adamant||F|||50|]Pelipper||FocusSash|Drizzle|Hurricane,Protect,MuddyWater,Tailwind|Modest||F|||50|]Incineroar||Leftovers|Intimidate|FakeOut,Protect,PartingShot,DarkestLariat|Brave||M|||50|]Heliolisk||ChoiceScarf|DrySkin|Discharge,VoltSwitch,ShedTail,Electrify|Timid||M|||50|]Sceptile||Sceptilite|Overgrow|Detect,GigaDrain,DragonPulse,VacuumWave|Modest||F|||50|]Talonflame||SitrusBerry|GaleWings|Protect,Tailwind,DualWingbeat,Roost|Jolly||M|||50|
|showteam|p2|Dragalge||Dragalgite|Adaptability|SludgeBomb,DracoMeteor,FlipTurn,HydroPump|Quiet||F|||50|]Farigiraf||ColburBerry|ArmorTail|Psychic,TrickRoom,HelpingHand,Protect|Calm||F|||50|]Staraptor||ChoiceScarf|Intimidate|FinalGambit,CloseCombat,DualWingbeat,Uturn|Adamant||F|||50|]Grimmsnarl||LightClay|Prankster|SpiritBreak,Reflect,PartingShot,FoulPlay|Careful||M|||50|]Kingambit||BlackGlasses|Defiant|KowtowCleave,SuckerPunch,SwordsDance,Protect|Adamant||M|||50|]Kangaskhan||Kangaskhanite|Scrappy|FakeOut,DoubleEdge,DrainPunch,IcePunch|Adamant||F|||50|
|inactive|Battle timer is ON: inactive players will automatically lose when time's up. (requested by RegiSIXSEVEN)
|inactive|quailfish has 60 seconds left.
|inactive|RegiSIXSEVEN has 60 seconds left.
|
|t:|1782412170
|teamsize|p1|4
|teamsize|p2|4
|start
|switch|p1a: Swampert|Swampert, L50, F|100/100
|switch|p1b: Pelipper|Pelipper, L50, F|100/100
|switch|p2a: Farigiraf|Farigiraf, L50, F, shiny|100/100
|switch|p2b: Staraptor|Staraptor, L50, F, shiny|100/100
|-ability|p2b: Staraptor|Intimidate|boost
|-unboost|p1a: Swampert|atk|1
|-unboost|p1b: Pelipper|atk|1
|-weather|RainDance|[from] ability: Drizzle|[of] p1b: Pelipper
|turn|1
|
|t:|1782412195
|detailschange|p1a: Swampert|Swampert-Mega, L50, F
|-mega|p1a: Swampert|Swampert|Swampertite
|move|p2b: Staraptor|Final Gambit|p1a: Swampert
|-damage|p1a: Swampert|7/100
|faint|p2b: Staraptor
|move|p1a: Swampert|Flip Turn|p2a: Farigiraf
|-damage|p2a: Farigiraf|62/100
|
|t:|1782412203
|switch|p1a: Heliolisk|Heliolisk, L50, M|100/100|[from] Flip Turn
|move|p1b: Pelipper|Muddy Water|p2a: Farigiraf
|-damage|p2a: Farigiraf|13/100
|move|p2a: Farigiraf|Trick Room|p2a: Farigiraf
|-fieldstart|move: Trick Room|[of] p2a: Farigiraf
|
|-weather|RainDance|[upkeep]
|upkeep
|
|t:|1782412215
|switch|p2b: Kingambit|Kingambit, L50, M, shiny|100/100
|turn|2
|inactive|RegiSIXSEVEN has 30 seconds left.
|
|t:|1782412241
|move|p2b: Kingambit|Kowtow Cleave|p1a: Heliolisk
|-damage|p1a: Heliolisk|20/100y
|move|p2a: Farigiraf|Psychic|p1b: Pelipper
|-damage|p1b: Pelipper|42/100
|move|p1b: Pelipper|Muddy Water|p2b: Kingambit|[spread] p2a
|-miss|p1b: Pelipper|p2b: Kingambit
|-damage|p2a: Farigiraf|0 fnt
|faint|p2a: Farigiraf
|move|p1a: Heliolisk|Shed Tail|p1a: Heliolisk
|-fail|p1a: Heliolisk|move: Shed Tail|[weak]
|
|-weather|RainDance|[upkeep]
|-heal|p1a: Heliolisk|32/100|[from] ability: Dry Skin
|upkeep
|
|t:|1782412248
|switch|p2a: Kangaskhan|Kangaskhan, L50, F, shiny|100/100
|turn|3
|
|t:|1782412262
|detailschange|p2a: Kangaskhan|Kangaskhan-Mega, L50, F, shiny
|-mega|p2a: Kangaskhan|Kangaskhan|Kangaskhanite
|move|p1b: Pelipper|Protect|p1b: Pelipper
|-singleturn|p1b: Pelipper|Protect
|move|p2a: Kangaskhan|Fake Out|p1a: Heliolisk
|-damage|p1a: Heliolisk|5/100
|-damage|p1a: Heliolisk|0 fnt
|faint|p1a: Heliolisk
|-hitcount|p1: Heliolisk|2
|move|p2b: Kingambit|Kowtow Cleave|p1b: Pelipper
|-activate|p1b: Pelipper|move: Protect
|
|-weather|RainDance|[upkeep]
|upkeep
|
|t:|1782412278
|switch|p1a: Incineroar|Incineroar, L50, M|100/100
|-ability|p1a: Incineroar|Intimidate|boost
|-unboost|p2a: Kangaskhan|atk|1
|-unboost|p2b: Kingambit|atk|1
|-ability|p2b: Kingambit|Defiant|boost
|-boost|p2b: Kingambit|atk|2
|turn|4
|
|t:|1782412291
|move|p1a: Incineroar|Fake Out|p2b: Kingambit
|-resisted|p2b: Kingambit|1
|-damage|p2b: Kingambit|95/100
|cant|p2b: Kingambit|flinch
|move|p1b: Pelipper|Muddy Water|p2a: Kangaskhan|[spread] p2a,p2b
|-damage|p2a: Kangaskhan|58/100
|-damage|p2b: Kingambit|47/100
|-unboost|p2a: Kangaskhan|accuracy|1
|move|p2a: Kangaskhan|Drain Punch|p1a: Incineroar|[miss]
|-miss|p2a: Kangaskhan|p1a: Incineroar
|
|-weather|RainDance|[upkeep]
|upkeep
|turn|5
|inactive|quailfish has 30 seconds left.
|
|t:|1782412319
|move|p2b: Kingambit|Kowtow Cleave|p1b: Pelipper
|-damage|p1b: Pelipper|0 fnt
|faint|p1b: Pelipper
|move|p1a: Incineroar|Parting Shot|p2a: Kangaskhan
|-unboost|p2a: Kangaskhan|atk|1
|-unboost|p2a: Kangaskhan|spa|1
|
|t:|1782412325
|switch|p1a: Swampert|Swampert-Mega, L50, F|7/100|[from] Parting Shot
|move|p2a: Kangaskhan|Drain Punch|p1a: Swampert|[miss]
|-miss|p2a: Kangaskhan|p1a: Swampert
|
|-weather|none
|-fieldend|move: Trick Room
|upkeep
|
|t:|1782412334
|switch|p1b: Incineroar|Incineroar, L50, M|100/100
|-ability|p1b: Incineroar|Intimidate|boost
|-unboost|p2a: Kangaskhan|atk|1
|-unboost|p2b: Kingambit|atk|1
|-ability|p2b: Kingambit|Defiant|boost
|-boost|p2b: Kingambit|atk|2
|turn|6
|
|t:|1782412351
|move|p1b: Incineroar|Fake Out|p2b: Kingambit
|-resisted|p2b: Kingambit|1
|-damage|p2b: Kingambit|43/100
|cant|p2b: Kingambit|flinch
|move|p2a: Kangaskhan|Drain Punch|p1b: Incineroar
|-supereffective|p1b: Incineroar|1
|-damage|p1b: Incineroar|79/100
|-heal|p2a: Kangaskhan|68/100|[from] drain|[of] p1b: Incineroar
|-supereffective|p1b: Incineroar|1
|-damage|p1b: Incineroar|74/100
|-heal|p2a: Kangaskhan|70/100|[from] drain|[of] p1b: Incineroar
|-hitcount|p1b: Incineroar|2
|move|p1a: Swampert|Wave Crash|p2a: Kangaskhan
|-crit|p2a: Kangaskhan
|-damage|p2a: Kangaskhan|0 fnt
|faint|p2a: Kangaskhan
|-damage|p1a: Swampert|0 fnt|[from] Recoil
|faint|p1a: Swampert
|
|-heal|p1b: Incineroar|80/100|[from] item: Leftovers
|upkeep
|turn|7
|
|t:|1782412376
|move|p1b: Incineroar|Darkest Lariat|p2b: Kingambit
|-resisted|p2b: Kingambit|1
|-damage|p2b: Kingambit|30/100
|move|p2b: Kingambit|Kowtow Cleave|p1b: Incineroar
|-resisted|p1b: Incineroar|1
|-damage|p1b: Incineroar|28/100
|
|-heal|p1b: Incineroar|34/100|[from] item: Leftovers
|upkeep
|turn|8
|
|t:|1782412387
|move|p2b: Kingambit|Sucker Punch|p1b: Incineroar
|-resisted|p1b: Incineroar|1
|-damage|p1b: Incineroar|0 fnt
|faint|p1b: Incineroar
|
|win|RegiSIXSEVEN
