|j|☆atarka511
|j|☆Nessa333
|html|atarka511Nessa333    
|uhtml|bestof|Game 2 of a best-of-3
|t:|1756671317
|gametype|doubles
|player|p1|atarka511|volkner|1050
|player|p2|Nessa333|1|1023
|gen|9
|tier|[Gen 9] VGC 2025 Reg H (Bo3)
|rated|
|rule|Species Clause: Limit one of each Pokémon
|rule|Item Clause: Limit 1 of each item
|clearpoke
|poke|p1|Palafin, L50, F|
|poke|p1|Rillaboom, L50, F|
|poke|p1|Incineroar, L50, F|
|poke|p1|Sneasler, L50, F|
|poke|p1|Annihilape, L50, M|
|poke|p1|Sylveon, L50, M|
|poke|p2|Talonflame, L50, M|
|poke|p2|Garchomp, L50, M|
|poke|p2|Primarina, L50, F|
|poke|p2|Sneasler, L50, M|
|poke|p2|Indeedee, L50, M|
|poke|p2|Gholdengo, L50|
|teampreview|4
|showteam|p1|Palafin||MysticWater|ZerotoHero|CloseCombat,FlipTurn,WaveCrash,Protect|||F|||50|,,,,,Grass]Rillaboom||AssaultVest|GrassySurge|FakeOut,Uturn,GrassyGlide,WoodHammer|||F|||50|,,,,,Water]Incineroar||RockyHelmet|Intimidate|FakeOut,FlareBlitz,KnockOff,Uturn|||F|||50|,,,,,Grass]Sneasler||FocusSash|Unburden|CloseCombat,FakeOut,DireClaw,Protect|||F|||50|,,,,,Stellar]Annihilape||Leftovers|Defiant|BulkUp,DrainPunch,Protect,RageFist|||M|||50|,,,,,Grass]Sylveon||ThroatSpray|Pixilate|HyperVoice,Moonblast,TeraBlast,Protect|||M|||50|,,,,,Fire
|showteam|p2|Talonflame||CovertCloak|GaleWings|BraveBird,Tailwind,Taunt,FlareBlitz|||M|||50|,,,,,Ghost]Garchomp||LifeOrb|RoughSkin|Protect,Earthquake,StompingTantrum,ScaleShot|||M|||50|,,,,,Ground]Primarina||ThroatSpray|LiquidVoice|Protect,Haze,HyperVoice,Moonblast|||F|||50|,,,,,Poison]Sneasler||PsychicSeed|Unburden|ThroatChop,CloseCombat,DireClaw,Protect|||M|||50|,,,,,Dark]Indeedee||FocusSash|PsychicSurge|ExpandingForce,TrickRoom,Imprison,Protect|||M|||50|,,,,,Psychic]Gholdengo||ChoiceSpecs|GoodasGold|MakeItRain,ShadowBall,PowerGem,SteelBeam||||||50|,,,,,Steel
|inactive|Battle timer is ON: inactive players will automatically lose when time's up. (requested by atarka511)
|inactive|Nessa333 has 60 seconds left.
|
|t:|1756671378
|teamsize|p1|4
|teamsize|p2|4
|start
|switch|p1a: Palafin|Palafin, L50, F|100/100
|switch|p1b: Incineroar|Incineroar, L50, F|100/100
|switch|p2a: Indeedee|Indeedee, L50, M, shiny|100/100
|switch|p2b: Sneasler|Sneasler, L50, M, shiny|100/100
|-fieldstart|move: Psychic Terrain|[from] ability: Psychic Surge|[of] p2a: Indeedee
|-enditem|p2b: Sneasler|Psychic Seed
|-boost|p2b: Sneasler|spd|1|[from] item: Psychic Seed
|-ability|p1b: Incineroar|Intimidate|boost
|-unboost|p2a: Indeedee|atk|1
|-unboost|p2b: Sneasler|atk|1
|turn|1
|inactive|Nessa333 has 30 seconds left.
|inactive|Nessa333 has 20 seconds left.
|inactive|Nessa333 has 15 seconds left.
|
|t:|1756671421
|detailschange|p1a: Palafin|Palafin-Hero, L50, F
|switch|p1a: Rillaboom|Rillaboom, L50, F|100/100
|-fieldstart|move: Grassy Terrain|[from] ability: Grassy Surge|[of] p1a: Rillaboom
|move|p1b: Incineroar|Fake Out|p2b: Sneasler
|-damage|p2b: Sneasler|81/100
|cant|p2b: Sneasler|flinch
|move|p2a: Indeedee|Expanding Force|p1b: Incineroar
|-immune|p1b: Incineroar
|
|-heal|p2b: Sneasler|87/100|[from] Grassy Terrain
|upkeep
|turn|2
|inactive|Nessa333 has 30 seconds left.
|inactive|Nessa333 has 20 seconds left.
|inactive|Nessa333 has 15 seconds left.
|
|t:|1756671462
|switch|p2a: Garchomp|Garchomp, L50, M, shiny|100/100
|move|p2b: Sneasler|Protect|p2b: Sneasler
|-singleturn|p2b: Sneasler|Protect
|move|p1a: Rillaboom|Fake Out|p2b: Sneasler
|-activate|p2b: Sneasler|move: Protect
|move|p1b: Incineroar|U-turn|p2a: Garchomp
|-damage|p2a: Garchomp|82/100
|-damage|p1b: Incineroar|88/100|[from] ability: Rough Skin|[of] p2a: Garchomp
|inactive|atarka511 has 30 seconds left.
|
|t:|1756671490
|switch|p1b: Sylveon|Sylveon, L50, M|100/100|[from] U-turn
|
|-heal|p2b: Sneasler|92/100|[from] Grassy Terrain
|-heal|p2a: Garchomp|88/100|[from] Grassy Terrain
|upkeep
|turn|3
|inactive|Nessa333 has 30 seconds left.
|
|t:|1756671525
|switch|p1a: Incineroar|Incineroar, L50, F|88/100
|-ability|p1a: Incineroar|Intimidate|boost
|-unboost|p2a: Garchomp|atk|1
|-unboost|p2b: Sneasler|atk|1
|-terastallize|p2a: Garchomp|Ground
|move|p1b: Sylveon|Protect|p1b: Sylveon
|-singleturn|p1b: Sylveon|Protect
|move|p2b: Sneasler|Dire Claw|p1b: Sylveon
|-activate|p1b: Sylveon|move: Protect
|move|p2a: Garchomp|Scale Shot|p1a: Incineroar
|-damage|p1a: Incineroar|76/100
|-damage|p1a: Incineroar|64/100
|-hitcount|p1a: Incineroar|2
|-unboost|p2a: Garchomp|def|1
|-boost|p2a: Garchomp|spe|1
|-damage|p2a: Garchomp|78/100|[from] item: Life Orb
|
|-heal|p2b: Sneasler|98/100|[from] Grassy Terrain
|-heal|p2a: Garchomp|84/100|[from] Grassy Terrain
|-heal|p1a: Incineroar|70/100|[from] Grassy Terrain
|upkeep
|turn|4
|inactive|Nessa333 has 30 seconds left.
|inactive|Nessa333 has 20 seconds left.
|inactive|Nessa333 has 15 seconds left.
|inactive|Nessa333 has 10 seconds left.
|
|t:|1756671574
|-terastallize|p1b: Sylveon|Fire
|move|p1a: Incineroar|Fake Out|p2a: Garchomp
|-damage|p2a: Garchomp|68/100
|-damage|p1a: Incineroar|58/100|[from] ability: Rough Skin|[of] p2a: Garchomp
|move|p2b: Sneasler|Dire Claw|p1b: Sylveon
|-damage|p1b: Sylveon|73/100
|-status|p1b: Sylveon|par
|cant|p2a: Garchomp|flinch
|move|p1b: Sylveon|Hyper Voice|p2a: Garchomp|[spread] p2a,p2b
|-damage|p2a: Garchomp|23/100
|-damage|p2b: Sneasler|63/100
|-enditem|p1b: Sylveon|Throat Spray
|-boost|p1b: Sylveon|spa|1|[from] item: Throat Spray
|
|-heal|p2b: Sneasler|69/100|[from] Grassy Terrain
|-heal|p2a: Garchomp|29/100|[from] Grassy Terrain
|-heal|p1a: Incineroar|64/100|[from] Grassy Terrain
|-heal|p1b: Sylveon|79/100 par|[from] Grassy Terrain
|upkeep
|turn|5
|inactive|atarka511 has 30 seconds left.
|
|t:|1756671602
|move|p2b: Sneasler|Protect|p2b: Sneasler
|-singleturn|p2b: Sneasler|Protect
|move|p2a: Garchomp|Earthquake|p1a: Incineroar|[spread] p1a,p1b
|-activate|p2b: Sneasler|move: Protect
|-supereffective|p1a: Incineroar
|-supereffective|p1b: Sylveon
|-damage|p1a: Incineroar|7/100
|-damage|p1b: Sylveon|17/100 par
|-damage|p2a: Garchomp|19/100|[from] item: Life Orb
|move|p1a: Incineroar|Flare Blitz|p2b: Sneasler
|-activate|p2b: Sneasler|move: Protect
|cant|p1b: Sylveon|par
|
|-heal|p2b: Sneasler|75/100|[from] Grassy Terrain
|-heal|p2a: Garchomp|25/100|[from] Grassy Terrain
|-heal|p1a: Incineroar|13/100|[from] Grassy Terrain
|-heal|p1b: Sylveon|23/100 par|[from] Grassy Terrain
|-fieldend|move: Grassy Terrain
|upkeep
|turn|6
|
|t:|1756671621
|switch|p2b: Talonflame|Talonflame, L50, M, shiny|100/100
|switch|p1a: Rillaboom|Rillaboom, L50, F|100/100
|-fieldstart|move: Grassy Terrain|[from] ability: Grassy Surge|[of] p1a: Rillaboom
|move|p1b: Sylveon|Protect|p1b: Sylveon
|-singleturn|p1b: Sylveon|Protect
|move|p2a: Garchomp|Earthquake|p1a: Rillaboom|[spread] p1a
|-activate|p1b: Sylveon|move: Protect
|-immune|p2b: Talonflame
|-resisted|p1a: Rillaboom
|-damage|p1a: Rillaboom|87/100
|-damage|p2a: Garchomp|15/100|[from] item: Life Orb
|
|-heal|p2a: Garchomp|21/100|[from] Grassy Terrain
|-heal|p1a: Rillaboom|93/100|[from] Grassy Terrain
|-heal|p1b: Sylveon|29/100 par|[from] Grassy Terrain
|upkeep
|turn|7
|inactive|atarka511 has 30 seconds left.
|inactive|Nessa333 has 30 seconds left.
|inactive|atarka511 has 20 seconds left.
|inactive|Nessa333 has 20 seconds left.
|inactive|atarka511 has 15 seconds left.
|inactive|Nessa333 has 15 seconds left.
|inactive|atarka511 has 10 seconds left.
|
|t:|1756671668
|move|p2a: Garchomp|Protect|p2a: Garchomp
|-singleturn|p2a: Garchomp|Protect
|move|p2b: Talonflame|Brave Bird|p1a: Rillaboom
|-supereffective|p1a: Rillaboom
|-damage|p1a: Rillaboom|0 fnt
|faint|p1a: Rillaboom
|-damage|p2b: Talonflame|62/100|[from] Recoil
|move|p1b: Sylveon|Hyper Voice|p2a: Garchomp|[spread] p2b
|-activate|p2a: Garchomp|move: Protect
|-resisted|p2b: Talonflame
|-damage|p2b: Talonflame|15/100
|
|-heal|p2a: Garchomp|27/100|[from] Grassy Terrain
|-heal|p1b: Sylveon|35/100 par|[from] Grassy Terrain
|upkeep
|
|t:|1756671680
|switch|p1a: Palafin|Palafin-Hero, L50, F|100/100
|-activate|p1a: Palafin|ability: Zero to Hero
|turn|8
|inactive|Nessa333 has 30 seconds left.
|inactive|Nessa333 has 20 seconds left.
|
|t:|1756671716
|switch|p2b: Indeedee|Indeedee, L50, M, shiny|100/100
|-fieldstart|move: Psychic Terrain|[from] ability: Psychic Surge|[of] p2b: Indeedee
|move|p1b: Sylveon|Protect|p1b: Sylveon
|-singleturn|p1b: Sylveon|Protect
|move|p2a: Garchomp|Stomping Tantrum|p1b: Sylveon
|-activate|p1b: Sylveon|move: Protect
|move|p1a: Palafin|Flip Turn|p2a: Garchomp
|-supereffective|p2a: Garchomp
|-damage|p2a: Garchomp|0 fnt
|-damage|p1a: Palafin|88/100|[from] ability: Rough Skin|[of] p2a: Garchomp
|faint|p2a: Garchomp
|
|t:|1756671728
|switch|p1a: Incineroar|Incineroar, L50, F|13/100|[from] Flip Turn
|-ability|p1a: Incineroar|Intimidate|boost
|-unboost|p2b: Indeedee|atk|1
|
|upkeep
|
|t:|1756671740
|switch|p2a: Sneasler|Sneasler, L50, M, shiny|75/100
|turn|9
|
|t:|1756671754
|move|p2a: Sneasler|Close Combat|p1a: Incineroar
|-supereffective|p1a: Incineroar
|-damage|p1a: Incineroar|0 fnt
|-unboost|p2a: Sneasler|def|1
|-unboost|p2a: Sneasler|spd|1
|-damage|p2a: Sneasler|58/100|[from] item: Rocky Helmet|[of] p1a: Incineroar
|faint|p1a: Incineroar
|move|p2b: Indeedee|Expanding Force|p1b: Sylveon
|-damage|p1b: Sylveon|0 fnt
|faint|p1b: Sylveon
|
|upkeep
|
|t:|1756671758
|switch|p1b: Palafin|Palafin-Hero, L50, F|88/100
|turn|10
|
|t:|1756671772
|move|p1b: Palafin|Protect|p1b: Palafin
|-singleturn|p1b: Palafin|Protect
|move|p2a: Sneasler|Close Combat|p1b: Palafin
|-activate|p1b: Palafin|move: Protect
|move|p2b: Indeedee|Expanding Force|p1b: Palafin
|-activate|p1b: Palafin|move: Protect
|
|upkeep
|turn|11
|
|t:|1756671781
|move|p2a: Sneasler|Dire Claw|p1b: Palafin
|-damage|p1b: Palafin|44/100
|-status|p1b: Palafin|slp
|move|p2b: Indeedee|Expanding Force|p1b: Palafin
|-damage|p1b: Palafin|0 fnt
|faint|p1b: Palafin
|
|win|Nessa333
||atarka511 is ready for game 3.
|inactive|Nessa333 has 30 seconds to confirm battle start!
||Nessa333 is ready for game 3.
|uhtml|next|Next: Game 3 of 3
|l|☆atarka511
|player|p1|
|l|☆Nessa333
|player|p2|
|j|☆Nessa333
|player|p2|Nessa333|1|
