|j|☆Letmein191
|j|☆Llama_Llord
|html|Letmein191Llama_Llord    
|uhtml|bestof|Game 2 of a best-of-3
|t:|1757641486
|gametype|doubles
|player|p1|Letmein191|101|1203
|player|p2|Llama_Llord|101|1127
|gen|9
|tier|[Gen 9] VGC 2025 Reg H (Bo3)
|rated|
|rule|Species Clause: Limit one of each Pokémon
|rule|Item Clause: Limit 1 of each item
|clearpoke
|poke|p1|Volcarona, L50, M|
|poke|p1|Kingambit, L50, M|
|poke|p1|Dragonite, L50, F|
|poke|p1|Sneasler, L50, F|
|poke|p1|Rillaboom, L50, M|
|poke|p1|Electabuzz, L50, F|
|poke|p2|Talonflame, L50, M|
|poke|p2|Garchomp, L50, M|
|poke|p2|Gholdengo, L50|
|poke|p2|Tyranitar, L50, F|
|poke|p2|Amoonguss, L50, M|
|poke|p2|Milotic, L50, F|
|teampreview|4
|showteam|p1|Volcarona||Leftovers|FlameBody|HeatWave,TeraBlast,QuiverDance,Protect|||M|||50|,,,,,Fairy]Kingambit||BlackGlasses|Defiant|KowtowCleave,SuckerPunch,SwordsDance,Protect|||M|||50|,,,,,Dark]Dragonite||LoadedDice|Multiscale|ScaleShot,ExtremeSpeed,Haze,Protect|||F|||50|,,,,,Steel]Sneasler||FocusSash|PoisonTouch|CloseCombat,DireClaw,FakeOut,Coaching|||F|||50|,,,,,Stellar]Rillaboom||AssaultVest|GrassySurge|WoodHammer,GrassyGlide,HighHorsepower,FakeOut|||M|||50|,,,,,Fire]Electabuzz||Eviolite|VitalSpirit|Thunderbolt,Taunt,FollowMe,Protect|||F|||50|,,,,,Ghost
|showteam|p2|Talonflame||CovertCloak|GaleWings|Tailwind,BraveBird,WillOWisp,Taunt|||M|||50|,,,,,Grass]Garchomp||LifeOrb|RoughSkin|Earthquake,DragonClaw,StompingTantrum,Protect|||M|||50|,,,,,Fairy]Gholdengo||ChoiceSpecs|GoodasGold|MakeItRain,ShadowBall,Thunderbolt,PowerGem||||||50|,,,,,Steel]Tyranitar||AssaultVest|SandStream|RockSlide,KnockOff,TeraBlast,LowKick|||F|||50|,,,,,Flying]Amoonguss||SitrusBerry|Regenerator|PollenPuff,Spore,RagePowder,Protect|||M|||50|,,,,,Water]Milotic||SafetyGoggles|Competitive|Scald,IcyWind,Haze,Protect|||F|||50|,,,,,Dragon
|inactive|Battle timer is ON: inactive players will automatically lose when time's up. (requested by Llama_Llord)
|
|t:|1757641502
|teamsize|p1|4
|teamsize|p2|4
|start
|switch|p1a: Dragonite|Dragonite, L50, F|100/100
|switch|p1b: Sneasler|Sneasler, L50, F|100/100
|switch|p2a: Talonflame|Talonflame, L50, M|100/100
|switch|p2b: Garchomp|Garchomp, L50, M|100/100
|turn|1
|
|t:|1757641520
|move|p2a: Talonflame|Will-O-Wisp|p1a: Dragonite
|-status|p1a: Dragonite|brn
|move|p1b: Sneasler|Coaching|p1a: Dragonite
|-boost|p1a: Dragonite|atk|1
|-boost|p1a: Dragonite|def|1
|move|p2b: Garchomp|Dragon Claw|p1b: Sneasler
|-enditem|p1b: Sneasler|Focus Sash
|-damage|p1b: Sneasler|1/100
|-damage|p2b: Garchomp|91/100|[from] item: Life Orb
|move|p1a: Dragonite|Scale Shot|p2a: Talonflame
|-damage|p2a: Talonflame|88/100
|-damage|p2a: Talonflame|75/100
|-damage|p2a: Talonflame|60/100
|-damage|p2a: Talonflame|46/100
|-damage|p2a: Talonflame|33/100
|-hitcount|p2a: Talonflame|5
|-unboost|p1a: Dragonite|def|1
|-boost|p1a: Dragonite|spe|1
|
|-damage|p1a: Dragonite|95/100 brn|[from] brn
|upkeep
|turn|2
|inactive|Letmein191 has 30 seconds left.
|
|t:|1757641547
|switch|p2a: Gholdengo|Gholdengo, L50|100/100
|-terastallize|p2b: Garchomp|Fairy
|move|p1a: Dragonite|Scale Shot|p2a: Gholdengo|[miss]
|-miss|p1a: Dragonite|p2a: Gholdengo
|move|p1b: Sneasler|Dire Claw|p2b: Garchomp
|-supereffective|p2b: Garchomp
|-damage|p2b: Garchomp|5/100
|-status|p2b: Garchomp|slp
|-damage|p1b: Sneasler|0 fnt|[from] ability: Rough Skin|[of] p2b: Garchomp
|faint|p1b: Sneasler
|cant|p2b: Garchomp|slp
|
|-damage|p1a: Dragonite|89/100 brn|[from] brn
|upkeep
|
|t:|1757641562
|switch|p1b: Volcarona|Volcarona, L50, M|100/100
|turn|3
|
|t:|1757641573
|move|p1a: Dragonite|Protect|p1a: Dragonite
|-singleturn|p1a: Dragonite|Protect
|cant|p2b: Garchomp|slp
|move|p2a: Gholdengo|Make It Rain|p1b: Volcarona|[spread] p1b
|-activate|p1a: Dragonite|move: Protect
|-resisted|p1b: Volcarona
|-damage|p1b: Volcarona|69/100
|-unboost|p2a: Gholdengo|spa|1
|move|p1b: Volcarona|Quiver Dance|p1b: Volcarona
|-boost|p1b: Volcarona|spa|1
|-boost|p1b: Volcarona|spd|1
|-boost|p1b: Volcarona|spe|1
|
|-heal|p1b: Volcarona|75/100|[from] item: Leftovers
|-damage|p1a: Dragonite|83/100 brn|[from] brn
|upkeep
|turn|4
|
|t:|1757641592
|move|p1a: Dragonite|Extreme Speed|p2b: Garchomp
|-damage|p2b: Garchomp|0 fnt
|-damage|p1a: Dragonite|71/100 brn|[from] ability: Rough Skin|[of] p2b: Garchomp
|faint|p2b: Garchomp
|move|p1b: Volcarona|Heat Wave|p2a: Gholdengo
|-supereffective|p2a: Gholdengo
|-damage|p2a: Gholdengo|0 fnt
|faint|p2a: Gholdengo
|
|-heal|p1b: Volcarona|82/100|[from] item: Leftovers
|-damage|p1a: Dragonite|65/100 brn|[from] brn
|upkeep
|
|t:|1757641598
|switch|p2b: Talonflame|Talonflame, L50, M|33/100
|switch|p2a: Milotic|Milotic, L50, F|100/100
|turn|5
|inactive|Letmein191 has 30 seconds left.
|
|t:|1757641623
|-terastallize|p1b: Volcarona|Fairy
|move|p1a: Dragonite|Extreme Speed|p2b: Talonflame
|-damage|p2b: Talonflame|2/100
|move|p1b: Volcarona|Heat Wave|p2a: Milotic|[spread] p2a,p2b
|-resisted|p2a: Milotic
|-resisted|p2b: Talonflame
|-damage|p2a: Milotic|81/100
|-damage|p2b: Talonflame|0 fnt
|faint|p2b: Talonflame
|move|p2a: Milotic|Haze|p2a: Milotic
|-clearallboost
|
|-heal|p1b: Volcarona|88/100|[from] item: Leftovers
|-damage|p1a: Dragonite|59/100 brn|[from] brn
|upkeep
|turn|6
|
|t:|1757641639
|move|p1b: Volcarona|Tera Blast|p2a: Milotic|[anim] Tera Blast Fairy
|-crit|p2a: Milotic
|-damage|p2a: Milotic|42/100
|move|p1a: Dragonite|Scale Shot|p2a: Milotic
|-damage|p2a: Milotic|34/100
|-damage|p2a: Milotic|27/100
|-damage|p2a: Milotic|19/100
|-damage|p2a: Milotic|10/100
|-hitcount|p2a: Milotic|4
|-unboost|p1a: Dragonite|def|1
|-boost|p1a: Dragonite|spe|1
|move|p2a: Milotic|Icy Wind|p1a: Dragonite|[spread] p1a,p1b
|-supereffective|p1a: Dragonite
|-damage|p1a: Dragonite|6/100 brn
|-damage|p1b: Volcarona|77/100
|-unboost|p1a: Dragonite|spe|1
|-unboost|p1b: Volcarona|spe|1
|
|-heal|p1b: Volcarona|83/100|[from] item: Leftovers
|-damage|p1a: Dragonite|0 fnt|[from] brn
|faint|p1a: Dragonite
|upkeep
|
|t:|1757641658
|switch|p1a: Rillaboom|Rillaboom, L50, M|100/100
|-fieldstart|move: Grassy Terrain|[from] ability: Grassy Surge|[of] p1a: Rillaboom
|turn|7
|-message|Llama_Llord forfeited.
|
|win|Letmein191
|raw|Letmein191's rating: 1203 → 1223(+20 for winning)
|raw|Llama_Llord's rating: 1127 → 1107(-20 for losing)
