|j|☆ravus9
|j|☆quinn2
|html|ravus9quinn2    
|uhtml|bestof|Game 1 of a best-of-3
|t:|1757915895
|gametype|doubles
|player|p1|ravus9|hilbert-wonderlauncher|1078
|player|p2|quinn2|170|1107
|gen|9
|tier|[Gen 9] VGC 2025 Reg H (Bo3)
|rated|
|rule|Species Clause: Limit one of each Pokémon
|rule|Item Clause: Limit 1 of each item
|clearpoke
|poke|p1|Volcarona, L50, F|
|poke|p1|Rillaboom, L50, F|
|poke|p1|Kingambit, L50, F|
|poke|p1|Ninetales-Alola, L50, F|
|poke|p1|Sneasler, L50, M|
|poke|p1|Basculegion, L50, M|
|poke|p2|Golduck, L50, M|
|poke|p2|Flamigo, L50, M|
|poke|p2|Dragapult, L50, M|
|poke|p2|Electabuzz, L50, F|
|poke|p2|Typhlosion-Hisui, L50, M|
|poke|p2|Weavile, L50, F|
|teampreview|4
|showteam|p1|Volcarona||SitrusBerry|FlameBody|Overheat,WillOWisp,RagePowder,Protect|||F|||50|,,,,,Fairy]Rillaboom||AssaultVest|GrassySurge|GrassyGlide,WoodHammer,HighHorsepower,FakeOut|||F|||50|,,,,,Fire]Kingambit||BlackGlasses|Defiant|KowtowCleave,SuckerPunch,SwordsDance,Protect|||F|||50|,,,,,Dark]Ninetales-Alola||LightClay|SnowWarning|Protect,Blizzard,AuroraVeil,Moonblast|||F|||50|,,,,,Ghost]Sneasler||FocusSash|Unburden|CloseCombat,DireClaw,Coaching,Protect|||M|||50|,,,,,Stellar]Basculegion||ChoiceScarf|Adaptability|WaveCrash,FlipTurn,AquaJet,LastRespects|||M|||50|,,,,,Fairy
|showteam|p2|Golduck||FocusSash|CloudNine|IcyWind,Encore,Disable,Protect|||M|||50|,,,,,Grass]Flamigo||CovertCloak|Scrappy|CloseCombat,BraveBird,WideGuard,Protect|||M|||50|,,,,,Fighting]Dragapult||ChoiceBand|ClearBody|DragonDarts,TeraBlast,PhantomForce,Uturn|||M|||50|,,,,,Ghost]Electabuzz||Eviolite|VitalSpirit|ThunderWave,FollowMe,Taunt,Protect|||F|||50|,,,,,Dark]Typhlosion-Hisui||Charcoal|Blaze|Eruption,Overheat,InfernalParade,Protect|||M|||50|,,,,,Fire]Weavile||LifeOrb|Pickpocket|KnockOff,TripleAxel,HoneClaws,Protect|||F|||50|,,,,,Ghost
|
|t:|1757915971
|teamsize|p1|4
|teamsize|p2|4
|start
|switch|p1a: Ninetales|Ninetales-Alola, L50, F|100/100
|switch|p1b: Basculegion|Basculegion, L50, M|100/100
|switch|p2a: Electabuzz|Electabuzz, L50, F|100/100
|switch|p2b: Weavile|Weavile, L50, F|100/100
|-weather|Snowscape|[from] ability: Snow Warning|[of] p1a: Ninetales
|turn|1
|
|t:|1757916001
|move|p1b: Basculegion|Flip Turn|p2a: Electabuzz
|-damage|p2a: Electabuzz|65/100
|
|t:|1757916011
|switch|p1b: Kingambit|Kingambit, L50, F|100/100|[from] Flip Turn
|move|p2b: Weavile|Knock Off|p1a: Ninetales
|-resisted|p1a: Ninetales
|-damage|p1a: Ninetales|73/100
|-enditem|p1a: Ninetales|Light Clay|[from] move: Knock Off|[of] p2b: Weavile
|-damage|p2b: Weavile|91/100|[from] item: Life Orb
|move|p1a: Ninetales|Aurora Veil|p1a: Ninetales
|-sidestart|p1: ravus9|move: Aurora Veil
|move|p2a: Electabuzz|Thunder Wave|p1b: Kingambit
|-status|p1b: Kingambit|par
|
|-weather|Snowscape|[upkeep]
|upkeep
|turn|2
|
|t:|1757916040
|move|p1b: Kingambit|Protect|p1b: Kingambit
|-singleturn|p1b: Kingambit|Protect
|move|p2b: Weavile|Knock Off|p1b: Kingambit
|-activate|p1b: Kingambit|move: Protect
|move|p1a: Ninetales|Moonblast|p2b: Weavile
|-supereffective|p2b: Weavile
|-damage|p2b: Weavile|5/100
|move|p2a: Electabuzz|Taunt|p1b: Kingambit
|-activate|p1b: Kingambit|move: Protect
|
|-weather|Snowscape|[upkeep]
|upkeep
|turn|3
|
|t:|1757916067
|move|p2b: Weavile|Protect|p2b: Weavile
|-singleturn|p2b: Weavile|Protect
|move|p1a: Ninetales|Blizzard|p2b: Weavile|[spread] p2a
|-activate|p2b: Weavile|move: Protect
|-damage|p2a: Electabuzz|43/100
|move|p2a: Electabuzz|Thunder Wave|p1a: Ninetales
|-status|p1a: Ninetales|par
|move|p1b: Kingambit|Kowtow Cleave|p2a: Electabuzz
|-damage|p2a: Electabuzz|0 fnt
|faint|p2a: Electabuzz
|
|-weather|Snowscape|[upkeep]
|upkeep
|
|t:|1757916086
|switch|p2a: Flamigo|Flamigo, L50, M|100/100
|turn|4
|
|t:|1757916112
|-terastallize|p2a: Flamigo|Fighting
|move|p1b: Kingambit|Protect|p1b: Kingambit
|-singleturn|p1b: Kingambit|Protect
|move|p2b: Weavile|Triple Axel|p1a: Ninetales
|-resisted|p1a: Ninetales
|-damage|p1a: Ninetales|69/100 par
|-resisted|p1a: Ninetales
|-damage|p1a: Ninetales|62/100 par
|-hitcount|p1a: Ninetales|2
|-damage|p2b: Weavile|0 fnt|[from] item: Life Orb
|faint|p2b: Weavile
|move|p2a: Flamigo|Close Combat|p1a: Ninetales
|-damage|p1a: Ninetales|16/100 par
|-unboost|p2a: Flamigo|def|1
|-unboost|p2a: Flamigo|spd|1
|cant|p1a: Ninetales|par
|
|-weather|Snowscape|[upkeep]
|upkeep
|
|t:|1757916126
|switch|p2b: Dragapult|Dragapult, L50, M|100/100
|turn|5
|inactive|Battle timer is ON: inactive players will automatically lose when time's up. (requested by quinn2)
|
|t:|1757916155
|move|p1b: Kingambit|Sucker Punch|p2b: Dragapult
|-supereffective|p2b: Dragapult
|-damage|p2b: Dragapult|0 fnt
|faint|p2b: Dragapult
|move|p2a: Flamigo|Close Combat|p1b: Kingambit
|-supereffective|p1b: Kingambit
|-damage|p1b: Kingambit|0 fnt
|-unboost|p2a: Flamigo|def|1
|-unboost|p2a: Flamigo|spd|1
|faint|p1b: Kingambit
|cant|p1a: Ninetales|par
|
|-weather|none
|-sideend|p1: ravus9|move: Aurora Veil
|upkeep
|-message|quinn2 forfeited.
|
|win|ravus9
|l|☆quinn2
|player|p2|
||quinn2 is ready for game 2.
||ravus9 is ready for game 2.
|uhtml|next|Next: Game 2 of 3
|l|☆ravus9
|player|p1|
