|j|☆FPG_thunder12
|j|☆ancientson
|html|FPG_thunder12ancientson    
|uhtml|bestof|Game 2 of a best-of-3
|t:|1757171286
|gametype|doubles
|player|p1|FPG_thunder12|drake-gen3|1099
|player|p2|ancientson|n|1065
|gen|9
|tier|[Gen 9] VGC 2025 Reg H (Bo3)
|rated|
|rule|Species Clause: Limit one of each Pokémon
|rule|Item Clause: Limit 1 of each item
|clearpoke
|poke|p1|Incineroar, L50, M|
|poke|p1|Gothitelle, L50, F|
|poke|p1|Politoed, L50, M|
|poke|p1|Kingdra, L50, M|
|poke|p1|Archaludon, L50, M|
|poke|p1|Amoonguss, L50, F|
|poke|p2|Dragapult, L50, F|
|poke|p2|Gholdengo, L50|
|poke|p2|Murkrow, L50, M|
|poke|p2|Sneasler, L50, M|
|poke|p2|Armarouge, L50, M|
|poke|p2|Indeedee-F, L50, F|
|teampreview|4
|showteam|p1|Incineroar||SafetyGoggles|Intimidate|FakeOut,KnockOff,PartingShot,Protect|||M|||50|,,,,,Ghost]Gothitelle||SitrusBerry|ShadowTag|FakeOut,Psychic,TrickRoom,Protect|||F|||50|,,,,,Dark]Politoed||Leftovers|Drizzle|WeatherBall,Encore,PerishSong,Protect|||M|||50|,,,,,Grass]Kingdra||LifeOrb|SwiftSwim|DracoMeteor,WeatherBall,MuddyWater,Protect|||M|||50|,,,,,Stellar]Archaludon||PowerHerb|Sturdy|ElectroShot,FlashCannon,DragonPulse,Protect|||M|||50|,,,,,Electric]Amoonguss||EjectButton|Regenerator|PollenPuff,Spore,RagePowder,Protect|||F|||50|,,,,,Fairy
|showteam|p2|Dragapult||LifeOrb|ClearBody|DragonDarts,Uturn,PhantomForce,SuckerPunch|||F|||50|,,,,,Dragon]Gholdengo||Leftovers|GoodasGold|Protect,ShadowBall,MakeItRain,NastyPlot||||||50|,,,,,Fighting]Murkrow||Eviolite|Prankster|FoulPlay,Tailwind,Haze,SunnyDay|||M|||50|,,,,,Dark]Sneasler||PsychicSeed|Unburden|DireClaw,CloseCombat,Protect,ThroatChop|||M|||50|,,,,,Dark]Armarouge||CovertCloak|FlashFire|ExpandingForce,HeatWave,Protect,TeraBlast|||M|||50|,,,,,Fighting]Indeedee-F||RockyHelmet|PsychicSurge|FollowMe,HelpingHand,TrickRoom,Psychic|||F|||50|,,,,,Dark
|inactive|Battle timer is ON: inactive players will automatically lose when time's up. (requested by FPG_thunder12)
|
|t:|1757171324
|teamsize|p1|4
|teamsize|p2|4
|start
|switch|p1a: Kingdra|Kingdra, L50, M, shiny|100/100
|switch|p1b: Incineroar|Incineroar, L50, M|100/100
|switch|p2a: Dragapult|Dragapult, L50, F|100/100
|switch|p2b: Indeedee|Indeedee-F, L50, F|100/100
|-fieldstart|move: Psychic Terrain|[from] ability: Psychic Surge|[of] p2b: Indeedee
|-ability|p1b: Incineroar|Intimidate|boost
|-fail|p2a: Dragapult|unboost|[from] ability: Clear Body|[of] p2a: Dragapult
|-unboost|p2b: Indeedee|atk|1
|turn|1
|
|t:|1757171343
|-terastallize|p2a: Dragapult|Dragon
|move|p2b: Indeedee|Helping Hand|p2a: Dragapult
|-singleturn|p2a: Dragapult|Helping Hand|[of] p2b: Indeedee
|move|p1a: Kingdra|Protect|p1a: Kingdra
|-singleturn|p1a: Kingdra|Protect
|move|p2a: Dragapult|Dragon Darts|p1b: Incineroar
|-damage|p1b: Incineroar|32/100
|-anim|p2a: Dragapult|Dragon Darts|p1b: Incineroar
|-damage|p1b: Incineroar|0 fnt
|faint|p1b: Incineroar
|-damage|p2a: Dragapult|91/100|[from] item: Life Orb
|
|upkeep
|
|t:|1757171361
|switch|p1b: Politoed|Politoed, L50, M, shiny|100/100
|-weather|RainDance|[from] ability: Drizzle|[of] p1b: Politoed
|turn|2
|
|t:|1757171378
|move|p2b: Indeedee|Helping Hand|p2a: Dragapult
|-singleturn|p2a: Dragapult|Helping Hand|[of] p2b: Indeedee
|move|p1a: Kingdra|Draco Meteor|p2a: Dragapult
|-supereffective|p2a: Dragapult
|-damage|p2a: Dragapult|0 fnt
|-unboost|p1a: Kingdra|spa|2
|faint|p2a: Dragapult
|-damage|p1a: Kingdra|91/100|[from] item: Life Orb
|move|p1b: Politoed|Perish Song|p1b: Politoed
|-start|p1a: Kingdra|perish3|[silent]
|-start|p1b: Politoed|perish3|[silent]
|-start|p2b: Indeedee|perish3|[silent]
|-fieldactivate|move: Perish Song
|
|-weather|RainDance|[upkeep]
|-start|p1a: Kingdra|perish3
|-start|p1b: Politoed|perish3
|-start|p2b: Indeedee|perish3
|upkeep
|
|t:|1757171385
|switch|p2a: Sneasler|Sneasler, L50, M|100/100
|-enditem|p2a: Sneasler|Psychic Seed
|-boost|p2a: Sneasler|spd|1|[from] item: Psychic Seed
|turn|3
|
|t:|1757171403
|switch|p1a: Gothitelle|Gothitelle, L50, F|100/100
|move|p2b: Indeedee|Follow Me|p2b: Indeedee
|-singleturn|p2b: Indeedee|move: Follow Me
|move|p2a: Sneasler|Dire Claw|p1a: Gothitelle
|-damage|p1a: Gothitelle|61/100
|-status|p1a: Gothitelle|par
|move|p1b: Politoed|Weather Ball|p2b: Indeedee
|-damage|p2b: Indeedee|56/100
|
|-weather|RainDance|[upkeep]
|-start|p1b: Politoed|perish2
|-start|p2b: Indeedee|perish2
|upkeep
|turn|4
|
|t:|1757171423
|move|p2a: Sneasler|Throat Chop|p1a: Gothitelle
|-supereffective|p1a: Gothitelle
|-damage|p1a: Gothitelle|6/100 par
|-start|p1a: Gothitelle|Throat Chop|[silent]
|-enditem|p1a: Gothitelle|Sitrus Berry|[eat]
|-heal|p1a: Gothitelle|30/100 par|[from] item: Sitrus Berry
|move|p1b: Politoed|Perish Song|p1b: Politoed
|-start|p1a: Gothitelle|perish3|[silent]
|-start|p2a: Sneasler|perish3|[silent]
|-fieldactivate|move: Perish Song
|move|p2b: Indeedee|Psychic|p1b: Politoed
|-damage|p1b: Politoed|67/100
|-unboost|p1b: Politoed|spd|1
|move|p1a: Gothitelle|Psychic|p2a: Sneasler
|-supereffective|p2a: Sneasler
|-damage|p2a: Sneasler|0 fnt
|faint|p2a: Sneasler
|
|-weather|RainDance|[upkeep]
|-heal|p1b: Politoed|73/100|[from] item: Leftovers
|-start|p1b: Politoed|perish1
|-start|p2b: Indeedee|perish1
|-start|p1a: Gothitelle|perish3
|upkeep
|
|t:|1757171427
|switch|p2a: Armarouge|Armarouge, L50, M|100/100
|turn|5
|
|t:|1757171444
|switch|p1a: Kingdra|Kingdra, L50, M, shiny|91/100
|move|p1b: Politoed|Weather Ball|p2a: Armarouge
|-supereffective|p2a: Armarouge
|-damage|p2a: Armarouge|7/100
|move|p2a: Armarouge|Expanding Force|p1b: Politoed|[spread] p1a,p1b
|-damage|p1a: Kingdra|11/100
|-damage|p1b: Politoed|1/100
|move|p2b: Indeedee|Trick Room|p2b: Indeedee
|-fieldstart|move: Trick Room|[of] p2b: Indeedee
|
|-weather|RainDance|[upkeep]
|-heal|p1b: Politoed|7/100|[from] item: Leftovers
|-start|p2b: Indeedee|perish0
|-start|p1b: Politoed|perish0
|faint|p2b: Indeedee
|faint|p1b: Politoed
|-fieldend|move: Psychic Terrain
|upkeep
|
|t:|1757171453
|switch|p1b: Gothitelle|Gothitelle, L50, F|30/100 par
|turn|6
|
|t:|1757171472
|-terastallize|p1b: Gothitelle|Dark
|cant|p1b: Gothitelle|par
|move|p2a: Armarouge|Expanding Force|p1a: Kingdra
|-damage|p1a: Kingdra|0 fnt
|faint|p1a: Kingdra
|
|-weather|none
|upkeep
|turn|7
|
|t:|1757171485
|move|p1b: Gothitelle|Psychic|p2a: Armarouge
|-resisted|p2a: Armarouge
|-damage|p2a: Armarouge|0 fnt
|faint|p2a: Armarouge
|
|win|FPG_thunder12
