|j|☆betongs
|j|☆EsperGaymer
|html|betongsEsperGaymer    
|uhtml|bestof|Game 1 of a best-of-3
|t:|1785943941
|gametype|doubles
|player|p1|betongs|palmer|1000
|player|p2|EsperGaymer|clown|1094
|gen|9
|tier|[Gen 9 Champions] VGC 2026 Reg M-B (Bo3)
|rated|
|rule|Species Clause: Limit one of each Pokémon
|rule|Item Clause: Limit 1 of each item
|clearpoke
|poke|p1|Farigiraf, L50, F|
|poke|p1|Alakazam, L50, M|
|poke|p1|Aerodactyl, L50, F|
|poke|p1|Sneasler, L50, F|
|poke|p1|Scrafty, L50, M|
|poke|p1|Gholdengo, L50|
|poke|p2|Dragonite, L50, M|
|poke|p2|Sneasler, L50, F|
|poke|p2|Basculegion, L50, M|
|poke|p2|Ninetales-Alola, L50, F|
|poke|p2|Kingambit, L50, M|
|poke|p2|Froslass, L50, F|
|teampreview|4
|showteam|p1|Farigiraf||Leftovers|ArmorTail|Protect,PsychicTerrain,AllySwitch,ExpandingForce|Modest||F|||50|]Alakazam||Alakazite|Synchronize|ExpandingForce,FocusBlast,ShadowBall,DazzlingGleam|Timid||M|||50|]Aerodactyl||KingsRock|Unnerve|Tailwind,RockSlide,DualWingbeat,Bulldoze|Jolly||F|||50|]Sneasler||FocusSash|Unburden|CloseCombat,FakeOut,RockSlide,DireClaw|Adamant||F|||50|]Scrafty||SitrusBerry|Intimidate|FakeOut,SuperFang,Detect,FoulPlay|Impish||M|||50|]Gholdengo||ChoiceScarf|GoodasGold|MakeItRain,ShadowBall,Trick,DazzlingGleam|Calm|||||50|
|showteam|p2|Dragonite||Dragoninite|Multiscale|DragonPulse,HeatWave,ExtremeSpeed,Tailwind|Modest||M|||50|]Sneasler||FocusSash|Unburden|RockSlide,CloseCombat,DireClaw,FakeOut|Adamant||F|||50|]Basculegion||SitrusBerry|Adaptability|Protect,WaveCrash,AquaJet,LastRespects|Adamant||M|||50|]Ninetales-Alola||NeverMeltIce|SnowWarning|Blizzard,FreezeDry,RainDance,AuroraVeil|Timid||F|||50|]Kingambit||ChopleBerry|Defiant|KowtowCleave,SuckerPunch,IronHead,LowKick|Adamant||M|||50|]Froslass||Froslassite|SnowCloak|Blizzard,FrostBreath,ShadowBall,AuroraVeil|Timid||F|||50|
|inactive|Battle timer is ON: inactive players will automatically lose when time's up. (requested by betongs)
|inactive|EsperGaymer has 60 seconds left.
|
|t:|1785944002
|teamsize|p1|4
|teamsize|p2|4
|start
|switch|p1a: Farigiraf|Farigiraf, L50, F|100/100
|switch|p1b: Aerodactyl|Aerodactyl, L50, F|100/100
|switch|p2a: Dragonite|Dragonite, L50, M|100/100
|switch|p2b: Sneasler|Sneasler, L50, F|100/100
|-ability|p1b: Aerodactyl|Unnerve
|turn|1
|inactive|betongs has 30 seconds left.
|inactive|EsperGaymer has 30 seconds left.
|
|t:|1785944034
|detailschange|p2a: Dragonite|Dragonite-Mega, L50, M
|-mega|p2a: Dragonite|Dragonite|Dragoninite
|move|p1b: Aerodactyl|Rock Slide|p2a: Dragonite|[spread] p2a,p2b
|-supereffective|p2a: Dragonite|1
|-resisted|p2b: Sneasler|1
|-damage|p2a: Dragonite|82/100
|-damage|p2b: Sneasler|81/100
|move|p2b: Sneasler|Dire Claw|p1a: Farigiraf
|-damage|p1a: Farigiraf|56/100
|move|p2a: Dragonite|Tailwind|p2a: Dragonite
|-sidestart|p2: EsperGaymer|move: Tailwind
|move|p1a: Farigiraf|Psychic Terrain|p1a: Farigiraf
|-fieldstart|move: Psychic Terrain
|
|-heal|p1a: Farigiraf|63/100|[from] item: Leftovers
|upkeep
|turn|2
|
|t:|1785944057
|move|p1a: Farigiraf|Ally Switch|p1a: Farigiraf
|swap|p1a: Farigiraf|1|[from] move: Ally Switch
|move|p2b: Sneasler|Rock Slide|p1a: Aerodactyl|[spread] p1a,p1b
|-supereffective|p1a: Aerodactyl|1
|-damage|p1a: Aerodactyl|34/100
|-damage|p1b: Farigiraf|44/100
|move|p2a: Dragonite|Dragon Pulse|p1b: Farigiraf
|-damage|p1b: Farigiraf|0 fnt
|faint|p1b: Farigiraf
|move|p1a: Aerodactyl|Tailwind|p1a: Aerodactyl
|-sidestart|p1: betongs|move: Tailwind
|
|upkeep
|
|t:|1785944067
|switch|p1b: Alakazam|Alakazam, L50, M|100/100
|turn|3
|
|t:|1785944084
|detailschange|p1b: Alakazam|Alakazam-Mega, L50, M
|-mega|p1b: Alakazam|Alakazam|Alakazite
|-ability|p1b: Alakazam|Multiscale|Trace|[from] ability: Trace|[of] p2a: Dragonite
|move|p1b: Alakazam|Expanding Force|p2a: Dragonite|[spread] p2a,p2b
|-supereffective|p2b: Sneasler|2
|-damage|p2a: Dragonite|25/100
|-damage|p2b: Sneasler|0 fnt
|faint|p2b: Sneasler
|move|p1a: Aerodactyl|Rock Slide|p2a: Dragonite
|-supereffective|p2a: Dragonite|1
|-damage|p2a: Dragonite|0 fnt
|faint|p2a: Dragonite
|
|upkeep
|
|t:|1785944097
|switch|p2b: Basculegion|Basculegion, L50, M|100/100
|switch|p2a: Kingambit|Kingambit, L50, M|100/100
|turn|4
|inactive|betongs has 30 seconds left.
|inactive|EsperGaymer has 30 seconds left.
|
|t:|1785944123
|move|p2b: Basculegion|Aqua Jet|p1a: Aerodactyl
|-hint|Psychic Terrain doesn't affect airborne Pokémon.
|-supereffective|p1a: Aerodactyl|1
|-damage|p1a: Aerodactyl|0 fnt
|faint|p1a: Aerodactyl
|move|p1b: Alakazam|Shadow Ball|p2b: Basculegion
|-supereffective|p2b: Basculegion|1
|-damage|p2b: Basculegion|30/100
|-enditem|p2b: Basculegion|Sitrus Berry|[eat]
|-heal|p2b: Basculegion|55/100|[from] item: Sitrus Berry
|move|p2a: Kingambit|Kowtow Cleave|p1b: Alakazam
|-supereffective|p1b: Alakazam|1
|-crit|p1b: Alakazam
|-damage|p1b: Alakazam|0 fnt
|faint|p1b: Alakazam
|
|-sideend|p2: EsperGaymer|move: Tailwind
|upkeep
|
|t:|1785944138
|switch|p1a: Sneasler|Sneasler, L50, F|100/100
|turn|5
|
|t:|1785944148
|move|p2b: Basculegion|Protect|p2b: Basculegion
|-singleturn|p2b: Basculegion|Protect
|move|p1a: Sneasler|Rock Slide|p2b: Basculegion|[spread] p2a
|-activate|p2b: Basculegion|move: Protect
|-resisted|p2a: Kingambit|1
|-damage|p2a: Kingambit|91/100
|move|p2a: Kingambit|Iron Head|p1a: Sneasler
|-damage|p1a: Sneasler|18/100
|
|-sideend|p1: betongs|move: Tailwind
|-fieldend|move: Psychic Terrain
|upkeep
|turn|6
|
|t:|1785944164
|move|p2b: Basculegion|Aqua Jet|p1a: Sneasler
|-damage|p1a: Sneasler|0 fnt
|faint|p1a: Sneasler
|
|win|EsperGaymer
|l|☆betongs
|player|p1|
||betongs is ready for game 2.
||EsperGaymer is ready for game 2.
|uhtml|next|Next: Game 2 of 3
