|j|☆JTP2000
|j|☆junleg-098
|html|JTP2000junleg-098    
|uhtml|bestof|Game 1 of a best-of-3
|t:|1782622224
|gametype|doubles
|player|p1|JTP2000|raihan|1048
|player|p2|junleg-098|266|1078
|gen|9
|tier|[Gen 9 Champions] VGC 2026 Reg M-B (Bo3)
|rated|
|rule|Species Clause: Limit one of each Pokémon
|rule|Item Clause: Limit 1 of each item
|clearpoke
|poke|p1|Tyranitar, L50, M|
|poke|p1|Excadrill, L50, M|
|poke|p1|Dragapult, L50, M|
|poke|p1|Rotom-Wash, L50|
|poke|p1|Corviknight, L50, F, shiny|
|poke|p1|Clefable, L50, F|
|poke|p2|Grimmsnarl, L50, M|
|poke|p2|Swampert, L50, M|
|poke|p2|Pelipper, L50, M|
|poke|p2|Archaludon, L50, M|
|poke|p2|Sinistcha, L50|
|poke|p2|Metagross, L50|
|teampreview|4
|showteam|p1|Tyranitar||Tyranitarite|SandStream|RockSlide,KnockOff,LowKick,Protect|Adamant||M|||50|]Excadrill||FocusSash|SandRush|Earthquake,IronHead,RockSlide,Protect|Adamant||M|||50|]Dragapult||LifeOrb|Infiltrator|DracoMeteor,ShadowBall,Flamethrower,Protect|Timid||M|||50|]Rotom-Wash||SitrusBerry|Levitate|VoltSwitch,HydroPump,WillOWisp,Protect|Bold|||||50|]Corviknight||Leftovers|MirrorArmor|BulkUp,IronHead,BraveBird,Tailwind|Adamant||F|||50|]Clefable||MentalHerb|Unaware|AlluringVoice,LifeDew,FollowMe,Protect|Bold||F|||50|
|showteam|p2|Grimmsnarl||LightClay|Prankster|FoulPlay,PartingShot,Reflect,LightScreen|Calm||M|||50|]Swampert||Swampertite|Damp|WaveCrash,Earthquake,IcePunch,Protect|Adamant||M|||50|]Pelipper||SitrusBerry|Drizzle|Hurricane,WeatherBall,Tailwind,WideGuard|Modest||M|||50|]Archaludon||Leftovers|Stamina|ElectroShot,DragonPulse,FlashCannon,Protect|Modest||M|||50|]Sinistcha||CobaBerry|Hospitality|MatchaGotcha,RagePowder,TrickRoom,Protect|Relaxed|||||50|]Metagross||Metagrossite|ClearBody|IronHead,PsychicFangs,BodyPress,Protect|Jolly|||||50|
|
|t:|1782622255
|teamsize|p1|4
|teamsize|p2|4
|start
|switch|p1a: Mr. Electric|Rotom-Wash, L50|100/100
|switch|p1b: Aya Shameimaru|Corviknight, L50, F, shiny|100/100
|switch|p2a: Grimmsnarl|Grimmsnarl, L50, M|100/100
|switch|p2b: Swampert|Swampert, L50, M|100/100
|turn|1
|inactive|Battle timer is ON: inactive players will automatically lose when time's up. (requested by junleg-098)
|
|t:|1782622274
|switch|p2b: Pelipper|Pelipper, L50, M|100/100
|-weather|RainDance|[from] ability: Drizzle|[of] p2b: Pelipper
|move|p2a: Grimmsnarl|Light Screen|p2a: Grimmsnarl
|-sidestart|p2: junleg-098|move: Light Screen
|move|p1a: Mr. Electric|Will-O-Wisp|p2b: Pelipper
|-status|p2b: Pelipper|brn
|move|p1b: Aya Shameimaru|Tailwind|p1b: Aya Shameimaru
|-sidestart|p1: JTP2000|move: Tailwind
|
|-weather|RainDance|[upkeep]
|-damage|p2b: Pelipper|94/100 brn|[from] brn
|upkeep
|turn|2
|
|t:|1782622299
|switch|p2b: Archaludon|Archaludon, L50, M|100/100
|move|p1a: Mr. Electric|Will-O-Wisp|p2a: Grimmsnarl
|-status|p2a: Grimmsnarl|brn
|move|p1b: Aya Shameimaru|Bulk Up|p1b: Aya Shameimaru
|-boost|p1b: Aya Shameimaru|atk|1
|-boost|p1b: Aya Shameimaru|def|1
|move|p2a: Grimmsnarl|Foul Play|p1a: Mr. Electric
|-damage|p1a: Mr. Electric|91/100
|
|-weather|RainDance|[upkeep]
|-damage|p2a: Grimmsnarl|94/100 brn|[from] brn
|upkeep
|turn|3
|
|t:|1782622319
|move|p2a: Grimmsnarl|Reflect|p2a: Grimmsnarl
|-sidestart|p2: junleg-098|Reflect
|move|p1a: Mr. Electric|Will-O-Wisp|p2b: Archaludon
|-status|p2b: Archaludon|brn
|move|p1b: Aya Shameimaru|Iron Head|p2a: Grimmsnarl
|-supereffective|p2a: Grimmsnarl|1
|-damage|p2a: Grimmsnarl|34/100 brn
|move|p2b: Archaludon|Electro Shot||[still]
|-prepare|p2b: Archaludon|Electro Shot
|-boost|p2b: Archaludon|spa|1
|-anim|p2b: Archaludon|Electro Shot|p1b: Aya Shameimaru
|-supereffective|p1b: Aya Shameimaru|1
|-damage|p1b: Aya Shameimaru|2/100
|
|-weather|RainDance|[upkeep]
|-heal|p1b: Aya Shameimaru|8/100|[from] item: Leftovers
|-damage|p2b: Archaludon|93/100 brn|[from] brn
|-damage|p2a: Grimmsnarl|28/100 brn|[from] brn
|upkeep
|turn|4
|inactive|JTP2000 has 30 seconds left.
|
|t:|1782622351
|move|p2a: Grimmsnarl|Parting Shot|p1a: Mr. Electric
|-unboost|p1a: Mr. Electric|atk|1
|-unboost|p1a: Mr. Electric|spa|1
|
|t:|1782622362
|switch|p2a: Pelipper|Pelipper, L50, M|94/100 brn|[from] Parting Shot
|move|p1a: Mr. Electric|Volt Switch|p2a: Pelipper
|-supereffective|p2a: Pelipper|2
|-damage|p2a: Pelipper|36/100 brn
|-enditem|p2a: Pelipper|Sitrus Berry|[eat]
|-heal|p2a: Pelipper|61/100 brn|[from] item: Sitrus Berry
|
|t:|1782622365
|switch|p1a: Gurren|Tyranitar, L50, M|100/100|[from] Volt Switch
|-weather|Sandstorm|[from] ability: Sand Stream|[of] p1a: Gurren
|move|p1b: Aya Shameimaru|Iron Head|p2a: Pelipper
|-resisted|p2a: Pelipper|1
|-damage|p2a: Pelipper|46/100 brn
|move|p2b: Archaludon|Electro Shot||[still]
|-prepare|p2b: Archaludon|Electro Shot
|-boost|p2b: Archaludon|spa|1
|
|-weather|Sandstorm|[upkeep]
|-damage|p2a: Pelipper|40/100 brn|[from] Sandstorm
|-heal|p1b: Aya Shameimaru|14/100|[from] item: Leftovers
|-heal|p2b: Archaludon|100/100 brn|[from] item: Leftovers
|-damage|p2b: Archaludon|93/100 brn|[from] brn
|-damage|p2a: Pelipper|34/100 brn|[from] brn
|-sideend|p1: JTP2000|move: Tailwind
|upkeep
|turn|5
|
|t:|1782622386
|switch|p1b: Lagann|Excadrill, L50, M|100/100
|switch|p2a: Grimmsnarl|Grimmsnarl, L50, M|28/100 brn
|move|p2b: Archaludon|Electro Shot|p1b: Lagann|[from] lockedmove
|-immune|p1b: Lagann
|move|p1a: Gurren|Low Kick|p2b: Archaludon
|-supereffective|p2b: Archaludon|1
|-damage|p2b: Archaludon|63/100 brn
|-ability|p2b: Archaludon|Stamina|boost
|-boost|p2b: Archaludon|def|1
|
|-weather|Sandstorm|[upkeep]
|-damage|p2a: Grimmsnarl|22/100 brn|[from] Sandstorm
|-heal|p2b: Archaludon|69/100 brn|[from] item: Leftovers
|-damage|p2b: Archaludon|63/100 brn|[from] brn
|-damage|p2a: Grimmsnarl|16/100 brn|[from] brn
|upkeep
|turn|6
|inactive|JTP2000 has 30 seconds left.
|
|t:|1782622415
|switch|p2b: Pelipper|Pelipper, L50, M|34/100 brn
|-weather|RainDance|[from] ability: Drizzle|[of] p2b: Pelipper
|move|p1a: Gurren|Protect|p1a: Gurren
|-singleturn|p1a: Gurren|Protect
|move|p2a: Grimmsnarl|Parting Shot|p1b: Lagann
|-unboost|p1b: Lagann|atk|1
|-unboost|p1b: Lagann|spa|1
|
|t:|1782622423
|switch|p2a: Swampert|Swampert, L50, M|100/100|[from] Parting Shot
|move|p1b: Lagann|Earthquake|p2a: Swampert|[spread] p2a
|-activate|p1a: Gurren|move: Protect
|-immune|p2b: Pelipper
|-damage|p2a: Swampert|79/100
|
|-weather|RainDance|[upkeep]
|-damage|p2b: Pelipper|28/100 brn|[from] brn
|upkeep
|turn|7
|
|t:|1782622437
|switch|p1b: Mr. Electric|Rotom-Wash, L50|91/100
|detailschange|p1a: Gurren|Tyranitar-Mega, L50, M
|-mega|p1a: Gurren|Tyranitar|Tyranitarite
|-weather|Sandstorm|[from] ability: Sand Stream|[of] p1a: Gurren
|detailschange|p2a: Swampert|Swampert-Mega, L50, M
|-mega|p2a: Swampert|Swampert|Swampertite
|move|p1a: Gurren|Rock Slide|p2b: Pelipper|[spread] p2a
|-miss|p1a: Gurren|p2b: Pelipper
|-resisted|p2a: Swampert|1
|-damage|p2a: Swampert|68/100
|move|p2a: Swampert|Earthquake|p1b: Mr. Electric|[spread] p1a
|-immune|p2b: Pelipper
|-immune|p1b: Mr. Electric|[from] ability: Levitate
|-supereffective|p1a: Gurren|1
|-crit|p1a: Gurren
|-damage|p1a: Gurren|12/100
|move|p2b: Pelipper|Tailwind|p2b: Pelipper
|-sidestart|p2: junleg-098|move: Tailwind
|
|-weather|Sandstorm|[upkeep]
|-damage|p2b: Pelipper|22/100 brn|[from] Sandstorm
|-damage|p1b: Mr. Electric|85/100|[from] Sandstorm
|-damage|p2b: Pelipper|16/100 brn|[from] brn
|upkeep
|turn|8
|inactive|junleg-098 has 30 seconds left.
|
|t:|1782622464
|switch|p2b: Grimmsnarl|Grimmsnarl, L50, M|16/100 brn
|switch|p1a: Aya Shameimaru|Corviknight, L50, F, shiny|14/100
|move|p2a: Swampert|Earthquake|p1a: Aya Shameimaru|[spread] p2b
|-immune|p1a: Aya Shameimaru
|-immune|p1b: Mr. Electric|[from] ability: Levitate
|-damage|p2b: Grimmsnarl|0 fnt
|faint|p2b: Grimmsnarl
|move|p1b: Mr. Electric|Will-O-Wisp|p2a: Swampert|[miss]
|-miss|p1b: Mr. Electric|p2a: Swampert
|
|-weather|Sandstorm|[upkeep]
|-damage|p1b: Mr. Electric|80/100|[from] Sandstorm
|-heal|p1a: Aya Shameimaru|20/100r|[from] item: Leftovers
|-sideend|p2: junleg-098|move: Light Screen
|upkeep
|
|t:|1782622479
|switch|p2b: Pelipper|Pelipper, L50, M|16/100 brn
|-weather|RainDance|[from] ability: Drizzle|[of] p2b: Pelipper
|turn|9
|
|t:|1782622497
|switch|p2b: Archaludon|Archaludon, L50, M|63/100 brn
|move|p2a: Swampert|Wave Crash|p1a: Aya Shameimaru
|-damage|p1a: Aya Shameimaru|0 fnt
|faint|p1a: Aya Shameimaru
|-damage|p2a: Swampert|61/100|[from] Recoil
|move|p1b: Mr. Electric|Will-O-Wisp|p2a: Swampert
|-status|p2a: Swampert|brn
|
|-weather|RainDance|[upkeep]
|-heal|p2b: Archaludon|69/100 brn|[from] item: Leftovers
|-damage|p2a: Swampert|55/100 brn|[from] brn
|-damage|p2b: Archaludon|63/100 brn|[from] brn
|upkeep
|
|t:|1782622511
|switch|p1a: Gurren|Tyranitar-Mega, L50, M|12/100
|-weather|Sandstorm|[from] ability: Sand Stream|[of] p1a: Gurren
|turn|10
|
|t:|1782622533
|move|p1a: Gurren|Protect|p1a: Gurren
|-singleturn|p1a: Gurren|Protect
|move|p2b: Archaludon|Dragon Pulse|p1b: Mr. Electric
|-damage|p1b: Mr. Electric|33/100
|-enditem|p1b: Mr. Electric|Sitrus Berry|[eat]
|-heal|p1b: Mr. Electric|58/100|[from] item: Sitrus Berry
|move|p2a: Swampert|Wave Crash|p1a: Gurren
|-activate|p1a: Gurren|move: Protect
|move|p1b: Mr. Electric|Hydro Pump|p2a: Swampert
|-damage|p2a: Swampert|19/100 brn
|
|-weather|Sandstorm|[upkeep]
|-damage|p1b: Mr. Electric|52/100|[from] Sandstorm
|-heal|p2b: Archaludon|69/100 brn|[from] item: Leftovers
|-damage|p2b: Archaludon|63/100 brn|[from] brn
|-damage|p2a: Swampert|12/100 brn|[from] brn
|-sideend|p2: junleg-098|Reflect
|-sideend|p2: junleg-098|move: Tailwind
|upkeep
|turn|11
|inactive|JTP2000 has 30 seconds left.
|
|t:|1782622561
|switch|p1a: Lagann|Excadrill, L50, M|100/100
|switch|p2a: Pelipper|Pelipper, L50, M|16/100 brn
|-weather|RainDance|[from] ability: Drizzle|[of] p2a: Pelipper
|move|p1b: Mr. Electric|Protect|p1b: Mr. Electric
|-singleturn|p1b: Mr. Electric|Protect
|move|p2b: Archaludon|Electro Shot||[still]
|-prepare|p2b: Archaludon|Electro Shot
|-boost|p2b: Archaludon|spa|1
|-anim|p2b: Archaludon|Electro Shot|p1a: Lagann
|-immune|p1a: Lagann
|
|-weather|RainDance|[upkeep]
|-heal|p2b: Archaludon|69/100 brn|[from] item: Leftovers
|-damage|p2b: Archaludon|63/100 brn|[from] brn
|-damage|p2a: Pelipper|10/100 brn|[from] brn
|upkeep
|turn|12
|
|t:|1782622582
|switch|p2a: Swampert|Swampert-Mega, L50, M|12/100 brn
|move|p1a: Lagann|Rock Slide|p2b: Archaludon|[spread] p2a,p2b
|-resisted|p2a: Swampert|1
|-resisted|p2b: Archaludon|1
|-damage|p2a: Swampert|2/100 brn
|-damage|p2b: Archaludon|55/100 brn
|-ability|p2b: Archaludon|Stamina|boost
|-boost|p2b: Archaludon|def|1
|move|p2b: Archaludon|Dragon Pulse|p1b: Mr. Electric
|-damage|p1b: Mr. Electric|0 fnt
|faint|p1b: Mr. Electric
|
|-weather|RainDance|[upkeep]
|-heal|p2b: Archaludon|61/100 brn|[from] item: Leftovers
|-damage|p2a: Swampert|0 fnt|[from] brn
|faint|p2a: Swampert
|-damage|p2b: Archaludon|55/100 brn|[from] brn
|upkeep
|
|t:|1782622598
|switch|p1b: Gurren|Tyranitar-Mega, L50, M|12/100
|switch|p2a: Pelipper|Pelipper, L50, M|10/100 brn
|-weather|Sandstorm|[from] ability: Sand Stream|[of] p1b: Gurren
|-weather|RainDance|[from] ability: Drizzle|[of] p2a: Pelipper
|turn|13
|inactive|JTP2000 has 30 seconds left.
|inactive|junleg-098 has 30 seconds left.
|
|t:|1782622627
|move|p2a: Pelipper|Wide Guard|p2a: Pelipper
|-singleturn|p2a: Pelipper|Wide Guard
|move|p1a: Lagann|Rock Slide|p2a: Pelipper|[spread] 
|-activate|p2a: Pelipper|move: Wide Guard
|-activate|p2b: Archaludon|move: Wide Guard
|move|p1b: Gurren|Low Kick|p2b: Archaludon
|-supereffective|p2b: Archaludon|1
|-damage|p2b: Archaludon|20/100y brn
|-ability|p2b: Archaludon|Stamina|boost
|-boost|p2b: Archaludon|def|1
|move|p2b: Archaludon|Electro Shot||[still]
|-prepare|p2b: Archaludon|Electro Shot
|-boost|p2b: Archaludon|spa|1
|-anim|p2b: Archaludon|Electro Shot|p1b: Gurren
|-damage|p1b: Gurren|0 fnt
|faint|p1b: Gurren
|
|-weather|RainDance|[upkeep]
|-heal|p2b: Archaludon|26/100 brn|[from] item: Leftovers
|-damage|p2b: Archaludon|20/100y brn|[from] brn
|-damage|p2a: Pelipper|4/100 brn|[from] brn
|upkeep
|turn|14
|
|t:|1782622650
|move|p1a: Lagann|Protect|p1a: Lagann
|-singleturn|p1a: Lagann|Protect
|move|p2b: Archaludon|Dragon Pulse|p1a: Lagann
|-activate|p1a: Lagann|move: Protect
|move|p2a: Pelipper|Weather Ball|p1a: Lagann
|-activate|p1a: Lagann|move: Protect
|
|-weather|RainDance|[upkeep]
|-heal|p2b: Archaludon|26/100 brn|[from] item: Leftovers
|-damage|p2b: Archaludon|20/100y brn|[from] brn
|-damage|p2a: Pelipper|0 fnt|[from] brn
|faint|p2a: Pelipper
|upkeep
|turn|15
|
|t:|1782622654
|move|p1a: Lagann|Earthquake|p2b: Archaludon
|-supereffective|p2b: Archaludon|1
|-damage|p2b: Archaludon|0 fnt
|faint|p2b: Archaludon
|
|win|JTP2000
||JTP2000 is ready for game 2.
||junleg-098 is ready for game 2.
|uhtml|next|Next: Game 2 of 3
