|j|☆Vitor_hsaf
|j|☆x-3 demon
|html|Vitor_hsafx-3 demon    
|uhtml|bestof|Game 2 of a best-of-3
|t:|1757194489
|gametype|doubles
|player|p1|Vitor_hsaf|blue|1329
|player|p2|x-3 demon|boarder-gen2|1323
|gen|9
|tier|[Gen 9] VGC 2025 Reg H (Bo3)
|rated|
|rule|Species Clause: Limit one of each Pokémon
|rule|Item Clause: Limit 1 of each item
|clearpoke
|poke|p1|Volcarona, L50, F|
|poke|p1|Kingambit, L50, M|
|poke|p1|Basculegion, L50, M|
|poke|p1|Sneasler, L50, F|
|poke|p1|Weezing-Galar, L50, F|
|poke|p1|Dondozo, L50, F|
|poke|p2|Dragonite, L50, F|
|poke|p2|Sinistcha, L50|
|poke|p2|Ursaluna, L50, F|
|poke|p2|Gholdengo, L50|
|poke|p2|Incineroar, L50, F|
|poke|p2|Ninetales-Alola, L50, F|
|teampreview|4
|showteam|p1|Volcarona||CovertCloak|FlameBody|HeatWave,TeraBlast,QuiverDance,Protect|||F|||50|,,,,,Fairy]Kingambit||SafetyGoggles|Defiant|KowtowCleave,SuckerPunch,SwordsDance,Protect|||M|||50|,,,,,Dark]Basculegion||ChoiceScarf|Adaptability|AquaJet,WaveCrash,LastRespects,FlipTurn|||M|||50|,,,,,Water]Sneasler||FocusSash|PoisonTouch|CloseCombat,DireClaw,FakeOut,Coaching|||F|||50|,,,,,Ghost]Weezing-Galar||SitrusBerry|NeutralizingGas|Taunt,WillOWisp,StrangeSteam,Protect|||F|||50|,,,,,Fire]Dondozo||Leftovers|Unaware|Protect,Fissure,WaveCrash,Yawn|||F|||50|,,,,,Bug
|showteam|p2|Dragonite||LoadedDice|Multiscale|ScaleShot,Haze,Tailwind,Protect|||F|||50|,,,,,Fairy]Sinistcha||SitrusBerry|Hospitality|MatchaGotcha,LifeDew,RagePowder,TrickRoom||||||50|,,,,,Dark]Ursaluna||FlameOrb|Guts|HeadlongRush,Earthquake,Facade,Protect|||F|||50|,,,,,Ghost]Gholdengo||LifeOrb|GoodasGold|MakeItRain,ShadowBall,NastyPlot,Protect||||||50|,,,,,Water]Incineroar||AssaultVest|Intimidate|FlareBlitz,KnockOff,FakeOut,Uturn|||F|||50|,,,,,Grass]Ninetales-Alola||FocusSash|SnowWarning|IcyWind,FreezeDry,Encore,AuroraVeil|||F|||50|,,,,,Ghost
|inactive|Battle timer is ON: inactive players will automatically lose when time's up. (requested by Vitor_hsaf)
|inactive|x-3 demon has 60 seconds left.
|inactive|x-3 demon has 30 seconds left.
|
|t:|1757194556
|teamsize|p1|4
|teamsize|p2|4
|start
|switch|p1a: Sneasler|Sneasler, L50, F|100/100
|switch|p1b: Weezing|Weezing-Galar, L50, F|100/100
|switch|p2a: Dragonite|Dragonite, L50, F|100/100
|switch|p2b: Ursaluna|Ursaluna, L50, F, shiny|100/100
|-ability|p1b: Weezing|Neutralizing Gas
|turn|1
|inactive|Vitor_hsaf has 30 seconds left.
|inactive|x-3 demon has 30 seconds left.
|
|t:|1757194591
|switch|p1a: Kingambit|Kingambit, L50, M|100/100
|switch|p2b: Gholdengo|Gholdengo, L50|100/100
|move|p2a: Dragonite|Tailwind|p2a: Dragonite
|-sidestart|p2: x-3 demon|move: Tailwind
|move|p1b: Weezing|Strange Steam|p2a: Dragonite
|-supereffective|p2a: Dragonite
|-damage|p2a: Dragonite|43/100
|-start|p2a: Dragonite|confusion
|
|upkeep
|turn|2
|
|t:|1757194614
|switch|p2a: Incineroar|Incineroar, L50, F|100/100
|-terastallize|p2b: Gholdengo|Water
|-terastallize|p1b: Weezing|Fire
|move|p2b: Gholdengo|Nasty Plot|p2b: Gholdengo
|-boost|p2b: Gholdengo|spa|2
|move|p1b: Weezing|Strange Steam|p2a: Incineroar
|-damage|p2a: Incineroar|83/100
|move|p1a: Kingambit|Kowtow Cleave|p2b: Gholdengo
|-damage|p2b: Gholdengo|56/100
|
|upkeep
|turn|3
|inactive|x-3 demon has 30 seconds left.
|
|t:|1757194649
|move|p1a: Kingambit|Protect|p1a: Kingambit
|-singleturn|p1a: Kingambit|Protect
|move|p2b: Gholdengo|Shadow Ball|p1a: Kingambit
|-activate|p1a: Kingambit|move: Protect
|move|p2a: Incineroar|Flare Blitz|p1a: Kingambit
|-activate|p1a: Kingambit|move: Protect
|move|p1b: Weezing|Taunt|p2b: Gholdengo
|-start|p2b: Gholdengo|move: Taunt
|
|upkeep
|turn|4
|
|t:|1757194671
|-end|p1b: Weezing|ability: Neutralizing Gas
|-ability|p2a: Incineroar|Intimidate|boost
|-unboost|p1a: Kingambit|atk|1
|-ability|p1a: Kingambit|Defiant|boost
|-boost|p1a: Kingambit|atk|2
|-unboost|p1b: Weezing|atk|1
|switch|p1b: Basculegion|Basculegion, L50, M|100/100
|move|p1a: Kingambit|Sucker Punch|p2b: Gholdengo
|-damage|p2b: Gholdengo|0 fnt
|faint|p2b: Gholdengo
|move|p2a: Incineroar|Flare Blitz|p1a: Kingambit
|-supereffective|p1a: Kingambit
|-damage|p1a: Kingambit|15/100
|-damage|p2a: Incineroar|54/100|[from] Recoil
|
|-sideend|p2: x-3 demon|move: Tailwind
|upkeep
|
|t:|1757194694
|switch|p2b: Dragonite|Dragonite, L50, F|43/100
|turn|5
|inactive|x-3 demon has 30 seconds left.
|
|t:|1757194727
|move|p1b: Basculegion|Wave Crash|p2a: Incineroar
|-supereffective|p2a: Incineroar
|-damage|p2a: Incineroar|0 fnt
|faint|p2a: Incineroar
|-damage|p1b: Basculegion|83/100|[from] Recoil
|move|p2b: Dragonite|Tailwind|p2b: Dragonite
|-sidestart|p2: x-3 demon|move: Tailwind
|move|p1a: Kingambit|Kowtow Cleave|p2b: Dragonite
|-damage|p2b: Dragonite|0 fnt
|faint|p2b: Dragonite
|
|upkeep
|
|t:|1757194738
|switch|p2a: Ursaluna|Ursaluna, L50, F, shiny|100/100
|turn|6
|
|t:|1757194755
|switch|p1b: Weezing|Weezing-Galar, L50, F, tera:Fire|100/100
|-ability|p1b: Weezing|Neutralizing Gas
|move|p1a: Kingambit|Sucker Punch|p2a: Ursaluna
|-damage|p2a: Ursaluna|53/100
|move|p2a: Ursaluna|Earthquake|p1a: Kingambit|[spread] p1a,p1b
|-supereffective|p1a: Kingambit
|-supereffective|p1b: Weezing
|-damage|p1a: Kingambit|0 fnt
|-damage|p1b: Weezing|19/100
|-enditem|p1b: Weezing|Sitrus Berry|[eat]
|-heal|p1b: Weezing|44/100|[from] item: Sitrus Berry
|faint|p1a: Kingambit
|
|-status|p2a: Ursaluna|brn|[from] item: Flame Orb
|upkeep
|
|t:|1757194768
|switch|p1a: Sneasler|Sneasler, L50, F|100/100
|turn|7
|
|t:|1757194778
|move|p1a: Sneasler|Fake Out|p2a: Ursaluna
|-damage|p2a: Ursaluna|41/100 brn
|cant|p2a: Ursaluna|flinch
|move|p1b: Weezing|Strange Steam|p2a: Ursaluna
|-damage|p2a: Ursaluna|11/100 brn
|
|-damage|p2a: Ursaluna|5/100 brn|[from] brn
|upkeep
|turn|8
|
|t:|1757194786
|move|p1b: Weezing|Protect|p1b: Weezing
|-singleturn|p1b: Weezing|Protect
|move|p2a: Ursaluna|Earthquake|p1b: Weezing|[spread] p1a
|-activate|p1b: Weezing|move: Protect
|-supereffective|p1a: Sneasler
|-damage|p1a: Sneasler|17/100
|move|p1a: Sneasler|Coaching|p1b: Weezing
|-boost|p1b: Weezing|atk|1
|-boost|p1b: Weezing|def|1
|
|-damage|p2a: Ursaluna|0 fnt|[from] brn
|faint|p2a: Ursaluna
|
|win|Vitor_hsaf
|raw|Vitor_hsaf's rating: 1329 → 1349(+20 for winning)
|raw|x-3 demon's rating: 1323 → 1303(-20 for losing)
|c|☆x-3 demon|ggwp
|c|☆Vitor_hsaf|u2
