|j|☆x5414
|j|☆25th_mang
|html|x541425th_mang    
|uhtml|bestof|Game 3 of a best-of-3
|t:|1782457248
|gametype|doubles
|player|p1|x5414|102|1190
|player|p2|25th_mang|ballguy|1205
|gen|9
|tier|[Gen 9 Champions] VGC 2026 Reg M-B (Bo3)
|rated|
|rule|Species Clause: Limit one of each Pokémon
|rule|Item Clause: Limit 1 of each item
|clearpoke
|poke|p1|Pelipper, L50, F|
|poke|p1|Basculegion, L50, M|
|poke|p1|Incineroar, L50, F|
|poke|p1|Raichu, L50, M|
|poke|p1|Scizor, L50, M|
|poke|p1|Sinistcha, L50|
|poke|p2|Crabominable, L50, F|
|poke|p2|Farigiraf, L50, M|
|poke|p2|Incineroar, L50, F|
|poke|p2|Archaludon, L50, M|
|poke|p2|Pelipper, L50, M|
|poke|p2|Sinistcha, L50|
|teampreview|4
|showteam|p1|Pelipper||FocusSash|Drizzle|Hurricane,Tailwind,WeatherBall,Protect|Timid||F|||50|]Basculegion||ChoiceScarf|Adaptability|FlipTurn,LastRespects,WaveCrash,AquaJet|Jolly||M|||50|]Incineroar||SitrusBerry|Intimidate|FlareBlitz,PartingShot,FakeOut,DarkestLariat|Relaxed||F|||50|]Raichu||RaichuniteY|LightningRod|Encore,FocusBlast,ZapCannon,Protect|Timid||M|||50|]Scizor||Leftovers|Technician|Curse,Protect,BugBite,BulletPunch|Adamant||M|||50|]Sinistcha||OccaBerry|Hospitality|MatchaGotcha,RagePowder,TrickRoom,LifeDew|Sassy|||||50|
|showteam|p2|Crabominable||Crabominite|HyperCutter|IceHammer,DrainPunch,Protect,ThunderPunch|Brave||F|||50|]Farigiraf||MentalHerb|ArmorTail|TrickRoom,Psychic,HyperVoice,HelpingHand|Relaxed||M|||50|]Incineroar||Charcoal|Intimidate|FakeOut,FlareBlitz,Assurance,Snarl|Adamant||F|||50|]Archaludon||Leftovers|Stamina|ElectroShot,AuraSphere,FlashCannon,Protect|Quiet||M|||50|]Pelipper||SharpBeak|Drizzle|Hurricane,WeatherBall,WideGuard,Protect|Modest||M|||50|]Sinistcha||SitrusBerry|Hospitality|MatchaGotcha,RagePowder,LifeDew,TrickRoom|Relaxed|||||50|
|inactive|Battle timer is ON: inactive players will automatically lose when time's up. (requested by 25th_mang)
|
|t:|1782457276
|teamsize|p1|4
|teamsize|p2|4
|start
|switch|p1a: Incineroar|Incineroar, L50, F|100/100
|switch|p1b: Raichu|Raichu, L50, M|100/100
|switch|p2a: Stup!b|Pelipper, L50, M|100/100
|switch|p2b: Doomscroll|Archaludon, L50, M|100/100
|-weather|RainDance|[from] ability: Drizzle|[of] p2a: Stup!b
|-ability|p1a: Incineroar|Intimidate|boost
|-unboost|p2a: Stup!b|atk|1
|-unboost|p2b: Doomscroll|atk|1
|turn|1
|
|t:|1782457299
|switch|p2a: My1stFlip|Farigiraf, L50, M|100/100
|detailschange|p1b: Raichu|Raichu-Mega-Y, L50, M
|-mega|p1b: Raichu|Raichu|Raichunite Y
|move|p1a: Incineroar|Fake Out||[still]
|cant|p2a: My1stFlip|ability: Armor Tail|Fake Out|[of] p1a: Incineroar
|move|p1b: Raichu|Focus Blast|p2b: Doomscroll
|-supereffective|p2b: Doomscroll|1
|-damage|p2b: Doomscroll|10/100
|-ability|p2b: Doomscroll|Stamina|boost
|-boost|p2b: Doomscroll|def|1
|move|p2b: Doomscroll|Electro Shot||[still]
|-prepare|p2b: Doomscroll|Electro Shot
|-boost|p2b: Doomscroll|spa|1
|-anim|p2b: Doomscroll|Electro Shot|p1a: Incineroar
|-damage|p1a: Incineroar|53/100
|
|-weather|RainDance|[upkeep]
|-heal|p2b: Doomscroll|16/100|[from] item: Leftovers
|upkeep
|turn|2
|inactive|25th_mang has 30 seconds left.
|
|t:|1782457329
|move|p2b: Doomscroll|Protect|p2b: Doomscroll
|-singleturn|p2b: Doomscroll|Protect
|move|p1b: Raichu|Zap Cannon|p2b: Doomscroll
|-activate|p2b: Doomscroll|move: Protect
|move|p1a: Incineroar|Darkest Lariat|p2a: My1stFlip
|-supereffective|p2a: My1stFlip|1
|-damage|p2a: My1stFlip|44/100
|move|p2a: My1stFlip|Trick Room|p2a: My1stFlip
|-fieldstart|move: Trick Room|[of] p2a: My1stFlip
|
|-weather|RainDance|[upkeep]
|-heal|p2b: Doomscroll|22/100|[from] item: Leftovers
|upkeep
|turn|3
|inactive|25th_mang has 30 seconds left.
|
|t:|1782457356
|switch|p2a: My Direction|Sinistcha, L50|100/100
|-heal|p2b: Doomscroll|47/100|[from] ability: Hospitality|[of] p2a: My Direction
|move|p1a: Incineroar|Darkest Lariat|p2b: Doomscroll
|-crit|p2b: Doomscroll
|-damage|p2b: Doomscroll|13/100
|-ability|p2b: Doomscroll|Stamina|boost
|-boost|p2b: Doomscroll|def|1
|move|p2b: Doomscroll|Aura Sphere|p1a: Incineroar
|-supereffective|p1a: Incineroar|1
|-damage|p1a: Incineroar|0 fnt
|faint|p1a: Incineroar
|move|p1b: Raichu|Zap Cannon|p2b: Doomscroll
|-resisted|p2b: Doomscroll|1
|-crit|p2b: Doomscroll
|-damage|p2b: Doomscroll|0 fnt
|faint|p2b: Doomscroll
|
|-weather|RainDance|[upkeep]
|upkeep
|
|t:|1782457374
|switch|p1a: Scizor|Scizor, L50, M|100/100
|switch|p2b: Stup!b|Pelipper, L50, M|100/100
|turn|4
|
|t:|1782457381
|move|p1b: Raichu|Protect|p1b: Raichu
|-singleturn|p1b: Raichu|Protect
|move|p2a: My Direction|Matcha Gotcha|p1a: Scizor|[spread] p1a
|-activate|p1b: Raichu|move: Protect
|-resisted|p1a: Scizor|2
|-damage|p1a: Scizor|92/100
|move|p1a: Scizor|Bug Bite|p2a: My Direction
|-damage|p2a: My Direction|56/100
|-enditem|p2a: My Direction|Sitrus Berry|[from] stealeat|[move] Bug Bite|[of] p1a: Scizor
|-heal|p1a: Scizor|100/100|[from] item: Sitrus Berry
|move|p2b: Stup!b|Weather Ball|p1b: Raichu
|-activate|p1b: Raichu|move: Protect
|
|-weather|RainDance|[upkeep]
|upkeep
|turn|5
|
|t:|1782457406
|move|p2a: My Direction|Matcha Gotcha|p1a: Scizor|[spread] p1a,p1b
|-resisted|p1a: Scizor|2
|-crit|p1b: Raichu
|-damage|p1a: Scizor|93/100
|-heal|p2a: My Direction|59/100|[from] drain|[of] p1a: Scizor
|-damage|p1b: Raichu|44/100
|-heal|p2a: My Direction|80/100|[from] drain|[of] p1b: Raichu
|move|p2b: Stup!b|Weather Ball|p1b: Raichu
|-damage|p1b: Raichu|0 fnt
|faint|p1b: Raichu
|move|p1a: Scizor|Curse|p1a: Scizor
|-unboost|p1a: Scizor|spe|1
|-boost|p1a: Scizor|atk|1
|-boost|p1a: Scizor|def|1
|
|-weather|none
|-heal|p1a: Scizor|99/100|[from] item: Leftovers
|upkeep
|
|t:|1782457409
|switch|p1b: Basculegion|Basculegion, L50, M|100/100
|turn|6
|
|t:|1782457431
|switch|p2b: My1stFlip|Farigiraf, L50, M|44/100
|move|p1b: Basculegion|Aqua Jet||[still]
|cant|p2b: My1stFlip|ability: Armor Tail|Aqua Jet|[of] p1b: Basculegion
|move|p1a: Scizor|Bug Bite|p2a: My Direction
|-damage|p2a: My Direction|17/100
|move|p2a: My Direction|Matcha Gotcha|p1b: Basculegion|[spread] p1a,p1b
|-resisted|p1a: Scizor|2
|-supereffective|p1b: Basculegion|1
|-damage|p1a: Scizor|92/100
|-heal|p2a: My Direction|21/100|[from] drain|[of] p1a: Scizor
|-damage|p1b: Basculegion|46/100
|-heal|p2a: My Direction|50/100g|[from] drain|[of] p1b: Basculegion
|
|-heal|p1a: Scizor|98/100|[from] item: Leftovers
|-fieldend|move: Trick Room
|upkeep
|turn|7
|
|t:|1782457453
|move|p2b: My1stFlip|Helping Hand|p2a: My Direction
|-singleturn|p2a: My Direction|Helping Hand|[of] p2b: My1stFlip
|move|p1b: Basculegion|Aqua Jet||[still]
|cant|p2b: My1stFlip|ability: Armor Tail|Aqua Jet|[of] p1b: Basculegion
|move|p2a: My Direction|Matcha Gotcha|p1a: Scizor|[spread] 
|-miss|p2a: My Direction|p1a: Scizor
|-miss|p2a: My Direction|p1b: Basculegion
|move|p1a: Scizor|Bug Bite|p2a: My Direction
|-damage|p2a: My Direction|0 fnt
|faint|p2a: My Direction
|
|-heal|p1a: Scizor|100/100|[from] item: Leftovers
|upkeep
|
|t:|1782457466
|switch|p2a: Stup!b|Pelipper, L50, M|100/100
|-weather|RainDance|[from] ability: Drizzle|[of] p2a: Stup!b
|turn|8
|
|t:|1782457476
|move|p2b: My1stFlip|Helping Hand|p2a: Stup!b
|-singleturn|p2a: Stup!b|Helping Hand|[of] p2b: My1stFlip
|move|p1b: Basculegion|Aqua Jet||[still]
|cant|p2b: My1stFlip|ability: Armor Tail|Aqua Jet|[of] p1b: Basculegion
|move|p2a: Stup!b|Weather Ball|p1a: Scizor
|-damage|p1a: Scizor|0 fnt
|faint|p1a: Scizor
|
|-weather|RainDance|[upkeep]
|upkeep
|turn|9
|-message|x5414 forfeited.
|
|win|25th_mang
|raw|x5414's rating: 1190 → 1166(-24 for losing)
|raw|25th_mang's rating: 1205 → 1229(+24 for winning)
|l|☆x5414
|player|p1|
|l|☆25th_mang
|player|p2|
|j|☆25th_mang
|player|p2|25th_mang|ballguy|
