|j|☆Siddharth42c
|j|☆WestyLiam
|html|Siddharth42cWestyLiam    
|uhtml|bestof|Game 1 of a best-of-3
|t:|1756999660
|gametype|doubles
|player|p1|Siddharth42c|102|1270
|player|p2|WestyLiam|169|1420
|gen|9
|tier|[Gen 9] VGC 2025 Reg H (Bo3)
|rated|
|rule|Species Clause: Limit one of each Pokémon
|rule|Item Clause: Limit 1 of each item
|clearpoke
|poke|p1|Porygon2, L50|
|poke|p1|Incineroar, L50, M|
|poke|p1|Gholdengo, L50|
|poke|p1|Rillaboom, L50, F|
|poke|p1|Primarina, L50, M|
|poke|p1|Sneasler, L50, M|
|poke|p2|Garchomp, L50, M|
|poke|p2|Jumpluff, L50, M|
|poke|p2|Torkoal, L50, F|
|poke|p2|Dragonite, L50, M|
|poke|p2|Kingambit, L50, F|
|poke|p2|Typhlosion-Hisui, L50, M|
|teampreview|4
|showteam|p1|Porygon2||Eviolite|Download|IceBeam,TeraBlast,Recover,TrickRoom||||||50|,,,,,Fighting]Incineroar||SafetyGoggles|Intimidate|FakeOut,KnockOff,FlareBlitz,PartingShot|||M|||50|,,,,,Ghost]Gholdengo||LifeOrb|GoodasGold|MakeItRain,ShadowBall,NastyPlot,Protect||||||50|,,,,,Dragon]Rillaboom||AssaultVest|GrassySurge|WoodHammer,GrassyGlide,FakeOut,Uturn|||F|||50|,,,,,Fire]Primarina||ThroatSpray|LiquidVoice|HyperVoice,Moonblast,Haze,Protect|||M|||50|,,,,,Poison]Sneasler||FocusSash|PoisonTouch|DireClaw,CloseCombat,FakeOut,Protect|||M|||50|,,,,,Stellar
|showteam|p2|Garchomp||LifeOrb|RoughSkin|DragonClaw,StompingTantrum,Earthquake,Protect|||M|||50|,,,,,Fairy]Jumpluff||CovertCloak|Chlorophyll|LeafStorm,SleepPowder,Encore,Tailwind|||M|||50|,,,,,Poison]Torkoal||EjectPack|Drought|Overheat,BurningJealousy,HelpingHand,Protect|||F|||50|,,,,,Flying]Dragonite||LoadedDice|Multiscale|ScaleShot,ExtremeSpeed,IceSpinner,Protect|||M|||50|,,,,,Fairy]Kingambit||AssaultVest|Defiant|IronHead,SuckerPunch,Assurance,LowKick|||F|||50|,,,,,Flying]Typhlosion-Hisui||ChoiceSpecs|Blaze|Eruption,ShadowBall,HeatWave,Overheat|||M|||50|,,,,,Fire
|inactive|Battle timer is ON: inactive players will automatically lose when time's up. (requested by Siddharth42c)
|inactive|Siddharth42c has 60 seconds left.
|inactive|WestyLiam has 60 seconds left.
|inactive|WestyLiam has 30 seconds left.
|
|t:|1756999722
|teamsize|p1|4
|teamsize|p2|4
|start
|switch|p1a: Incineroar|Incineroar, L50, M|100/100
|switch|p1b: Sneasler|Sneasler, L50, M|100/100
|switch|p2a: Torkoal|Torkoal, L50, F|100/100
|switch|p2b: Typhlosion|Typhlosion-Hisui, L50, M|100/100
|-ability|p1a: Incineroar|Intimidate|boost
|-unboost|p2a: Torkoal|atk|1
|-unboost|p2b: Typhlosion|atk|1
|-weather|SunnyDay|[from] ability: Drought|[of] p2a: Torkoal
|-enditem|p2a: Torkoal|Eject Pack
|
|t:|1756999727
|switch|p2a: Garchomp|Garchomp, L50, M|100/100
|turn|1
|
|t:|1756999742
|move|p1b: Sneasler|Protect|p1b: Sneasler
|-singleturn|p1b: Sneasler|Protect
|move|p2a: Garchomp|Stomping Tantrum|p1a: Incineroar
|-supereffective|p1a: Incineroar
|-damage|p1a: Incineroar|11/100
|-damage|p2a: Garchomp|91/100|[from] item: Life Orb
|move|p2b: Typhlosion|Eruption|p1b: Sneasler|[spread] p1a
|-activate|p1b: Sneasler|move: Protect
|-resisted|p1a: Incineroar
|-damage|p1a: Incineroar|0 fnt
|faint|p1a: Incineroar
|
|-weather|SunnyDay|[upkeep]
|upkeep
|
|t:|1756999753
|switch|p1a: Porygon2|Porygon2, L50|100/100
|-ability|p1a: Porygon2|Download|boost
|-boost|p1a: Porygon2|spa|1
|turn|2
|
|t:|1756999760
|move|p1b: Sneasler|Dire Claw|p2b: Typhlosion
|-resisted|p2b: Typhlosion
|-damage|p2b: Typhlosion|72/100
|-status|p2b: Typhlosion|slp
|move|p2a: Garchomp|Dragon Claw|p1a: Porygon2
|-damage|p1a: Porygon2|65/100
|-damage|p2a: Garchomp|81/100|[from] item: Life Orb
|cant|p2b: Typhlosion|slp
|move|p1a: Porygon2|Trick Room|p1a: Porygon2
|-fieldstart|move: Trick Room|[of] p1a: Porygon2
|
|-weather|SunnyDay|[upkeep]
|upkeep
|turn|3
|
|t:|1756999777
|switch|p2b: Kingambit|Kingambit, L50, F|100/100
|switch|p2a: Torkoal|Torkoal, L50, F|100/100
|-terastallize|p1b: Sneasler|Stellar
|move|p1a: Porygon2|Ice Beam|p2a: Torkoal
|-resisted|p2a: Torkoal
|-damage|p2a: Torkoal|74/100
|move|p1b: Sneasler|Dire Claw|p2a: Torkoal
|-damage|p2a: Torkoal|28/100
|
|-weather|SunnyDay|[upkeep]
|upkeep
|turn|4
|
|t:|1756999794
|-terastallize|p2b: Kingambit|Flying
|move|p2a: Torkoal|Overheat|p1a: Porygon2
|-damage|p1a: Porygon2|13/100
|-unboost|p2a: Torkoal|spa|2
|move|p1a: Porygon2|Tera Blast|p2a: Torkoal
|-damage|p2a: Torkoal|0 fnt
|faint|p2a: Torkoal
|move|p2b: Kingambit|Iron Head|p1a: Porygon2
|-damage|p1a: Porygon2|0 fnt
|faint|p1a: Porygon2
|move|p1b: Sneasler|Close Combat|p2b: Kingambit
|-resisted|p2b: Kingambit
|-damage|p2b: Kingambit|66/100
|-unboost|p1b: Sneasler|def|1
|-unboost|p1b: Sneasler|spd|1
|
|-weather|SunnyDay|[upkeep]
|upkeep
|
|t:|1756999808
|switch|p2a: Garchomp|Garchomp, L50, M|81/100
|switch|p1a: Primarina|Primarina, L50, M|100/100
|turn|5
|
|t:|1756999821
|move|p1a: Primarina|Moonblast|p2a: Garchomp
|-supereffective|p2a: Garchomp
|-damage|p2a: Garchomp|0 fnt
|faint|p2a: Garchomp
|move|p2b: Kingambit|Iron Head|p1a: Primarina
|-damage|p1a: Primarina|50/100
|move|p1b: Sneasler|Dire Claw|p2b: Kingambit
|-damage|p2b: Kingambit|31/100
|-status|p2b: Kingambit|slp
|
|-weather|none
|upkeep
|
|t:|1756999823
|switch|p2a: Typhlosion|Typhlosion-Hisui, L50, M|72/100 slp
|turn|6
|-message|WestyLiam forfeited.
|
|win|Siddharth42c
||WestyLiam is ready for game 2.
|inactive|Siddharth42c has 30 seconds to confirm battle start!
||Siddharth42c is ready for game 2.
|uhtml|next|Next: Game 2 of 3
|l|☆Siddharth42c
|player|p1|
