|j|☆efwefwefwefweifier
|j|☆A Regu1ar Guy
|html|efwefwefwefweifierA Regu1ar Guy    
|uhtml|bestof|Game 1 of a best-of-3
|t:|1757755981
|gametype|doubles
|player|p1|efwefwefwefweifier|juan|1350
|player|p2|A Regu1ar Guy|elesa|1410
|gen|9
|tier|[Gen 9] VGC 2025 Reg H (Bo3)
|rated|
|rule|Species Clause: Limit one of each Pokémon
|rule|Item Clause: Limit 1 of each item
|clearpoke
|poke|p1|Annihilape, L50, M|
|poke|p1|Primarina, L50, M|
|poke|p1|Talonflame, L50, M|
|poke|p1|Rillaboom, L50, F|
|poke|p1|Incineroar, L50, F|
|poke|p1|Gholdengo, L50|
|poke|p2|Volcarona, L50, F|
|poke|p2|Rillaboom, L50, M|
|poke|p2|Tauros-Paldea-Aqua, L50, M|
|poke|p2|Tyranitar, L50, F|
|poke|p2|Annihilape, L50, F|
|poke|p2|Dragonite, L50, F|
|teampreview|4
|showteam|p1|Annihilape||SafetyGoggles|Defiant|DrainPunch,RageFist,BulkUp,Protect|||M|||50|,,,,,Fire]Primarina||LifeOrb|LiquidVoice|Moonblast,HyperVoice,Haze,Protect|||M|||50|,,,,,Poison]Talonflame||CovertCloak|GaleWings|BraveBird,Tailwind,WillOWisp,Taunt|||M|||50|,,,,,Dark]Rillaboom||AssaultVest|GrassySurge|WoodHammer,GrassyGlide,Uturn,FakeOut|||F|||50|,,,,,Fire]Incineroar||SitrusBerry|Intimidate|FlareBlitz,KnockOff,FakeOut,PartingShot|||F|||50|,,,,,Ghost]Gholdengo||ChoiceSpecs|GoodasGold|MakeItRain,ShadowBall,PowerGem,Trick||||||50|,,,,,Steel
|showteam|p2|Volcarona||GrassySeed|FlameBody|HeatWave,GigaDrain,QuiverDance,Protect|||F|||50|,,,,,Grass]Rillaboom||MiracleSeed|GrassySurge|WoodHammer,GrassyGlide,FakeOut,HighHorsepower|||M|||50|,,,,,Fire]Tauros-Paldea-Aqua||MirrorHerb|Intimidate|WaveCrash,AquaJet,CloseCombat,Protect|||M|||50|,,,,,Water]Tyranitar||AssaultVest|SandStream|RockSlide,KnockOff,TeraBlast,LowKick|||F|||50|,,,,,Flying]Annihilape||SafetyGoggles|Defiant|CloseCombat,RageFist,Taunt,FinalGambit|||F|||50|,,,,,Water]Dragonite||LoadedDice|Multiscale|ScaleShot,Haze,Tailwind,Protect|||F|||50|,,,,,Fairy
|inactive|Battle timer is ON: inactive players will automatically lose when time's up. (requested by efwefwefwefweifier)
|j| dh6u5s
|l| dh6u5s
|inactive|efwefwefwefweifier has 60 seconds left.
|inactive|A Regu1ar Guy has 60 seconds left.
|
|t:|1757756040
|teamsize|p1|4
|teamsize|p2|4
|start
|switch|p1a: Talonflame|Talonflame, L50, M|100/100
|switch|p1b: Primarina|Primarina, L50, M|100/100
|switch|p2a: Rillaboom|Rillaboom, L50, M|100/100
|switch|p2b: Tauros|Tauros-Paldea-Aqua, L50, M|100/100
|-ability|p2b: Tauros|Intimidate|boost
|-unboost|p1a: Talonflame|atk|1
|-unboost|p1b: Primarina|atk|1
|-fieldstart|move: Grassy Terrain|[from] ability: Grassy Surge|[of] p2a: Rillaboom
|turn|1
|
|t:|1757756061
|-terastallize|p2b: Tauros|Water
|-terastallize|p1b: Primarina|Poison
|move|p2b: Tauros|Aqua Jet|p1a: Talonflame
|-supereffective|p1a: Talonflame
|-damage|p1a: Talonflame|25/100
|move|p2a: Rillaboom|Grassy Glide|p1a: Talonflame
|-resisted|p1a: Talonflame
|-damage|p1a: Talonflame|8/100
|move|p1a: Talonflame|Will-O-Wisp|p2a: Rillaboom
|-status|p2a: Rillaboom|brn
|move|p1b: Primarina|Moonblast|p2b: Tauros
|-damage|p2b: Tauros|11/100
|-damage|p1b: Primarina|91/100|[from] item: Life Orb
|
|-heal|p2b: Tauros|16/100|[from] Grassy Terrain
|-heal|p1b: Primarina|97/100|[from] Grassy Terrain
|-damage|p2a: Rillaboom|94/100 brn|[from] brn
|upkeep
|turn|2
|
|t:|1757756084
|move|p2b: Tauros|Aqua Jet|p1a: Talonflame
|-supereffective|p1a: Talonflame
|-damage|p1a: Talonflame|0 fnt
|faint|p1a: Talonflame
|move|p2a: Rillaboom|High Horsepower|p1b: Primarina
|-supereffective|p1b: Primarina
|-damage|p1b: Primarina|61/100
|move|p1b: Primarina|Hyper Voice|p2a: Rillaboom|[spread] p2a,p2b
|-resisted|p2a: Rillaboom
|-resisted|p2b: Tauros
|-damage|p2a: Rillaboom|71/100 brn
|-damage|p2b: Tauros|0 fnt
|faint|p2b: Tauros
|-damage|p1b: Primarina|52/100|[from] item: Life Orb
|
|-heal|p2a: Rillaboom|77/100 brn|[from] Grassy Terrain
|-heal|p1b: Primarina|58/100|[from] Grassy Terrain
|-damage|p2a: Rillaboom|71/100 brn|[from] brn
|upkeep
|
|t:|1757756097
|switch|p1a: Gholdengo|Gholdengo, L50|100/100
|switch|p2b: Volcarona|Volcarona, L50, F, shiny|100/100
|-enditem|p2b: Volcarona|Grassy Seed
|-boost|p2b: Volcarona|def|1|[from] item: Grassy Seed
|turn|3
|
|t:|1757756108
|move|p1a: Gholdengo|Power Gem|p2b: Volcarona
|-supereffective|p2b: Volcarona
|-damage|p2b: Volcarona|0 fnt
|faint|p2b: Volcarona
|move|p2a: Rillaboom|High Horsepower|p1b: Primarina
|-supereffective|p1b: Primarina
|-damage|p1b: Primarina|17/100
|move|p1b: Primarina|Moonblast|p2a: Rillaboom
|-damage|p2a: Rillaboom|0 fnt
|faint|p2a: Rillaboom
|-damage|p1b: Primarina|7/100|[from] item: Life Orb
|
|-heal|p1b: Primarina|13/100|[from] Grassy Terrain
|upkeep
|
|t:|1757756112
|switch|p2b: Tyranitar|Tyranitar, L50, F|100/100
|-weather|Sandstorm|[from] ability: Sand Stream|[of] p2b: Tyranitar
|turn|4
|
|t:|1757756133
|switch|p1a: Go! Rilla|Rillaboom, L50, F|100/100
|move|p1b: Primarina|Protect|p1b: Primarina
|-singleturn|p1b: Primarina|Protect
|move|p2b: Tyranitar|Rock Slide|p1a: Go! Rilla|[spread] p1a
|-activate|p1b: Primarina|move: Protect
|-damage|p1a: Go! Rilla|72/100
|
|-weather|Sandstorm|[upkeep]
|-damage|p1a: Go! Rilla|66/100|[from] Sandstorm
|-damage|p1b: Primarina|7/100|[from] Sandstorm
|-heal|p1a: Go! Rilla|72/100|[from] Grassy Terrain
|-heal|p1b: Primarina|13/100|[from] Grassy Terrain
|upkeep
|turn|5
|
|t:|1757756148
|move|p1a: Go! Rilla|Fake Out|p2b: Tyranitar
|-resisted|p2b: Tyranitar
|-damage|p2b: Tyranitar|95/100
|cant|p2b: Tyranitar|flinch
|move|p1b: Primarina|Moonblast|p2b: Tyranitar
|-supereffective|p2b: Tyranitar
|-damage|p2b: Tyranitar|40/100
|-damage|p1b: Primarina|4/100|[from] item: Life Orb
|
|-weather|Sandstorm|[upkeep]
|-damage|p1a: Go! Rilla|66/100|[from] Sandstorm
|-damage|p1b: Primarina|0 fnt|[from] Sandstorm
|faint|p1b: Primarina
|-heal|p1a: Go! Rilla|72/100|[from] Grassy Terrain
|-heal|p2b: Tyranitar|46/100|[from] Grassy Terrain
|-fieldend|move: Grassy Terrain
|upkeep
|
|t:|1757756163
|switch|p1b: Gholdengo|Gholdengo, L50|100/100
|turn|6
|-message|A Regu1ar Guy forfeited.
|
|win|efwefwefwefweifier
||A Regu1ar Guy is ready for game 2.
||efwefwefwefweifier is ready for game 2.
|uhtml|next|Next: Game 2 of 3
|l|☆A Regu1ar Guy
|player|p2|
