|j|☆kyzito
|j|☆sebtct
|html|kyzitosebtct    
|uhtml|bestof|Game 1 of a best-of-3
|t:|1782339244
|gametype|doubles
|player|p1|kyzito|byron|1207
|player|p2|sebtct|101|1152
|gen|9
|tier|[Gen 9 Champions] VGC 2026 Reg M-B (Bo3)
|rated|
|rule|Species Clause: Limit one of each Pokémon
|rule|Item Clause: Limit 1 of each item
|clearpoke
|poke|p1|Swampert, L50, F|
|poke|p1|Pelipper, L50, F|
|poke|p1|Archaludon, L50, M|
|poke|p1|Scrafty, L50, F|
|poke|p1|Farigiraf, L50, F|
|poke|p1|Sylveon, L50, M|
|poke|p2|Raichu, L50, M|
|poke|p2|Basculegion, L50, M|
|poke|p2|Incineroar, L50, M|
|poke|p2|Sinistcha-Masterpiece, L50|
|poke|p2|Mawile, L50, F|
|poke|p2|Pelipper, L50, M|
|teampreview|4
|showteam|p1|Swampert||Swampertite|Torrent|Protect,WaveCrash,Liquidation,HighHorsepower|Adamant||F|||50|]Pelipper||SitrusBerry|Drizzle|WideGuard,Tailwind,WeatherBall,Hurricane|Modest||F|||50|]Archaludon||Leftovers|Stamina|Protect,ElectroShot,DragonPulse,FlashCannon|Calm||M|||50|]Scrafty||Scraftinite|Intimidate|FakeOut,DrainPunch,ThroatChop,BulkUp|Adamant||F|||50|]Farigiraf||TwistedSpoon|ArmorTail|Roar,TrickRoom,TwinBeam,Protect|Modest||F|||50|]Sylveon||LifeOrb|Pixilate|HyperVoice,HyperBeam,QuickAttack,Detect|Modest||M|||50|
|showteam|p2|Raichu||RaichuniteY|LightningRod|ZapCannon,VoltSwitch,FocusBlast,Protect|Timid||M|||50|]Basculegion||ChoiceScarf|Adaptability|AquaJet,WaveCrash,LastRespects,FlipTurn|Jolly||M|||50|]Incineroar||SitrusBerry|Intimidate|FakeOut,FlareBlitz,DarkestLariat,PartingShot|Adamant||M|||50|]Sinistcha-Masterpiece||OccaBerry|Hospitality|MatchaGotcha,RagePowder,ShadowBall,TrickRoom|Sassy|||||50|]Mawile||Mawilite|Intimidate|IronHead,PlayRough,SuckerPunch,Protect|Brave||F|||50|]Pelipper||FocusSash|Drizzle|WeatherBall,Hurricane,Tailwind,Protect|Timid||M|||50|
|inactive|Battle timer is ON: inactive players will automatically lose when time's up. (requested by sebtct)
|
|t:|1782339272
|teamsize|p1|4
|teamsize|p2|4
|start
|switch|p1a: Farigiraf|Farigiraf, L50, F|100/100
|switch|p1b: Scrafty|Scrafty, L50, F|100/100
|switch|p2a: Incineroar|Incineroar, L50, M|100/100
|switch|p2b: Pelipper|Pelipper, L50, M|100/100
|-weather|RainDance|[from] ability: Drizzle|[of] p2b: Pelipper
|-ability|p2a: Incineroar|Intimidate|boost
|-unboost|p1a: Farigiraf|atk|1
|-unboost|p1b: Scrafty|atk|1
|-ability|p1b: Scrafty|Intimidate|boost
|-unboost|p2a: Incineroar|atk|1
|-unboost|p2b: Pelipper|atk|1
|turn|1
|
|t:|1782339288
|move|p1b: Scrafty|Fake Out|p2b: Pelipper
|-damage|p2b: Pelipper|89/100
|cant|p2b: Pelipper|flinch
|move|p2a: Incineroar|Darkest Lariat|p1a: Farigiraf
|-supereffective|p1a: Farigiraf|1
|-damage|p1a: Farigiraf|57/100
|move|p1a: Farigiraf|Trick Room|p1a: Farigiraf
|-fieldstart|move: Trick Room|[of] p1a: Farigiraf
|
|-weather|RainDance|[upkeep]
|upkeep
|turn|2
|
|t:|1782339309
|detailschange|p1b: Scrafty|Scrafty-Mega, L50, F
|-mega|p1b: Scrafty|Scrafty|Scraftinite
|-ability|p1b: Scrafty|Intimidate|boost
|-unboost|p2a: Incineroar|atk|1
|-unboost|p2b: Pelipper|atk|1
|move|p1a: Farigiraf|Twin Beam|p2b: Pelipper
|-damage|p2b: Pelipper|51/100
|-damage|p2b: Pelipper|14/100
|-hitcount|p2b: Pelipper|2
|move|p1b: Scrafty|Throat Chop|p2a: Incineroar
|-resisted|p2a: Incineroar|1
|-damage|p2a: Incineroar|87/100
|-start|p2a: Incineroar|Throat Chop|[silent]
|cant|p2a: Incineroar|move: Throat Chop
|move|p2b: Pelipper|Weather Ball|p1a: Farigiraf
|-damage|p1a: Farigiraf|0 fnt
|faint|p1a: Farigiraf
|
|-weather|RainDance|[upkeep]
|upkeep
|
|t:|1782339324
|switch|p1a: Sylveon|Sylveon, L50, M|100/100
|turn|3
|
|t:|1782339338
|move|p2b: Pelipper|Protect|p2b: Pelipper
|-singleturn|p2b: Pelipper|Protect
|move|p1b: Scrafty|Drain Punch|p2a: Incineroar
|-supereffective|p2a: Incineroar|1
|-damage|p2a: Incineroar|39/100
|-enditem|p2a: Incineroar|Sitrus Berry|[eat]
|-heal|p2a: Incineroar|64/100|[from] item: Sitrus Berry
|move|p2a: Incineroar|Flare Blitz|p1a: Sylveon
|-damage|p1a: Sylveon|81/100
|-status|p1a: Sylveon|brn
|-damage|p2a: Incineroar|59/100|[from] Recoil
|move|p1a: Sylveon|Hyper Voice|p2b: Pelipper|[spread] p2a
|-activate|p2b: Pelipper|move: Protect
|-damage|p2a: Incineroar|7/100
|-damage|p1a: Sylveon|72/100 brn|[from] item: Life Orb
|
|-weather|RainDance|[upkeep]
|-damage|p1a: Sylveon|66/100 brn|[from] brn
|-end|p2a: Incineroar|Throat Chop|[silent]
|upkeep
|turn|4
|inactive|kyzito has 30 seconds left.
|inactive|sebtct has 30 seconds left.
|
|t:|1782339368
|switch|p2a: Basculegion|Basculegion, L50, M|100/100
|move|p1b: Scrafty|Bulk Up|p1b: Scrafty
|-boost|p1b: Scrafty|atk|1
|-boost|p1b: Scrafty|def|1
|move|p1a: Sylveon|Hyper Voice|p2a: Basculegion|[spread] p2a,p2b
|-damage|p2a: Basculegion|42/100
|-damage|p2b: Pelipper|0 fnt
|faint|p2b: Pelipper
|-damage|p1a: Sylveon|56/100 brn|[from] item: Life Orb
|
|-weather|RainDance|[upkeep]
|-damage|p1a: Sylveon|50/100g brn|[from] brn
|upkeep
|
|t:|1782339381
|switch|p2b: Incineroar|Incineroar, L50, M|7/100
|-ability|p2b: Incineroar|Intimidate|boost
|-unboost|p1a: Sylveon|atk|1
|-unboost|p1b: Scrafty|atk|1
|turn|5
|inactive|sebtct has 30 seconds left.
|
|t:|1782339411
|switch|p2a: Raichu|Raichu, L50, M|100/100
|move|p2b: Incineroar|Fake Out|p1a: Sylveon
|-damage|p1a: Sylveon|34/100 brn
|cant|p1a: Sylveon|flinch
|move|p1b: Scrafty|Throat Chop|p2a: Raichu
|-damage|p2a: Raichu|40/100
|-start|p2a: Raichu|Throat Chop|[silent]
|
|-weather|none
|-damage|p1a: Sylveon|28/100 brn|[from] brn
|-fieldend|move: Trick Room
|upkeep
|turn|6
|
|t:|1782339427
|detailschange|p2a: Raichu|Raichu-Mega-Y, L50, M
|-mega|p2a: Raichu|Raichu|Raichunite Y
|move|p1a: Sylveon|Quick Attack|p2b: Incineroar
|-damage|p2b: Incineroar|3/100
|-damage|p1a: Sylveon|18/100 brn|[from] item: Life Orb
|move|p2a: Raichu|Focus Blast|p1b: Scrafty
|-supereffective|p1b: Scrafty|1
|-damage|p1b: Scrafty|30/100
|move|p2b: Incineroar|Flare Blitz|p1a: Sylveon
|-damage|p1a: Sylveon|0 fnt
|faint|p1a: Sylveon
|-damage|p2b: Incineroar|0 fnt|[from] Recoil
|faint|p2b: Incineroar
|move|p1b: Scrafty|Drain Punch|p2a: Raichu
|-damage|p2a: Raichu|0 fnt
|-heal|p1b: Scrafty|46/100|[from] drain|[of] p2a: Raichu
|faint|p2a: Raichu
|
|upkeep
|
|t:|1782339444
|switch|p1a: Pelipper|Pelipper, L50, F|100/100
|switch|p2b: Basculegion|Basculegion, L50, M|42/100
|-weather|RainDance|[from] ability: Drizzle|[of] p1a: Pelipper
|turn|7
|
|t:|1782339465
|move|p2b: Basculegion|Last Respects|p1b: Scrafty
|-resisted|p1b: Scrafty|1
|-damage|p1b: Scrafty|10/100
|move|p1a: Pelipper|Hurricane|p2b: Basculegion
|-damage|p2b: Basculegion|0 fnt
|faint|p2b: Basculegion
|
|win|kyzito
||kyzito is ready for game 2.
||sebtct is ready for game 2.
|uhtml|next|Next: Game 2 of 3
