|j|☆minasdevilcrobats
|j|☆ginopollo
|html|minasdevilcrobatsginopollo    
|uhtml|bestof|Game 2 of a best-of-3
|t:|1756468105
|gametype|doubles
|player|p1|minasdevilcrobats|darach-caitlin|1089
|player|p2|ginopollo|265|1047
|gen|9
|tier|[Gen 9] VGC 2025 Reg H (Bo3)
|rated|
|rule|Species Clause: Limit one of each Pokémon
|rule|Item Clause: Limit 1 of each item
|clearpoke
|poke|p1|Indeedee, L50, M|
|poke|p1|Sneasler, L50, M|
|poke|p1|Ursaluna-Bloodmoon, L50, M|
|poke|p1|Pelipper, L50, M|
|poke|p1|Archaludon, L50, F|
|poke|p1|Basculegion, L50, M|
|poke|p2|Smeargle, L50, F|
|poke|p2|Gholdengo, L50|
|poke|p2|Sneasler, L50, F|
|poke|p2|Indeedee-F, L50, F|
|poke|p2|Torkoal, L50, M|
|poke|p2|Ursaluna, L50, F|
|teampreview|4
|showteam|p1|Indeedee||ChoiceScarf|PsychicSurge|ExpandingForce,DazzlingGleam,Trick,Protect|||M|||50|,,,,,Psychic]Sneasler||PsychicSeed|Unburden|CloseCombat,DireClaw,ThroatChop,Protect|||M|||50|,,,,,Dark]Ursaluna-Bloodmoon||LifeOrb|MindsEye|BloodMoon,HyperVoice,EarthPower,Protect|||M|||50|,,,,,Normal]Pelipper||FocusSash|Drizzle|Hurricane,WeatherBall,Tailwind,Protect|||M|||50|,,,,,Ghost]Archaludon||AssaultVest|Stamina|ElectroShot,BodyPress,Snarl,DragonPulse|||F|||50|,,,,,Grass]Basculegion||ChoiceBand|SwiftSwim|WaveCrash,LastRespects,FlipTurn,AquaJet|||M|||50|,,,,,Ghost
|showteam|p2|Smeargle||FocusSash|Moody|TrickRoom,FollowMe,Spore,WideGuard|||F|||50|,,,,,Ghost]Gholdengo||LifeOrb|GoodasGold|MakeItRain,ShadowBall,NastyPlot,Protect||||||50|,,,,,Water]Sneasler||AirBalloon|Unburden|DireClaw,CloseCombat,FakeOut,Protect|||F|||50|,,,,,Dark]Indeedee-F||SafetyGoggles|PsychicSurge|TrickRoom,FollowMe,HelpingHand,DazzlingGleam|||F|||50|,,,,,Fairy]Torkoal||AssaultVest|Drought|Eruption,HeatWave,SolarBeam,EarthPower|||M|||50|,,,,,Fire]Ursaluna||FlameOrb|Guts|Protect,Facade,HeadlongRush,Earthquake|||F|||50|,,,,,Ghost
|
|t:|1756468120
|teamsize|p1|4
|teamsize|p2|4
|start
|switch|p1a: Indeedee|Indeedee, L50, M|100/100
|switch|p1b: Sneasler|Sneasler, L50, M|100/100
|switch|p2a: Smeargle|Smeargle, L50, F|100/100
|switch|p2b: Indeedee|Indeedee-F, L50, F|100/100
|-fieldstart|move: Psychic Terrain|[from] ability: Psychic Surge|[of] p1a: Indeedee
|-enditem|p1b: Sneasler|Psychic Seed
|-boost|p1b: Sneasler|spd|1|[from] item: Psychic Seed
|turn|1
|
|t:|1756468137
|-terastallize|p2b: Indeedee|Fairy
|move|p2a: Smeargle|Wide Guard|p2a: Smeargle
|-singleturn|p2a: Smeargle|Wide Guard
|move|p1b: Sneasler|Throat Chop|p2b: Indeedee
|-resisted|p2b: Indeedee
|-damage|p2b: Indeedee|83/100
|-start|p2b: Indeedee|Throat Chop|[silent]
|move|p1a: Indeedee|Trick|p2a: Smeargle
|-activate|p1a: Indeedee|move: Trick|[of] p2a: Smeargle
|-item|p2a: Smeargle|Choice Scarf|[from] move: Trick
|-item|p1a: Indeedee|Focus Sash|[from] move: Trick
|move|p2b: Indeedee|Trick Room|p2b: Indeedee
|-fieldstart|move: Trick Room|[of] p2b: Indeedee
|
|-ability|p2a: Smeargle|Moody|boost
|-boost|p2a: Smeargle|atk|2
|-unboost|p2a: Smeargle|def|1
|upkeep
|turn|2
|
|t:|1756468175
|move|p1a: Indeedee|Protect|p1a: Indeedee
|-singleturn|p1a: Indeedee|Protect
|move|p1b: Sneasler|Protect|p1b: Sneasler
|-singleturn|p1b: Sneasler|Protect
|move|p2a: Smeargle|Wide Guard|p2a: Smeargle
|-singleturn|p2a: Smeargle|Wide Guard
|move|p2b: Indeedee|Dazzling Gleam|p1b: Sneasler|[spread] 
|-activate|p1a: Indeedee|move: Protect
|-activate|p1b: Sneasler|move: Protect
|
|-end|p2b: Indeedee|Throat Chop|[silent]
|-ability|p2a: Smeargle|Moody|boost
|-boost|p2a: Smeargle|spa|2
|-unboost|p2a: Smeargle|spe|1
|upkeep
|turn|3
|
|t:|1756468191
|switch|p2b: Ursaluna|Ursaluna, L50, F|100/100
|switch|p1a: Ursaluna|Ursaluna-Bloodmoon, L50, M|100/100
|move|p2a: Smeargle|Wide Guard|p2a: Smeargle
|-singleturn|p2a: Smeargle|Wide Guard
|move|p1b: Sneasler|Dire Claw|p2b: Ursaluna
|-resisted|p2b: Ursaluna
|-damage|p2b: Ursaluna|86/100
|
|-status|p2b: Ursaluna|brn|[from] item: Flame Orb
|-ability|p2a: Smeargle|Moody|boost
|-boost|p2a: Smeargle|def|2
|-unboost|p2a: Smeargle|atk|1
|upkeep
|turn|4
|
|t:|1756468230
|switch|p2a: Torkoal|Torkoal, L50, M|100/100
|-weather|SunnyDay|[from] ability: Drought|[of] p2a: Torkoal
|-terastallize|p1a: Ursaluna|Normal
|move|p2b: Ursaluna|Facade|p1b: Sneasler
|-damage|p1b: Sneasler|0 fnt
|faint|p1b: Sneasler
|move|p1a: Ursaluna|Blood Moon|p2b: Ursaluna
|-damage|p2b: Ursaluna|0 fnt
|faint|p2b: Ursaluna
|-damage|p1a: Ursaluna|91/100|[from] item: Life Orb
|
|-weather|SunnyDay|[upkeep]
|upkeep
|
|t:|1756468243
|switch|p2b: Indeedee|Indeedee-F, L50, F, tera:Fairy|83/100
|switch|p1b: Pelipper|Pelipper, L50, M|100/100
|-weather|RainDance|[from] ability: Drizzle|[of] p1b: Pelipper
|turn|5
|
|t:|1756468284
|move|p2a: Torkoal|Eruption|p1a: Ursaluna|[spread] p1a,p1b
|-resisted|p1b: Pelipper
|-damage|p1a: Ursaluna|59/100
|-damage|p1b: Pelipper|78/100
|move|p2b: Indeedee|Dazzling Gleam|p1a: Ursaluna|[spread] p1a,p1b
|-damage|p1a: Ursaluna|36/100
|-damage|p1b: Pelipper|42/100
|move|p1a: Ursaluna|Hyper Voice|p2a: Torkoal|[spread] p2a,p2b
|-damage|p2a: Torkoal|43/100
|-damage|p2b: Indeedee|24/100
|-damage|p1a: Ursaluna|26/100|[from] item: Life Orb
|move|p1b: Pelipper|Weather Ball|p2a: Torkoal
|-supereffective|p2a: Torkoal
|-damage|p2a: Torkoal|0 fnt
|faint|p2a: Torkoal
|
|-weather|RainDance|[upkeep]
|-fieldend|move: Trick Room
|-fieldend|move: Psychic Terrain
|upkeep
|
|t:|1756468290
|switch|p2a: Smeargle|Smeargle, L50, F|100/100
|turn|6
|
|t:|1756468311
|move|p2a: Smeargle|Spore|p1b: Pelipper
|-status|p1b: Pelipper|slp|[from] move: Spore
|cant|p1b: Pelipper|slp
|move|p1a: Ursaluna|Blood Moon|p2a: Smeargle
|-damage|p2a: Smeargle|0 fnt
|faint|p2a: Smeargle
|-damage|p1a: Ursaluna|16/100|[from] item: Life Orb
|move|p2b: Indeedee|Dazzling Gleam|p1a: Ursaluna|[spread] p1a,p1b
|-damage|p1a: Ursaluna|0 fnt
|-damage|p1b: Pelipper|9/100 slp
|faint|p1a: Ursaluna
|
|-weather|RainDance|[upkeep]
|upkeep
|inactive|Battle timer is ON: inactive players will automatically lose when time's up. (requested by ginopollo)
|
|t:|1756468325
|switch|p1a: Indeedee|Indeedee, L50, M|100/100
|-fieldstart|move: Psychic Terrain|[from] ability: Psychic Surge|[of] p1a: Indeedee
|turn|7
|
|t:|1756468331
|move|p1a: Indeedee|Expanding Force|p2b: Indeedee
|-damage|p2b: Indeedee|0 fnt
|faint|p2b: Indeedee
|
|win|minasdevilcrobats
|raw|minasdevilcrobats's rating: 1089 → 1112(+23 for winning)
|raw|ginopollo's rating: 1047 → 1032(-15 for losing)
|l|☆ginopollo
|player|p2|
