|j|☆Gabeeel
|j|☆Silvervaliantxyz
|html|GabeeelSilvervaliantxyz    
|uhtml|bestof|Game 3 of a best-of-3
|t:|1783203419
|gametype|doubles
|player|p1|Gabeeel|iris|
|player|p2|Silvervaliantxyz|riley|
|gen|9
|tier|[Gen 9 Champions] VGC 2026 Reg M-B (Bo3)
|rule|Species Clause: Limit one of each Pokémon
|rule|Item Clause: Limit 1 of each item
|clearpoke
|poke|p1|Scrafty, L50, M|
|poke|p1|Slowking-Galar, L50, M|
|poke|p1|Palafin, L50, M|
|poke|p1|Volcarona, L50, M|
|poke|p1|Meowscarada, L50, M|
|poke|p1|Metagross, L50|
|poke|p2|Blaziken, L50, M|
|poke|p2|Vivillon, L50, F, shiny|
|poke|p2|Sableye, L50, F|
|poke|p2|Raichu, L50, M, shiny|
|poke|p2|Aegislash, L50, M|
|poke|p2|Floette-Eternal, L50, F|
|teampreview|4
|showteam|p1|Scrafty||Scraftinite|Intimidate|FakeOut,KnockOff,DrainPunch,SwordsDance|Adamant||M|||50|]Slowking-Galar||LifeOrb|Regenerator|SludgeBomb,Psychic,TrickRoom,Protect|Quiet||M|||50|]Palafin||MysticWater|ZerotoHero|WaveCrash,FlipTurn,JetPunch,Protect|Adamant||M|||50|]Volcarona||Leftovers|FlameBody|HeatWave,GigaDrain,QuiverDance,Protect|Modest||M|||50|]Meowscarada||FocusSash|Overgrow|FlowerTrick,KnockOff,SuckerPunch,Protect|Jolly||M|||50|]Metagross||MetalCoat|ClearBody|BulletPunch,IronHead,PsychicFangs,Protect|Adamant|||||50|
|showteam|p2|Blaziken||Blazikenite|SpeedBoost|FlareBlitz,RockSlide,CloseCombat,Detect|Adamant||M|||50|]Vivillon||ChoiceScarf|CompoundEyes|SleepPowder,Uturn,RagePowder,PollenPuff|Timid||F|||50|]Sableye||LightClay|Prankster|Feint,KnockOff,LightScreen,Reflect|Impish||F|||50|]Raichu||RaichuniteX|LightningRod|FakeOut,Nuzzle,RisingVoltage,Protect|Timid||M|||50|]Aegislash||SpellTag|StanceChange|IronHead,KingsShield,ShadowSneak,Poltergeist|Adamant||M|||50|]Floette-Eternal||FairyFeather|FlowerVeil|Moonblast,DazzlingGleam,Psychic,Protect|Timid||F|||50|
|
|t:|1783203471
|teamsize|p1|4
|teamsize|p2|4
|start
|switch|p1a: Slowking|Slowking-Galar, L50, M|100/100
|switch|p1b: Scrafty|Scrafty, L50, M|100/100
|switch|p2a: RaiRai with Hax|Raichu, L50, M, shiny|100/100
|switch|p2b: Floette|Floette-Eternal, L50, F|100/100
|-ability|p1b: Scrafty|Intimidate|boost
|-unboost|p2a: RaiRai with Hax|atk|1
|-unboost|p2b: Floette|atk|1
|turn|1
|
|t:|1783203508
|detailschange|p2a: RaiRai with Hax|Raichu-Mega-X, L50, M, shiny
|-mega|p2a: RaiRai with Hax|Raichu|Raichunite X
|-fieldstart|move: Electric Terrain|[from] ability: Electric Surge|[of] p2a: RaiRai with Hax
|detailschange|p1b: Scrafty|Scrafty-Mega, L50, M
|-mega|p1b: Scrafty|Scrafty|Scraftinite
|-ability|p1b: Scrafty|Intimidate|boost
|-unboost|p2a: RaiRai with Hax|atk|1
|-unboost|p2b: Floette|atk|1
|move|p1b: Scrafty|Fake Out|p2b: Floette
|-damage|p2b: Floette|76/100
|move|p2a: RaiRai with Hax|Nuzzle|p1a: Slowking
|-damage|p1a: Slowking|94/100
|-status|p1a: Slowking|par
|cant|p2b: Floette|flinch
|move|p1a: Slowking|Trick Room|p1a: Slowking
|-fieldstart|move: Trick Room|[of] p1a: Slowking
|
|upkeep
|turn|2
|
|t:|1783203534
|move|p1a: Slowking|Sludge Bomb|p2b: Floette
|-supereffective|p2b: Floette|1
|-crit|p2b: Floette
|-damage|p2b: Floette|0 fnt
|faint|p2b: Floette
|-damage|p1a: Slowking|85/100 par|[from] item: Life Orb
|move|p1b: Scrafty|Knock Off|p2a: RaiRai with Hax
|-damage|p2a: RaiRai with Hax|55/100
|move|p2a: RaiRai with Hax|Rising Voltage|p1a: Slowking
|-hint|Rising Voltage's BP doubled on grounded target.
|-damage|p1a: Slowking|23/100 par
|
|upkeep
|
|t:|1783203559
|switch|p2b: Swsh|Aegislash, L50, M|100/100
|turn|3
|
|t:|1783203585
|-heal|p1a: Slowking|56/100 par|[from] ability: Regenerator|[silent]
|switch|p1a: Palafin|Palafin, L50, M|100/100
|switch|p2a: Lofu|Blaziken, L50, M|100/100
|-formechange|p2b: Swsh|Aegislash-Blade|
|move|p2b: Swsh|Poltergeist|p1a: Palafin
|-activate|p1a: Palafin|move: Poltergeist|Mystic Water
|-damage|p1a: Palafin|1/100
|move|p1b: Scrafty|Drain Punch|p2a: Lofu
|-damage|p2a: Lofu|34/100
|
|upkeep
|turn|4
|
|t:|1783203623
|detailschange|p1a: Palafin|Palafin-Hero, L50, M
|switch|p1a: Volcarona|Volcarona, L50, M|100/100
|-formechange|p2b: Swsh|Aegislash|
|move|p2b: Swsh|King's Shield|p2b: Swsh
|-singleturn|p2b: Swsh|Protect
|move|p2a: Lofu|Detect|p2a: Lofu
|-singleturn|p2a: Lofu|Protect
|move|p1b: Scrafty|Drain Punch|p2a: Lofu
|-activate|p2a: Lofu|move: Protect
|
|-ability|p2a: Lofu|Speed Boost|boost
|-boost|p2a: Lofu|spe|1
|upkeep
|turn|5
|
|t:|1783203668
|-formechange|p2b: Swsh|Aegislash-Blade|
|move|p2b: Swsh|Poltergeist|p1a: Volcarona
|-activate|p1a: Volcarona|move: Poltergeist|Leftovers
|-damage|p1a: Volcarona|14/100
|move|p1b: Scrafty|Drain Punch|p2a: Lofu
|-damage|p2a: Lofu|0 fnt
|faint|p2a: Lofu
|move|p1a: Volcarona|Heat Wave|p2b: Swsh
|-supereffective|p2b: Swsh|1
|-damage|p2b: Swsh|0 fnt
|faint|p2b: Swsh
|
|-heal|p1a: Volcarona|20/100y|[from] item: Leftovers
|-fieldend|move: Trick Room
|-fieldend|move: Electric Terrain
|upkeep
|
|t:|1783203685
|switch|p2a: RaiRai with Hax|Raichu-Mega-X, L50, M, shiny|55/100
|-fieldstart|move: Electric Terrain|[from] ability: Electric Surge|[of] p2a: RaiRai with Hax
|turn|6
|c|☆Gabeeel|ggs
|
|t:|1783203693
|switch|p1a: Slowking|Slowking-Galar, L50, M|56/100 par
|move|p2a: RaiRai with Hax|Rising Voltage|p1b: Scrafty
|-hint|Rising Voltage's BP doubled on grounded target.
|-damage|p1b: Scrafty|45/100
|move|p1b: Scrafty|Drain Punch|p2a: RaiRai with Hax
|-damage|p2a: RaiRai with Hax|0 fnt
|-heal|p1b: Scrafty|67/100|[from] drain|[of] p2a: RaiRai with Hax
|faint|p2a: RaiRai with Hax
|
|win|Gabeeel
