|j|☆GS Barnabe
|j|☆pizzawing
|html|GS Barnabepizzawing    
|uhtml|bestof|Game 1 of a best-of-3
|t:|1785719714
|gametype|doubles
|player|p1|GS Barnabe|265|1278
|player|p2|pizzawing|169|1366
|gen|9
|tier|[Gen 9 Champions] VGC 2026 Reg M-B (Bo3)
|rated|
|rule|Species Clause: Limit one of each Pokémon
|rule|Item Clause: Limit 1 of each item
|clearpoke
|poke|p1|Clefable, L50, M|
|poke|p1|Tyranitar, L50, F|
|poke|p1|Garchomp, L50, F|
|poke|p1|Gholdengo, L50|
|poke|p1|Rotom-Wash, L50|
|poke|p1|Aerodactyl, L50, F|
|poke|p2|Charizard, L50, M|
|poke|p2|Farigiraf, L50, M|
|poke|p2|Conkeldurr, L50, F|
|poke|p2|Venusaur, L50, M|
|poke|p2|Sylveon, L50, M|
|poke|p2|Aerodactyl, L50, M|
|teampreview|4
|showteam|p1|Clefable||SitrusBerry|Unaware|Moonblast,HelpingHand,FollowMe,Protect|Bold||M|||50|]Tyranitar||ChoiceScarf|SandStream|RockSlide,KnockOff,IcePunch,Superpower|Jolly||F|||50|]Garchomp||Garchompite|SandVeil|DracoMeteor,EarthPower,PowerGem,Protect|Modest||F|||50|]Gholdengo||LifeOrb|GoodasGold|MakeItRain,ShadowBall,NastyPlot,Protect|Modest|||||50|]Rotom-Wash||Leftovers|Levitate|HydroPump,VoltSwitch,WillOWisp,Protect|Calm|||||50|]Aerodactyl||Aerodactylite|RockHead|RockSlide,DualWingbeat,Tailwind,Protect|Jolly||F|||50|
|showteam|p2|Charizard||CharizarditeY|SolarPower|HeatWave,WeatherBall,Protect,AncientPower|Timid||M|||50|]Farigiraf||SitrusBerry|ArmorTail|HyperVoice,Psychic,TrickRoom,Protect|Modest||M|||50|]Conkeldurr||BlackBelt|IronFist|DrainPunch,IcePunch,MachPunch,ThunderPunch|Adamant||F|||50|]Venusaur||LifeOrb|Chlorophyll|EnergyBall,SludgeBomb,EarthPower,Protect|Modest||M|||50|]Sylveon||FairyFeather|Pixilate|HyperVoice,HyperBeam,QuickAttack,Detect|Modest||M|||50|]Aerodactyl||Aerodactylite|Unnerve|RockSlide,DualWingbeat,IceFang,Tailwind|Jolly||M|||50|
|
|t:|1785719774
|teamsize|p1|4
|teamsize|p2|4
|start
|switch|p1a: Aerodactyl|Aerodactyl, L50, F|100/100
|switch|p1b: Rotom|Rotom-Wash, L50|100/100
|switch|p2a: Farigiraf|Farigiraf, L50, M|100/100
|switch|p2b: Conkeldurr|Conkeldurr, L50, F|100/100
|turn|1
|inactive|Battle timer is ON: inactive players will automatically lose when time's up. (requested by pizzawing)
|
|t:|1785719809
|switch|p2b: Sylveon|Sylveon, L50, M|100/100
|detailschange|p1a: Aerodactyl|Aerodactyl-Mega, L50, F
|-mega|p1a: Aerodactyl|Aerodactyl|Aerodactylite
|move|p1a: Aerodactyl|Dual Wingbeat|p2b: Sylveon
|-damage|p2b: Sylveon|64/100
|-damage|p2b: Sylveon|31/100
|-hitcount|p2b: Sylveon|2
|move|p1b: Rotom|Volt Switch|p2a: Farigiraf
|-damage|p2a: Farigiraf|74/100
|
|t:|1785719824
|switch|p1b: Gholdengo|Gholdengo, L50|100/100|[from] Volt Switch
|move|p2a: Farigiraf|Trick Room|p2a: Farigiraf
|-fieldstart|move: Trick Room|[of] p2a: Farigiraf
|
|upkeep
|turn|2
|inactive|pizzawing has 30 seconds left.
|
|t:|1785719853
|switch|p2a: Charizard|Charizard, L50, M|100/100
|move|p2b: Sylveon|Hyper Beam|p1a: Aerodactyl
|-damage|p1a: Aerodactyl|0 fnt
|-mustrecharge|p2b: Sylveon
|faint|p1a: Aerodactyl
|move|p1b: Gholdengo|Nasty Plot|p1b: Gholdengo
|-boost|p1b: Gholdengo|spa|2
|
|upkeep
|
|t:|1785719865
|switch|p1a: Rotom|Rotom-Wash, L50|100/100
|turn|3
|
|t:|1785719885
|move|p2a: Charizard|Protect|p2a: Charizard
|-singleturn|p2a: Charizard|Protect
|cant|p2b: Sylveon|recharge
|move|p1b: Gholdengo|Shadow Ball|p2b: Sylveon
|-damage|p2b: Sylveon|0 fnt
|faint|p2b: Sylveon
|-damage|p1b: Gholdengo|90/100|[from] item: Life Orb
|move|p1a: Rotom|Volt Switch|p2a: Charizard
|-activate|p2a: Charizard|move: Protect
|
|upkeep
|
|t:|1785719897
|switch|p2b: Conkeldurr|Conkeldurr, L50, F|100/100
|turn|4
|
|t:|1785719915
|switch|p2a: Farigiraf|Farigiraf, L50, M|74/100
|move|p2b: Conkeldurr|Drain Punch|p1a: Rotom
|-damage|p1a: Rotom|32/100
|move|p1b: Gholdengo|Make It Rain|p2b: Conkeldurr|[spread] p2a,p2b
|-damage|p2a: Farigiraf|0 fnt
|-damage|p2b: Conkeldurr|0 fnt
|-unboost|p1b: Gholdengo|spa|2
|faint|p2a: Farigiraf
|faint|p2b: Conkeldurr
|-damage|p1b: Gholdengo|80/100|[from] item: Life Orb
|move|p1a: Rotom|Volt Switch|p2: Farigiraf|[notarget]
|-fail|p1a: Rotom
|
|-heal|p1a: Rotom|37/100|[from] item: Leftovers
|upkeep
|
|t:|1785719925
|switch|p2b: Charizard|Charizard, L50, M|100/100
|turn|5
|
|t:|1785719941
|move|p2b: Charizard|Protect|p2b: Charizard
|-singleturn|p2b: Charizard|Protect
|move|p1b: Gholdengo|Shadow Ball|p2b: Charizard
|-activate|p2b: Charizard|move: Protect
|move|p1a: Rotom|Volt Switch|p2b: Charizard
|-activate|p2b: Charizard|move: Protect
|
|-heal|p1a: Rotom|43/100|[from] item: Leftovers
|-fieldend|move: Trick Room
|upkeep
|turn|6
|
|t:|1785719955
|detailschange|p2b: Charizard|Charizard-Mega-Y, L50, M
|-mega|p2b: Charizard|Charizard|Charizardite Y
|-weather|SunnyDay|[from] ability: Drought|[of] p2b: Charizard
|move|p2b: Charizard|Weather Ball|p1a: Rotom
|-resisted|p1a: Rotom|1
|-damage|p1a: Rotom|1/100
|move|p1a: Rotom|Volt Switch|p2b: Charizard
|-supereffective|p2b: Charizard|1
|-damage|p2b: Charizard|47/100
|
|t:|1785719965
|switch|p1a: Tyranitar|Tyranitar, L50, F|100/100|[from] Volt Switch
|-weather|Sandstorm|[from] ability: Sand Stream|[of] p1a: Tyranitar
|move|p1b: Gholdengo|Shadow Ball|p2b: Charizard
|-damage|p2b: Charizard|0 fnt
|faint|p2b: Charizard
|-damage|p1b: Gholdengo|71/100|[from] item: Life Orb
|
|win|GS Barnabe
