|j|☆pkmnmstrjc
|j|☆Cool account name
|html|pkmnmstrjcCool account name    
|uhtml|bestof|Game 3 of a best-of-3
|t:|1757910679
|gametype|doubles
|player|p1|pkmnmstrjc|silver|1000
|player|p2|Cool account name|lucas|1108
|gen|9
|tier|[Gen 9] VGC 2025 Reg H (Bo3)
|rated|
|rule|Species Clause: Limit one of each Pokémon
|rule|Item Clause: Limit 1 of each item
|clearpoke
|poke|p1|Gholdengo, L50|
|poke|p1|Dragonite, L50, M|
|poke|p1|Rillaboom, L50, M|
|poke|p1|Ninetales-Alola, L50, M|
|poke|p1|Ursaluna-Bloodmoon, L50, M|
|poke|p1|Magmar, L50, F|
|poke|p2|Dondozo, L50, F|
|poke|p2|Tatsugiri, L50, M|
|poke|p2|Indeedee, L50, M|
|poke|p2|Garchomp, L50, M|
|poke|p2|Gholdengo, L50|
|poke|p2|Murkrow, L50, M|
|teampreview|4
|showteam|p1|Gholdengo||LifeOrb|GoodasGold|NastyPlot,ShadowBall,Protect,MakeItRain||||||50|,,,,,Dragon]Dragonite||LoadedDice|Multiscale|Tailwind,ScaleShot,Protect,ExtremeSpeed|||M|||50|,,,,,Steel]Rillaboom||MiracleSeed|GrassySurge|FakeOut,GrassyGlide,HighHorsepower,WoodHammer|||M|||50|,,,,,Fire]Ninetales-Alola||CovertCloak|SnowWarning|Encore,IcyWind,Blizzard,AuroraVeil|||M|||50|,,,,,Steel]Ursaluna-Bloodmoon||AssaultVest|MindsEye|BloodMoon,EarthPower,VacuumWave,HyperVoice|||M|||50|,,,,,Water]Magmar||Eviolite|FlameBody|Overheat,WillOWisp,Protect,FollowMe|||F|||50|,,,,,Grass
|showteam|p2|Dondozo||Leftovers|Unaware|OrderUp,Earthquake,WaveCrash,Protect|||F|||50|,,,,,Grass]Tatsugiri||FocusSash|Commander|DracoMeteor,MuddyWater,IcyWind,Protect|||M|||50|,,,,,Stellar]Indeedee||ChoiceScarf|PsychicSurge|ExpandingForce,Trick,AfterYou,HyperVoice|||M|||50|,,,,,Psychic]Garchomp||LifeOrb|RoughSkin|Earthquake,StompingTantrum,DragonClaw,Protect|||M|||50|,,,,,Ground]Gholdengo||ChoiceSpecs|GoodasGold|MakeItRain,ShadowBall,SteelBeam,Thunderbolt||||||50|,,,,,Steel]Murkrow||Eviolite|Prankster|FoulPlay,Tailwind,Quash,Haze|||M|||50|,,,,,Ghost
|inactive|Battle timer is ON: inactive players will automatically lose when time's up. (requested by Cool account name)
|inactive|pkmnmstrjc has 60 seconds left.
|
|t:|1757910718
|teamsize|p1|4
|teamsize|p2|4
|start
|switch|p1a: Ninetales|Ninetales-Alola, L50, M|100/100
|switch|p1b: Ursaluna|Ursaluna-Bloodmoon, L50, M|100/100
|switch|p2a: Garchomp|Garchomp, L50, M|100/100
|switch|p2b: Murkrow|Murkrow, L50, M|100/100
|-weather|Snowscape|[from] ability: Snow Warning|[of] p1a: Ninetales
|turn|1
|
|t:|1757910741
|move|p2b: Murkrow|Tailwind|p2b: Murkrow
|-sidestart|p2: Cool account name|move: Tailwind
|move|p2a: Garchomp|Earthquake|p1b: Ursaluna|[spread] p1a,p1b
|-immune|p2b: Murkrow
|-crit|p1b: Ursaluna
|-damage|p1a: Ninetales|60/100
|-damage|p1b: Ursaluna|45/100
|-damage|p2a: Garchomp|91/100|[from] item: Life Orb
|move|p1a: Ninetales|Aurora Veil|p1a: Ninetales
|-sidestart|p1: pkmnmstrjc|move: Aurora Veil
|move|p1b: Ursaluna|Blood Moon|p2a: Garchomp
|-damage|p2a: Garchomp|13/100
|
|-weather|Snowscape|[upkeep]
|upkeep
|turn|2
|
|t:|1757910758
|-terastallize|p2a: Garchomp|Ground
|move|p1b: Ursaluna|Vacuum Wave|p2a: Garchomp
|-damage|p2a: Garchomp|0 fnt
|faint|p2a: Garchomp
|move|p2b: Murkrow|Foul Play|p1a: Ninetales
|-resisted|p1a: Ninetales
|-damage|p1a: Ninetales|54/100
|move|p1a: Ninetales|Blizzard|p2b: Murkrow
|-supereffective|p2b: Murkrow
|-damage|p2b: Murkrow|30/100
|
|-weather|Snowscape|[upkeep]
|upkeep
|
|t:|1757910762
|switch|p2a: Dondozo|Dondozo, L50, F|100/100
|turn|3
|inactive|pkmnmstrjc has 30 seconds left.
|
|t:|1757910788
|switch|p2b: Tatsugiri|Tatsugiri, L50, M, shiny|100/100
|-activate|p2b: Tatsugiri|ability: Commander|[of] p2a: Dondozo
|-boost|p2a: Dondozo|atk|2
|-boost|p2a: Dondozo|spa|2
|-boost|p2a: Dondozo|spe|2
|-boost|p2a: Dondozo|def|2
|-boost|p2a: Dondozo|spd|2
|move|p1b: Ursaluna|Vacuum Wave|p2a: Dondozo
|-damage|p2a: Dondozo|94/100
|move|p2a: Dondozo|Earthquake|p1b: Ursaluna|[spread] p1a,p1b
|-miss|p2a: Dondozo|p2b: Tatsugiri
|-damage|p1a: Ninetales|32/100
|-damage|p1b: Ursaluna|24/100
|move|p1a: Ninetales|Icy Wind|p2b: Tatsugiri|[spread] p2a
|-miss|p1a: Ninetales|p2b: Tatsugiri
|-resisted|p2a: Dondozo
|-damage|p2a: Dondozo|91/100
|-unboost|p2a: Dondozo|spe|1
|
|-weather|Snowscape|[upkeep]
|-heal|p2a: Dondozo|97/100|[from] item: Leftovers
|upkeep
|turn|4
|
|t:|1757910812
|move|p2a: Dondozo|Earthquake|p1a: Ninetales|[spread] p1a,p1b
|-miss|p2a: Dondozo|p2b: Tatsugiri
|-damage|p1a: Ninetales|8/100
|-damage|p1b: Ursaluna|6/100
|move|p1a: Ninetales|Blizzard|p2a: Dondozo|[spread] p2a
|-miss|p1a: Ninetales|p2b: Tatsugiri
|-resisted|p2a: Dondozo
|-damage|p2a: Dondozo|92/100
|move|p1b: Ursaluna|Blood Moon|p2a: Dondozo
|-damage|p2a: Dondozo|60/100
|
|-weather|Snowscape|[upkeep]
|-heal|p2a: Dondozo|66/100|[from] item: Leftovers
|-sideend|p2: Cool account name|move: Tailwind
|upkeep
|turn|5
|
|t:|1757910835
|move|p1b: Ursaluna|Vacuum Wave|p2a: Dondozo
|-damage|p2a: Dondozo|59/100
|move|p1a: Ninetales|Encore|p2a: Dondozo
|-start|p2a: Dondozo|Encore
|move|p2a: Dondozo|Earthquake|p1b: Ursaluna|[spread] p1a,p1b
|-miss|p2a: Dondozo|p2b: Tatsugiri
|-damage|p1a: Ninetales|0 fnt
|-damage|p1b: Ursaluna|0 fnt
|faint|p1a: Ninetales
|faint|p1b: Ursaluna
|
|-weather|none
|-heal|p2a: Dondozo|65/100|[from] item: Leftovers
|-sideend|p1: pkmnmstrjc|move: Aurora Veil
|upkeep
|
|t:|1757910849
|switch|p1a: Magmar|Magmar, L50, F|100/100
|switch|p1b: Gholdengo|Gholdengo, L50|100/100
|turn|6
|
|t:|1757910868
|-terastallize|p1a: Magmar|Grass
|move|p1b: Gholdengo|Protect|p1b: Gholdengo
|-singleturn|p1b: Gholdengo|Protect
|move|p1a: Magmar|Will-O-Wisp|p2a: Dondozo
|-status|p2a: Dondozo|brn
|move|p2a: Dondozo|Earthquake|p1b: Gholdengo|[spread] p1a
|-miss|p2a: Dondozo|p2b: Tatsugiri
|-activate|p1b: Gholdengo|move: Protect
|-resisted|p1a: Magmar
|-damage|p1a: Magmar|92/100
|
|-heal|p2a: Dondozo|71/100 brn|[from] item: Leftovers
|-damage|p2a: Dondozo|65/100 brn|[from] brn
|upkeep
|turn|7
|inactive|pkmnmstrjc has 30 seconds left.
|inactive|pkmnmstrjc has 20 seconds left.
|
|t:|1757910904
|move|p1b: Gholdengo|Make It Rain|p2a: Dondozo|[spread] p2a
|-miss|p1b: Gholdengo|p2b: Tatsugiri
|-resisted|p2a: Dondozo
|-damage|p2a: Dondozo|51/100 brn
|-unboost|p1b: Gholdengo|spa|1
|-damage|p1b: Gholdengo|91/100|[from] item: Life Orb
|move|p1a: Magmar|Overheat|p2a: Dondozo
|-resisted|p2a: Dondozo
|-damage|p2a: Dondozo|41/100 brn
|-unboost|p1a: Magmar|spa|2
|move|p2a: Dondozo|Earthquake|p1a: Magmar|[spread] p1a,p1b
|-miss|p2a: Dondozo|p2b: Tatsugiri
|-resisted|p1a: Magmar
|-supereffective|p1b: Gholdengo
|-damage|p1a: Magmar|84/100
|-damage|p1b: Gholdengo|46/100
|
|-heal|p2a: Dondozo|47/100 brn|[from] item: Leftovers
|-damage|p2a: Dondozo|41/100 brn|[from] brn
|-end|p2a: Dondozo|Encore
|upkeep
|turn|8
|
|t:|1757910929
|move|p1b: Gholdengo|Shadow Ball|p2a: Dondozo
|-damage|p2a: Dondozo|18/100 brn
|-unboost|p2a: Dondozo|spd|1
|-damage|p1b: Gholdengo|37/100|[from] item: Life Orb
|move|p1a: Magmar|Overheat|p2a: Dondozo
|-resisted|p2a: Dondozo
|-damage|p2a: Dondozo|5/100 brn
|-unboost|p1a: Magmar|spa|2
|move|p2a: Dondozo|Earthquake|p1b: Gholdengo|[spread] p1a,p1b
|-miss|p2a: Dondozo|p2b: Tatsugiri
|-resisted|p1a: Magmar
|-supereffective|p1b: Gholdengo
|-damage|p1a: Magmar|76/100
|-damage|p1b: Gholdengo|0 fnt
|faint|p1b: Gholdengo
|
|-heal|p2a: Dondozo|11/100 brn|[from] item: Leftovers
|-damage|p2a: Dondozo|5/100 brn|[from] brn
|upkeep
|turn|9
|
|t:|1757910951
|move|p1a: Magmar|Overheat|p2a: Dondozo|[miss]
|-miss|p1a: Magmar|p2a: Dondozo
|move|p2a: Dondozo|Order Up|p1a: Magmar
|-damage|p1a: Magmar|60/100
|-boost|p2a: Dondozo|atk|1
|
|-heal|p2a: Dondozo|11/100 brn|[from] item: Leftovers
|-damage|p2a: Dondozo|5/100 brn|[from] brn
|upkeep
|turn|10
|
|t:|1757910963
|move|p1a: Magmar|Overheat|p2a: Dondozo
|-resisted|p2a: Dondozo
|-crit|p2a: Dondozo
|-damage|p2a: Dondozo|0 fnt
|-unboost|p1a: Magmar|spa|2
|faint|p2a: Dondozo
|
|upkeep
|
|t:|1757910970
|switch|p2a: Murkrow|Murkrow, L50, M|30/100
|turn|11
|
|t:|1757910976
|move|p2b: Tatsugiri|Draco Meteor|p1a: Magmar|[miss]
|-miss|p2b: Tatsugiri|p1a: Magmar
|move|p1a: Magmar|Will-O-Wisp|p2b: Tatsugiri
|-status|p2b: Tatsugiri|brn
|move|p2a: Murkrow|Foul Play|p1a: Magmar
|-damage|p1a: Magmar|39/100
|-status|p2a: Murkrow|brn|[from] ability: Flame Body|[of] p1a: Magmar
|
|-damage|p2b: Tatsugiri|94/100 brn|[from] brn
|-damage|p2a: Murkrow|24/100 brn|[from] brn
|upkeep
|turn|12
|
|t:|1757910992
|move|p2b: Tatsugiri|Draco Meteor|p1a: Magmar
|-damage|p1a: Magmar|0 fnt
|-unboost|p2b: Tatsugiri|spa|2
|faint|p1a: Magmar
|
|win|Cool account name
|raw|pkmnmstrjc's rating: 1000 → 1000(+0 for losing)
|raw|Cool account name's rating: 1108 → 1125(+17 for winning)
|c|☆pkmnmstrjc|Gg
|l|☆pkmnmstrjc
|player|p1|
