|j|☆TobiYume
|j|☆Obsida
|html|TobiYumeObsida    
|uhtml|bestof|Game 2 of a best-of-3
|t:|1757187367
|gametype|doubles
|player|p1|TobiYume|roxie|1162
|player|p2|Obsida|backpacker|1025
|gen|9
|tier|[Gen 9] VGC 2025 Reg H (Bo3)
|rated|
|rule|Species Clause: Limit one of each Pokémon
|rule|Item Clause: Limit 1 of each item
|clearpoke
|poke|p1|Garchomp, L50, M|
|poke|p1|Talonflame, L50, F|
|poke|p1|Sylveon, L50, F|
|poke|p1|Tyranitar, L50, M|
|poke|p1|Decidueye-Hisui, L50, F|
|poke|p1|Gholdengo, L50|
|poke|p2|Ninetales-Alola, L50, M|
|poke|p2|Garchomp, L50, F|
|poke|p2|Kingambit, L50, M|
|poke|p2|Sneasler, L50, F|
|poke|p2|Magmar, L50, F|
|poke|p2|Metagross, L50|
|teampreview|4
|showteam|p1|Garchomp||LifeOrb|RoughSkin|DragonClaw,StompingTantrum,Earthquake,Protect|||M|||50|,,,,,Steel]Talonflame||CovertCloak|GaleWings|Tailwind,WillOWisp,BraveBird,Taunt|||F|||50|,,,,,Grass]Sylveon||ThroatSpray|Pixilate|HyperVoice,HyperBeam,TeraBlast,Protect|||F|||50|,,,,,Water]Tyranitar||AssaultVest|SandStream|RockSlide,KnockOff,TeraBlast,LowKick|||M|||50|,,,,,Flying]Decidueye-Hisui||RazorClaw|Scrappy|TripleArrows,LeafBlade,SuckerPunch,Protect|||F|||50|,,,,,Fire]Gholdengo||Leftovers|GoodasGold|MakeItRain,ShadowBall,NastyPlot,Protect||||||50|,,,,,Dragon
|showteam|p2|Ninetales-Alola||NeverMeltIce|SnowWarning|Blizzard,FreezeDry,AuroraVeil,Protect|||M|||50|,,,,,Ice]Garchomp||LifeOrb|RoughSkin|Earthquake,StompingTantrum,DragonClaw,Protect|||F|||50|,,,,,Steel]Kingambit||BlackGlasses|Defiant|KowtowCleave,SwordsDance,SuckerPunch,Protect|||M|||50|,,,,,Flying]Sneasler||FocusSash|PoisonTouch|Coaching,CloseCombat,DireClaw,FakeOut|||F|||50|,,,,,Flying]Magmar||Eviolite|VitalSpirit|Overheat,FireSpin,FollowMe,Protect|||F|||50|,,,,,Flying]Metagross||AssaultVest|ClearBody|HeavySlam,PsychicFangs,StompingTantrum,BulletPunch||||||50|,,,,,Flying
|inactive|Battle timer is ON: inactive players will automatically lose when time's up. (requested by Obsida)
|inactive|Obsida has 60 seconds left.
|
|t:|1757187409
|teamsize|p1|4
|teamsize|p2|4
|start
|switch|p1a: Elie|Talonflame, L50, F|100/100
|switch|p1b: Lloyd|Garchomp, L50, M|100/100
|switch|p2a: Sneasler|Sneasler, L50, F|100/100
|switch|p2b: Magmar|Magmar, L50, F|100/100
|turn|1
|inactive|Obsida has 30 seconds left.
|inactive|Obsida has 20 seconds left.
|inactive|Obsida has 15 seconds left.
|
|t:|1757187452
|-terastallize|p2b: Magmar|Flying
|move|p1b: Lloyd|Protect|p1b: Lloyd
|-singleturn|p1b: Lloyd|Protect
|move|p2b: Magmar|Follow Me|p2b: Magmar
|-singleturn|p2b: Magmar|move: Follow Me
|move|p2a: Sneasler|Dire Claw|p1b: Lloyd
|-activate|p1b: Lloyd|move: Protect
|move|p1a: Elie|Taunt|p2b: Magmar
|-start|p2b: Magmar|move: Taunt
|
|upkeep
|turn|2
|
|t:|1757187471
|move|p1a: Elie|Brave Bird|p2a: Sneasler
|-supereffective|p2a: Sneasler
|-enditem|p2a: Sneasler|Focus Sash
|-damage|p2a: Sneasler|1/100
|-damage|p1a: Elie|72/100|[from] Recoil
|move|p2a: Sneasler|Dire Claw|p1b: Lloyd
|-resisted|p1b: Lloyd
|-damage|p1b: Lloyd|81/100
|-damage|p2a: Sneasler|0 fnt|[from] ability: Rough Skin|[of] p1b: Lloyd
|-status|p1b: Lloyd|psn|[from] ability: Poison Touch|[of] p2a: Sneasler
|faint|p2a: Sneasler
|move|p1b: Lloyd|Stomping Tantrum|p2b: Magmar
|-immune|p2b: Magmar
|move|p2b: Magmar|Fire Spin|p1b: Lloyd|[miss]
|-miss|p2b: Magmar|p1b: Lloyd
|
|-damage|p1b: Lloyd|68/100 psn|[from] psn
|upkeep
|
|t:|1757187494
|switch|p2a: Ninetales|Ninetales-Alola, L50, M|100/100
|-weather|Snowscape|[from] ability: Snow Warning|[of] p2a: Ninetales
|turn|3
|
|t:|1757187517
|switch|p1b: Randy|Tyranitar, L50, M|100/100
|-weather|Sandstorm|[from] ability: Sand Stream|[of] p1b: Randy
|move|p1a: Elie|Tailwind|p1a: Elie
|-sidestart|p1: TobiYume|move: Tailwind
|move|p2a: Ninetales|Blizzard|p1b: Randy|[spread] p1b
|-miss|p2a: Ninetales|p1a: Elie
|-damage|p1b: Randy|88/100
|-status|p1b: Randy|frz
|move|p2b: Magmar|Fire Spin|p1b: Randy|[miss]
|-miss|p2b: Magmar|p1b: Randy
|
|-weather|Sandstorm|[upkeep]
|-damage|p1a: Elie|66/100|[from] Sandstorm
|-damage|p2a: Ninetales|94/100|[from] Sandstorm
|-damage|p2b: Magmar|95/100|[from] Sandstorm
|upkeep
|turn|4
|inactive|Obsida has 30 seconds left.
|c|☆Obsida|i am taking fire spin off magmar as soon as this ends
|inactive|Obsida has 20 seconds left.
|inactive|Obsida has 15 seconds left.
|inactive|Obsida has 10 seconds left.
|
|t:|1757187566
|switch|p1a: Wazy|Gholdengo, L50|100/100
|cant|p1b: Randy|frz
|move|p2a: Ninetales|Freeze-Dry|p1b: Randy
|-damage|p1b: Randy|77/100 frz
|move|p2b: Magmar|Fire Spin|p1a: Wazy
|-supereffective|p1a: Wazy
|-damage|p1a: Wazy|75/100
|-activate|p1a: Wazy|move: Fire Spin|[of] p2b: Magmar
|
|-weather|Sandstorm|[upkeep]
|-damage|p2a: Ninetales|88/100|[from] Sandstorm
|-damage|p2b: Magmar|89/100|[from] Sandstorm
|-heal|p1a: Wazy|82/100|[from] item: Leftovers
|-damage|p1a: Wazy|69/100|[from] move: Fire Spin|[partiallytrapped]
|-end|p2b: Magmar|move: Taunt
|upkeep
|turn|5
|inactive|Obsida has 30 seconds left.
|inactive|Obsida has 20 seconds left.
|
|t:|1757187601
|switch|p2a: Garchomp|Garchomp, L50, F|100/100
|move|p1a: Wazy|Make It Rain|p2a: Garchomp|[spread] p2a,p2b
|-damage|p2a: Garchomp|58/100
|-damage|p2b: Magmar|57/100
|-unboost|p1a: Wazy|spa|1
|cant|p1b: Randy|frz
|move|p2b: Magmar|Overheat|p1a: Wazy
|-supereffective|p1a: Wazy
|-damage|p1a: Wazy|0 fnt
|-unboost|p2b: Magmar|spa|2
|faint|p1a: Wazy
|
|-weather|Sandstorm|[upkeep]
|-damage|p2b: Magmar|52/100|[from] Sandstorm
|upkeep
|
|t:|1757187613
|switch|p1a: Lloyd|Garchomp, L50, M|68/100 psn
|turn|6
|
|t:|1757187626
|move|p2b: Magmar|Follow Me|p2b: Magmar
|-singleturn|p2b: Magmar|move: Follow Me
|move|p1a: Lloyd|Dragon Claw|p2b: Magmar
|-damage|p2b: Magmar|12/100
|-damage|p1a: Lloyd|59/100 psn|[from] item: Life Orb
|cant|p1b: Randy|frz
|move|p2a: Garchomp|Dragon Claw|p1a: Lloyd
|-supereffective|p1a: Lloyd
|-damage|p1a: Lloyd|0 fnt
|-damage|p2a: Garchomp|46/100|[from] ability: Rough Skin|[of] p1a: Lloyd
|faint|p1a: Lloyd
|-damage|p2a: Garchomp|36/100|[from] item: Life Orb
|
|-weather|Sandstorm|[upkeep]
|-damage|p2b: Magmar|6/100|[from] Sandstorm
|-sideend|p1: TobiYume|move: Tailwind
|upkeep
|
|t:|1757187642
|switch|p1a: Elie|Talonflame, L50, F|66/100
|turn|7
|
|t:|1757187656
|-terastallize|p1b: Randy|Flying
|move|p2b: Magmar|Follow Me|p2b: Magmar
|-singleturn|p2b: Magmar|move: Follow Me
|move|p1a: Elie|Tailwind|p1a: Elie
|-sidestart|p1: TobiYume|move: Tailwind
|cant|p1b: Randy|frz
|move|p2a: Garchomp|Dragon Claw|p1a: Elie
|-damage|p1a: Elie|7/100
|-damage|p2a: Garchomp|26/100|[from] item: Life Orb
|
|-weather|none
|upkeep
|turn|8
|c|☆TobiYume|oh my god bruh
|inactive|Obsida has 30 seconds left.
|c|☆Obsida|i thought my misses were unlucky this is absurd lol
|inactive|Obsida has 20 seconds left.
|
|t:|1757187695
|move|p1a: Elie|Will-O-Wisp|p2a: Garchomp
|-status|p2a: Garchomp|brn
|cant|p1b: Randy|frz
|move|p2a: Garchomp|Dragon Claw|p1b: Randy
|-damage|p1b: Randy|57/100 frz
|-damage|p2a: Garchomp|16/100 brn|[from] item: Life Orb
|move|p2b: Magmar|Overheat|p1a: Elie
|-resisted|p1a: Elie
|-damage|p1a: Elie|0 fnt
|-unboost|p2b: Magmar|spa|2
|faint|p1a: Elie
|
|-damage|p2a: Garchomp|10/100 brn|[from] brn
|upkeep
|turn|9
|inactive|Obsida has 30 seconds left.
|
|t:|1757187722
|move|p2b: Magmar|Follow Me|p2b: Magmar
|-singleturn|p2b: Magmar|move: Follow Me
|cant|p1b: Randy|frz
|move|p2a: Garchomp|Earthquake|p1b: Randy|[spread] 
|-immune|p2b: Magmar
|-immune|p1b: Randy
|
|-damage|p2a: Garchomp|4/100 brn|[from] brn
|upkeep
|turn|10
|inactive|TobiYume has 30 seconds left.
|inactive|TobiYume has 20 seconds left.
|
|t:|1757187760
|-curestatus|p1b: Randy|frz|[msg]
|move|p1b: Randy|Rock Slide|p2a: Garchomp|[spread] p2a,p2b
|-resisted|p2a: Garchomp
|-supereffective|p2b: Magmar
|-damage|p2a: Garchomp|0 fnt
|-damage|p2b: Magmar|0 fnt
|faint|p2a: Garchomp
|faint|p2b: Magmar
|
|-sideend|p1: TobiYume|move: Tailwind
|upkeep
|
|t:|1757187769
|switch|p2b: Ninetales|Ninetales-Alola, L50, M|88/100
|-weather|Snowscape|[from] ability: Snow Warning|[of] p2b: Ninetales
|turn|11
|
|t:|1757187787
|move|p2b: Ninetales|Blizzard|p1b: Randy
|-supereffective|p1b: Randy
|-damage|p1b: Randy|11/100
|move|p1b: Randy|Rock Slide|p2b: Ninetales
|-supereffective|p2b: Ninetales
|-damage|p2b: Ninetales|16/100
|
|-weather|Snowscape|[upkeep]
|upkeep
|turn|12
|
|t:|1757187796
|move|p2b: Ninetales|Blizzard|p1b: Randy
|-supereffective|p1b: Randy
|-damage|p1b: Randy|0 fnt
|faint|p1b: Randy
|
|win|Obsida
||Obsida is ready for game 3.
||TobiYume is ready for game 3.
|uhtml|next|Next: Game 3 of 3
|l|☆Obsida
|player|p2|
