|j|☆25th_mang
|j|☆sr. sotomonte
|html|25th_mangsr. sotomonte    
|uhtml|bestof|Game 2 of a best-of-3
|t:|1785725445
|gametype|doubles
|player|p1|25th_mang|ballguy|1267
|player|p2|sr. sotomonte|wattson|1143
|gen|9
|tier|[Gen 9 Champions] VGC 2026 Reg M-B (Bo3)
|rated|
|rule|Species Clause: Limit one of each Pokémon
|rule|Item Clause: Limit 1 of each item
|clearpoke
|poke|p1|Blastoise, L50, F|
|poke|p1|Aerodactyl, L50, M|
|poke|p1|Sinistcha, L50|
|poke|p1|Kingambit, L50, F|
|poke|p1|Tsareena, L50, F|
|poke|p1|Metagross, L50, shiny|
|poke|p2|Tyranitar, L50, M|
|poke|p2|Excadrill, L50, F|
|poke|p2|Milotic, L50, M|
|poke|p2|Sinistcha, L50|
|poke|p2|Staraptor, L50, M|
|poke|p2|Gholdengo, L50|
|teampreview|4
|showteam|p1|Blastoise||Blastoisinite|RainDish|WaterSpout,AuraSphere,DarkPulse,FakeOut|Modest||F|||50|]Aerodactyl||FocusSash|Unnerve|Tailwind,RainDance,RockSlide,DualWingbeat|Jolly||M|||50|]Sinistcha||SitrusBerry|Hospitality|LifeDew,MatchaGotcha,TrickRoom,RagePowder|Quiet|||||50|]Kingambit||ChopleBerry|Defiant|KowtowCleave,SuckerPunch,LowKick,IronHead|Adamant||F|||50|]Tsareena||WideLens|QueenlyMajesty|TropKick,LowKick,TripleAxel,HelpingHand|Adamant||F|||50|]Metagross||Metagrossite|ClearBody|IronHead,PsychicFangs,IcePunch,Protect|Adamant|||||50|
|showteam|p2|Tyranitar||Tyranitarite|SandStream|KnockOff,RockSlide,HighHorsepower,Protect|Adamant||M|||50|]Excadrill||FocusSash|SandRush|Earthquake,IronHead,RockSlide,Protect|Adamant||F|||50|]Milotic||SitrusBerry|Competitive|Scald,IcyWind,Haze,Protect|Modest||M|||50|]Sinistcha||ColburBerry|Hospitality|MatchaGotcha,ShadowBall,Protect,RagePowder|Bold|||||50|]Staraptor||Staraptite|Intimidate|CloseCombat,BraveBird,Tailwind,Protect|Jolly||M|||50|]Gholdengo||LifeOrb|GoodasGold|MakeItRain,ShadowBall,NastyPlot,Protect|Modest|||||50|
|inactive|Battle timer is ON: inactive players will automatically lose when time's up. (requested by 25th_mang)
|
|t:|1785725494
|teamsize|p1|4
|teamsize|p2|4
|start
|switch|p1a: MONEYBALL|Aerodactyl, L50, M|100/100
|switch|p1b: Voyager|Blastoise, L50, F|100/100
|switch|p2a: Staraptor|Staraptor, L50, M|100/100
|switch|p2b: Milotic|Milotic, L50, M|100/100
|-ability|p1a: MONEYBALL|Unnerve
|-ability|p2a: Staraptor|Intimidate|boost
|-unboost|p1a: MONEYBALL|atk|1
|-unboost|p1b: Voyager|atk|1
|turn|1
|
|t:|1785725519
|detailschange|p2a: Staraptor|Staraptor-Mega, L50, M
|-mega|p2a: Staraptor|Staraptor|Staraptite
|detailschange|p1b: Voyager|Blastoise-Mega, L50, F
|-mega|p1b: Voyager|Blastoise|Blastoisinite
|move|p1b: Voyager|Fake Out|p2a: Staraptor
|-damage|p2a: Staraptor|93/100
|move|p1a: MONEYBALL|Tailwind|p1a: MONEYBALL
|-sidestart|p1: 25th_mang|move: Tailwind
|cant|p2a: Staraptor|flinch
|move|p2b: Milotic|Icy Wind|p1b: Voyager|[spread] p1a,p1b
|-supereffective|p1a: MONEYBALL|1
|-resisted|p1b: Voyager|1
|-damage|p1a: MONEYBALL|68/100
|-damage|p1b: Voyager|94/100
|-unboost|p1a: MONEYBALL|spe|1
|-unboost|p1b: Voyager|spe|1
|
|upkeep
|turn|2
|
|t:|1785725541
|move|p2a: Staraptor|Protect|p2a: Staraptor
|-singleturn|p2a: Staraptor|Protect
|move|p1a: MONEYBALL|Rain Dance|p1a: MONEYBALL
|-weather|RainDance
|move|p1b: Voyager|Water Spout|p2a: Staraptor|[spread] p2b
|-activate|p2a: Staraptor|move: Protect
|-resisted|p2b: Milotic|1
|-damage|p2b: Milotic|60/100
|move|p2b: Milotic|Scald|p1a: MONEYBALL
|-supereffective|p1a: MONEYBALL|1
|-damage|p1a: MONEYBALL|0 fnt
|faint|p1a: MONEYBALL
|
|-weather|RainDance|[upkeep]
|upkeep
|
|t:|1785725546
|switch|p1a: Save Me|Sinistcha, L50|100/100
|-heal|p1b: Voyager|100/100|[from] ability: Hospitality|[of] p1a: Save Me
|turn|3
|
|t:|1785725561
|switch|p2a: Sinistcha|Sinistcha, L50|100/100
|-heal|p2b: Milotic|85/100|[from] ability: Hospitality|[of] p2a: Sinistcha
|move|p1a: Save Me|Rage Powder|p1a: Save Me
|-singleturn|p1a: Save Me|move: Rage Powder
|move|p1b: Voyager|Water Spout|p2b: Milotic|[spread] p2a,p2b
|-resisted|p2a: Sinistcha|1
|-resisted|p2b: Milotic|1
|-damage|p2a: Sinistcha|25/100
|-damage|p2b: Milotic|38/100
|-enditem|p2b: Milotic|Sitrus Berry|[eat]
|-heal|p2b: Milotic|63/100|[from] item: Sitrus Berry
|move|p2b: Milotic|Icy Wind|p1a: Save Me|[spread] p1a,p1b
|-supereffective|p1a: Save Me|1
|-resisted|p1b: Voyager|1
|-damage|p1a: Save Me|77/100
|-damage|p1b: Voyager|94/100
|-unboost|p1a: Save Me|spe|1
|-unboost|p1b: Voyager|spe|1
|
|-weather|RainDance|[upkeep]
|upkeep
|turn|4
|inactive|25th_mang has 30 seconds left.
|inactive|sr. sotomonte has 30 seconds left.
|inactive|sr. sotomonte has 20 seconds left.
|
|t:|1785725598
|move|p2a: Sinistcha|Protect|p2a: Sinistcha
|-singleturn|p2a: Sinistcha|Protect
|move|p1b: Voyager|Dark Pulse|p2a: Sinistcha
|-activate|p2a: Sinistcha|move: Protect
|move|p2b: Milotic|Icy Wind|p1a: Save Me|[spread] p1a
|-miss|p2b: Milotic|p1b: Voyager
|-supereffective|p1a: Save Me|1
|-damage|p1a: Save Me|52/100
|-unboost|p1a: Save Me|spe|1
|move|p1a: Save Me|Trick Room|p1a: Save Me
|-fieldstart|move: Trick Room|[of] p1a: Save Me
|
|-weather|RainDance|[upkeep]
|-sideend|p1: 25th_mang|move: Tailwind
|upkeep
|turn|5
|inactive|sr. sotomonte has 30 seconds left.
|
|t:|1785725626
|move|p1a: Save Me|Matcha Gotcha|p2a: Sinistcha|[spread] p2a,p2b
|-resisted|p2a: Sinistcha|1
|-supereffective|p2b: Milotic|1
|-damage|p2a: Sinistcha|6/100
|-heal|p1a: Save Me|60/100|[from] drain|[of] p2a: Sinistcha
|-damage|p2b: Milotic|12/100
|-heal|p1a: Save Me|84/100|[from] drain|[of] p2b: Milotic
|move|p1b: Voyager|Dark Pulse|p2a: Sinistcha
|-supereffective|p2a: Sinistcha|1
|-enditem|p2a: Sinistcha|Colbur Berry|[eat]
|-enditem|p2a: Sinistcha|Colbur Berry|[weaken]
|-damage|p2a: Sinistcha|0 fnt
|faint|p2a: Sinistcha
|move|p2b: Milotic|Haze|p2b: Milotic
|-clearallboost
|
|-weather|RainDance|[upkeep]
|upkeep
|inactive|sr. sotomonte has 30 seconds left.
|
|t:|1785725661
|switch|p2a: Excadrill|Excadrill, L50, F|100/100
|turn|6
|
|t:|1785725668
|switch|p2b: Staraptor|Staraptor-Mega, L50, M|93/100
|move|p1a: Save Me|Matcha Gotcha|p2b: Staraptor|[spread] p2a,p2b
|-resisted|p2b: Staraptor|1
|-crit|p2b: Staraptor
|-damage|p2a: Excadrill|64/100
|-heal|p1a: Save Me|100/100|[from] drain|[of] p2a: Excadrill
|-damage|p2b: Staraptor|70/100
|move|p2a: Excadrill|Earthquake|p1a: Save Me|[spread] p1a,p1b
|-immune|p2b: Staraptor
|-resisted|p1a: Save Me|1
|-damage|p1a: Save Me|84/100
|-damage|p1b: Voyager|59/100
|move|p1b: Voyager|Water Spout|p2b: Staraptor|[spread] p2a,p2b
|-supereffective|p2a: Excadrill|1
|-damage|p2a: Excadrill|0 fnt
|-damage|p2b: Staraptor|3/100
|faint|p2a: Excadrill
|
|-weather|none
|upkeep
|
|t:|1785725685
|switch|p2a: Milotic|Milotic, L50, M|12/100
|turn|7
|
|t:|1785725697
|move|p1a: Save Me|Matcha Gotcha|p2a: Milotic|[spread] p2a,p2b
|-supereffective|p2a: Milotic|1
|-resisted|p2b: Staraptor|1
|-damage|p2a: Milotic|0 fnt
|-heal|p1a: Save Me|90/100|[from] drain|[of] p2a: Milotic
|-damage|p2b: Staraptor|0 fnt
|-heal|p1a: Save Me|92/100|[from] drain|[of] p2b: Staraptor
|faint|p2a: Milotic
|faint|p2b: Staraptor
|
|win|25th_mang
||sr. sotomonte is ready for game 3.
