|j|☆Karissel
|j|☆DINOLONK
|html|KarisselDINOLONK    
|uhtml|bestof|Game 1 of a best-of-3
|t:|1782508065
|gametype|doubles
|player|p1|Karissel|miku-ground|1232
|player|p2|DINOLONK|parasollady-gen4|1164
|gen|9
|tier|[Gen 9 Champions] VGC 2026 Reg M-B (Bo3)
|rated|
|rule|Species Clause: Limit one of each Pokémon
|rule|Item Clause: Limit 1 of each item
|clearpoke
|poke|p1|Pyroar, L50, F, shiny|
|poke|p1|Torkoal, L50, M, shiny|
|poke|p1|Farigiraf, L50, F|
|poke|p1|Vileplume, L50, M|
|poke|p1|Incineroar, L50, M|
|poke|p1|Floette-Eternal, L50, F|
|poke|p2|Hydreigon, L50, F|
|poke|p2|Garchomp, L50, F|
|poke|p2|Metagross, L50|
|poke|p2|Charizard, L50, F|
|poke|p2|Grimmsnarl, L50, M|
|poke|p2|Toxapex, L50, M|
|teampreview|4
|showteam|p1|Pyroar||Pyroarite|Unnerve|Protect,Overheat,HeatWave,SolarBeam|Timid||F|||50|]Torkoal||Charcoal|Drought|Protect,HelpingHand,Eruption,WeatherBall|Quiet||M|||50|]Farigiraf||SitrusBerry|ArmorTail|HelpingHand,TrickRoom,Psychic,Thunderbolt|Relaxed||F|||50|]Vileplume||FocusSash|Chlorophyll|SleepPowder,AfterYou,SludgeBomb,SolarBeam|Timid||M|||50|]Incineroar||WhiteHerb|Intimidate|FakeOut,FlareBlitz,DarkestLariat,CloseCombat|Brave||M|||50|]Floette-Eternal||Floettite|FlowerVeil|Protect,CalmMind,Moonblast,DrainingKiss|Modest||F|||50|
|showteam|p2|Hydreigon||ChoiceScarf|Levitate|HeatWave,DarkPulse,DracoMeteor,Snarl|Modest||F|||50|]Garchomp||SitrusBerry|RoughSkin|Earthquake,RockSlide,DragonClaw,Protect|Adamant||F|||50|]Metagross||Metagrossite|ClearBody|IronHead,HammerArm,BulletPunch,Protect|Adamant|||||50|]Charizard||CharizarditeY|Blaze|Protect,HeatWave,SolarBeam,WeatherBall|Timid||F|||50|]Grimmsnarl||RoseliBerry|Prankster|FakeOut,FoulPlay,Reflect,PartingShot|Sassy||M|||50|]Toxapex||Leftovers|Regenerator|Infestation,Toxic,BanefulBunker,WideGuard|Bold||M|||50|
|inactive|Battle timer is ON: inactive players will automatically lose when time's up. (requested by DINOLONK)
|inactive|Karissel also wants the timer to be on.
|c|☆DINOLONK|glhf
|inactive|Karissel has 60 seconds left.
|
|t:|1782508106
|teamsize|p1|4
|teamsize|p2|4
|start
|switch|p1a: Incineroar|Incineroar, L50, M|100/100
|switch|p1b: Farigiraf|Farigiraf, L50, F|100/100
|switch|p2a: Garchomp|Garchomp, L50, F|100/100
|switch|p2b: Hydreigon|Hydreigon, L50, F|100/100
|-ability|p1a: Incineroar|Intimidate|boost
|-unboost|p2a: Garchomp|atk|1
|-unboost|p2b: Hydreigon|atk|1
|turn|1
|inactive|Karissel has 30 seconds left.
|inactive|Karissel has 20 seconds left.
|
|t:|1782508142
|move|p1a: Incineroar|Fake Out|p2b: Hydreigon
|-damage|p2b: Hydreigon|83/100
|cant|p2b: Hydreigon|flinch
|move|p2a: Garchomp|Rock Slide|p1a: Incineroar|[spread] p1a,p1b
|-supereffective|p1a: Incineroar|1
|-damage|p1a: Incineroar|74/100
|-damage|p1b: Farigiraf|89/100
|move|p1b: Farigiraf|Trick Room|p1b: Farigiraf
|-fieldstart|move: Trick Room|[of] p1b: Farigiraf
|
|upkeep
|turn|2
|
|t:|1782508159
|move|p1a: Incineroar|Close Combat|p2b: Hydreigon
|-supereffective|p2b: Hydreigon|1
|-damage|p2b: Hydreigon|0 fnt
|-unboost|p1a: Incineroar|def|1
|-unboost|p1a: Incineroar|spd|1
|faint|p2b: Hydreigon
|-enditem|p1a: Incineroar|White Herb
|-clearnegativeboost|p1a: Incineroar|[silent]
|move|p1b: Farigiraf|Psychic|p2a: Garchomp
|-damage|p2a: Garchomp|67/100
|move|p2a: Garchomp|Earthquake|p1b: Farigiraf|[spread] p1a,p1b
|-supereffective|p1a: Incineroar|1
|-damage|p1a: Incineroar|23/100
|-damage|p1b: Farigiraf|70/100
|
|upkeep
|
|t:|1782508161
|switch|p2b: Toxapex|Toxapex, L50, M|100/100
|turn|3
|
|t:|1782508181
|move|p2b: Toxapex|Toxic|p1b: Farigiraf
|-status|p1b: Farigiraf|tox
|move|p1b: Farigiraf|Psychic|p2b: Toxapex
|-supereffective|p2b: Toxapex|1
|-damage|p2b: Toxapex|50/100g
|move|p1a: Incineroar|Darkest Lariat|p2b: Toxapex
|-damage|p2b: Toxapex|21/100
|move|p2a: Garchomp|Dragon Claw|p1a: Incineroar
|-damage|p1a: Incineroar|0 fnt
|faint|p1a: Incineroar
|
|-heal|p2b: Toxapex|27/100|[from] item: Leftovers
|-damage|p1b: Farigiraf|64/100 tox|[from] psn
|upkeep
|
|t:|1782508191
|switch|p1a: Torkoal|Torkoal, L50, M, shiny|100/100
|-weather|SunnyDay|[from] ability: Drought|[of] p1a: Torkoal
|turn|4
|
|t:|1782508200
|move|p2b: Toxapex|Baneful Bunker|p2b: Toxapex
|-singleturn|p2b: Toxapex|move: Protect
|move|p2a: Garchomp|Protect|p2a: Garchomp
|-singleturn|p2a: Garchomp|Protect
|move|p1a: Torkoal|Weather Ball|p2b: Toxapex
|-activate|p2b: Toxapex|move: Protect
|move|p1b: Farigiraf|Psychic|p2a: Garchomp
|-activate|p2a: Garchomp|move: Protect
|
|-weather|SunnyDay|[upkeep]
|-heal|p2b: Toxapex|33/100|[from] item: Leftovers
|-damage|p1b: Farigiraf|52/100 tox|[from] psn
|upkeep
|turn|5
|
|t:|1782508210
|-heal|p2b: Toxapex|66/100|[from] ability: Regenerator|[silent]
|switch|p2b: Charizard|Charizard, L50, F|100/100
|move|p1a: Torkoal|Weather Ball|p2a: Garchomp
|-resisted|p2a: Garchomp|1
|-damage|p2a: Garchomp|29/100
|-enditem|p2a: Garchomp|Sitrus Berry|[eat]
|-heal|p2a: Garchomp|54/100|[from] item: Sitrus Berry
|move|p1b: Farigiraf|Psychic|p2b: Charizard
|-damage|p2b: Charizard|60/100
|move|p2a: Garchomp|Earthquake|p1b: Farigiraf|[spread] p1a,p1b
|-immune|p2b: Charizard
|-supereffective|p1a: Torkoal|1
|-damage|p1a: Torkoal|62/100
|-damage|p1b: Farigiraf|34/100 tox
|-enditem|p1b: Farigiraf|Sitrus Berry|[eat]
|-heal|p1b: Farigiraf|59/100 tox|[from] item: Sitrus Berry
|
|-weather|SunnyDay|[upkeep]
|-damage|p1b: Farigiraf|40/100 tox|[from] psn
|-fieldend|move: Trick Room
|upkeep
|turn|6
|
|t:|1782508225
|detailschange|p2b: Charizard|Charizard-Mega-Y, L50, F
|-mega|p2b: Charizard|Charizard|Charizardite Y
|move|p1a: Torkoal|Protect|p1a: Torkoal
|-singleturn|p1a: Torkoal|Protect
|move|p2b: Charizard|Heat Wave|p1b: Farigiraf|[spread] p1b
|-activate|p1a: Torkoal|move: Protect
|-damage|p1b: Farigiraf|0 fnt
|faint|p1b: Farigiraf
|move|p2a: Garchomp|Earthquake|p1a: Torkoal|[spread] 
|-activate|p1a: Torkoal|move: Protect
|-immune|p2b: Charizard
|
|-weather|SunnyDay|[upkeep]
|upkeep
|
|t:|1782508229
|switch|p1b: Floette|Floette-Eternal, L50, F|100/100
|turn|7
|
|t:|1782508250
|detailschange|p1b: Floette|Floette-Mega, L50, F
|-mega|p1b: Floette|Floette|Floettite
|-ability|p1b: Floette|Fairy Aura
|move|p2b: Charizard|Weather Ball|p1b: Floette
|-damage|p1b: Floette|40/100
|move|p1b: Floette|Calm Mind|p1b: Floette
|-boost|p1b: Floette|spa|1
|-boost|p1b: Floette|spd|1
|move|p2a: Garchomp|Earthquake|p1a: Torkoal|[spread] p1a,p1b
|-immune|p2b: Charizard
|-supereffective|p1a: Torkoal|1
|-damage|p1a: Torkoal|18/100
|-damage|p1b: Floette|10/100
|move|p1a: Torkoal|Weather Ball|p2b: Charizard
|-resisted|p2b: Charizard|1
|-damage|p2b: Charizard|23/100
|
|-weather|SunnyDay|[upkeep]
|upkeep
|turn|8
|-message|Karissel forfeited.
|
|win|DINOLONK
