|j|☆daelien
|j|☆Tchoubib
|html|daelienTchoubib    
|uhtml|bestof|Game 1 of a best-of-3
|t:|1782393391
|gametype|doubles
|player|p1|daelien|101|1248
|player|p2|Tchoubib|pokekid|1360
|gen|9
|tier|[Gen 9 Champions] VGC 2026 Reg M-B (Bo3)
|rated|
|rule|Species Clause: Limit one of each Pokémon
|rule|Item Clause: Limit 1 of each item
|clearpoke
|poke|p1|Kingambit, L50, F|
|poke|p1|Volcarona, L50, M|
|poke|p1|Raichu, L50, M|
|poke|p1|Sneasler, L50, F|
|poke|p1|Sinistcha, L50|
|poke|p1|Whimsicott, L50, M|
|poke|p2|Incineroar, L50, F|
|poke|p2|Floette-Eternal, L50, F|
|poke|p2|Sinistcha, L50|
|poke|p2|Sneasler, L50, F|
|poke|p2|Delphox, L50, M|
|poke|p2|Kingambit, L50, F|
|teampreview|4
|showteam|p1|Kingambit||BlackGlasses|Defiant|Protect,KowtowCleave,SuckerPunch,SwordsDance|Adamant||F|||50|]Volcarona||Leftovers|FlameBody|FieryDance,StruggleBug,QuiverDance,Protect|Timid||M|||50|]Raichu||RaichuniteY|LightningRod|ZapCannon,FocusBlast,Protect,GrassKnot|Timid||M|||50|]Sneasler||WhiteHerb|Unburden|Protect,CloseCombat,DireClaw,FakeOut|Jolly||F|||50|]Sinistcha||KasibBerry|Hospitality|MatchaGotcha,Imprison,RagePowder,TrickRoom|Calm|||||50|]Whimsicott||FocusSash|Prankster|Moonblast,Tailwind,Encore,Protect|Timid||M|||50|
|showteam|p2|Incineroar||SitrusBerry|Intimidate|FakeOut,PartingShot,ThroatChop,FlareBlitz|Careful||F|||50|]Floette-Eternal||Floettite|FlowerVeil|DazzlingGleam,Moonblast,CalmMind,Protect|Modest||F|||50|]Sinistcha||OccaBerry|Hospitality|MatchaGotcha,RagePowder,TrickRoom,Protect|Bold|||||50|]Sneasler||FocusSash|PoisonTouch|QuickGuard,FakeOut,PoisonJab,CloseCombat|Jolly||F|||50|]Delphox||Delphoxite|Blaze|Protect,NastyPlot,HeatWave,Psyshock|Timid||M|||50|]Kingambit||BlackGlasses|Defiant|Protect,SwordsDance,KowtowCleave,SuckerPunch|Adamant||F|||50|
|inactive|Battle timer is ON: inactive players will automatically lose when time's up. (requested by daelien)
|inactive|Tchoubib has 60 seconds left.
|
|t:|1782393445
|teamsize|p1|4
|teamsize|p2|4
|start
|switch|p1a: Sneasler|Sneasler, L50, F|100/100
|switch|p1b: Volcarona|Volcarona, L50, M|100/100
|switch|p2a: Sneasler|Sneasler, L50, F|100/100
|switch|p2b: Delphox|Delphox, L50, M|100/100
|turn|1
|inactive|Tchoubib has 30 seconds left.
|inactive|Tchoubib has 20 seconds left.
|
|t:|1782393480
|detailschange|p2b: Delphox|Delphox-Mega, L50, M
|-mega|p2b: Delphox|Delphox|Delphoxite
|move|p1a: Sneasler|Fake Out|p2b: Delphox
|-damage|p2b: Delphox|81/100
|move|p2a: Sneasler|Fake Out|p1a: Sneasler
|-damage|p1a: Sneasler|77/100
|cant|p2b: Delphox|flinch
|move|p1b: Volcarona|Quiver Dance|p1b: Volcarona
|-boost|p1b: Volcarona|spa|1
|-boost|p1b: Volcarona|spd|1
|-boost|p1b: Volcarona|spe|1
|
|upkeep
|turn|2
|inactive|Tchoubib has 30 seconds left.
|inactive|Tchoubib has 20 seconds left.
|
|t:|1782393518
|move|p1a: Sneasler|Protect|p1a: Sneasler
|-singleturn|p1a: Sneasler|Protect
|move|p1b: Volcarona|Struggle Bug|p2a: Sneasler|[spread] p2a,p2b
|-resisted|p2a: Sneasler|2
|-damage|p2a: Sneasler|90/100
|-damage|p2b: Delphox|59/100
|-unboost|p2a: Sneasler|spa|1
|-unboost|p2b: Delphox|spa|1
|move|p2b: Delphox|Psyshock|p1a: Sneasler
|-activate|p1a: Sneasler|move: Protect
|move|p2a: Sneasler|Poison Jab|p1b: Volcarona
|-damage|p1b: Volcarona|45/100
|-status|p1b: Volcarona|psn
|
|-heal|p1b: Volcarona|51/100 psn|[from] item: Leftovers
|-damage|p1b: Volcarona|39/100 psn|[from] psn
|upkeep
|turn|3
|
|t:|1782393541
|switch|p1a: Sinistcha|Sinistcha, L50|100/100
|-heal|p1b: Volcarona|64/100 psn|[from] ability: Hospitality|[of] p1a: Sinistcha
|move|p1b: Volcarona|Fiery Dance|p2a: Sneasler
|-damage|p2a: Sneasler|7/100
|-boost|p1b: Volcarona|spa|1
|move|p2b: Delphox|Psyshock|p1a: Sinistcha
|-damage|p1a: Sinistcha|69/100
|move|p2a: Sneasler|Close Combat|p1a: Sinistcha
|-immune|p1a: Sinistcha
|
|-heal|p1b: Volcarona|70/100 psn|[from] item: Leftovers
|-damage|p1b: Volcarona|57/100 psn|[from] psn
|upkeep
|turn|4
|
|t:|1782393564
|switch|p2a: Sinistcha|Sinistcha, L50|100/100
|-heal|p2b: Delphox|83/100|[from] ability: Hospitality|[of] p2a: Sinistcha
|move|p1a: Sinistcha|Rage Powder|p1a: Sinistcha
|-singleturn|p1a: Sinistcha|move: Rage Powder
|move|p1b: Volcarona|Struggle Bug|p2b: Delphox|[spread] p2a,p2b
|-damage|p2a: Sinistcha|62/100
|-damage|p2b: Delphox|51/100
|-unboost|p2a: Sinistcha|spa|1
|-unboost|p2b: Delphox|spa|1
|move|p2b: Delphox|Nasty Plot|p2b: Delphox
|-boost|p2b: Delphox|spa|2
|
|-heal|p1b: Volcarona|63/100 psn|[from] item: Leftovers
|-damage|p1b: Volcarona|51/100 psn|[from] psn
|upkeep
|turn|5
|
|t:|1782393586
|move|p2a: Sinistcha|Protect|p2a: Sinistcha
|-singleturn|p2a: Sinistcha|Protect
|move|p1a: Sinistcha|Rage Powder|p1a: Sinistcha
|-singleturn|p1a: Sinistcha|move: Rage Powder
|move|p1b: Volcarona|Struggle Bug|p2a: Sinistcha|[spread] p2b
|-activate|p2a: Sinistcha|move: Protect
|-damage|p2b: Delphox|19/100
|-unboost|p2b: Delphox|spa|1
|move|p2b: Delphox|Heat Wave|p1a: Sinistcha|[spread] p1b
|-miss|p2b: Delphox|p1a: Sinistcha
|-damage|p1b: Volcarona|34/100 psn
|
|-heal|p1b: Volcarona|40/100 psn|[from] item: Leftovers
|-damage|p1b: Volcarona|28/100 psn|[from] psn
|upkeep
|turn|6
|
|t:|1782393609
|switch|p2a: Kingambit|Kingambit, L50, F|100/100
|move|p1a: Sinistcha|Rage Powder|p1a: Sinistcha
|-singleturn|p1a: Sinistcha|move: Rage Powder
|move|p1b: Volcarona|Struggle Bug|p2b: Delphox|[spread] p2a,p2b
|-damage|p2a: Kingambit|65/100
|-damage|p2b: Delphox|0 fnt
|-unboost|p2a: Kingambit|spa|1
|-ability|p2a: Kingambit|Defiant|boost
|-boost|p2a: Kingambit|atk|2
|faint|p2b: Delphox
|
|-heal|p1b: Volcarona|34/100 psn|[from] item: Leftovers
|-damage|p1b: Volcarona|21/100 psn|[from] psn
|upkeep
|
|t:|1782393620
|switch|p2b: Sinistcha|Sinistcha, L50|62/100
|-heal|p2a: Kingambit|89/100|[from] ability: Hospitality|[of] p2b: Sinistcha
|turn|7
|
|t:|1782393642
|move|p1a: Sinistcha|Rage Powder|p1a: Sinistcha
|-singleturn|p1a: Sinistcha|move: Rage Powder
|move|p2b: Sinistcha|Rage Powder|p2b: Sinistcha
|-singleturn|p2b: Sinistcha|move: Rage Powder
|move|p1b: Volcarona|Fiery Dance|p2b: Sinistcha
|-supereffective|p2b: Sinistcha|1
|-enditem|p2b: Sinistcha|Occa Berry|[eat]
|-enditem|p2b: Sinistcha|Occa Berry|[weaken]
|-damage|p2b: Sinistcha|0 fnt
|-boost|p1b: Volcarona|spa|1
|faint|p2b: Sinistcha
|move|p2a: Kingambit|Kowtow Cleave|p1a: Sinistcha
|-supereffective|p1a: Sinistcha|1
|-damage|p1a: Sinistcha|0 fnt
|faint|p1a: Sinistcha
|
|-heal|p1b: Volcarona|27/100 psn|[from] item: Leftovers
|-damage|p1b: Volcarona|15/100 psn|[from] psn
|upkeep
|
|t:|1782393661
|switch|p1a: Sneasler|Sneasler, L50, F|77/100
|switch|p2b: Sneasler|Sneasler, L50, F|7/100
|turn|8
|
|t:|1782393672
|move|p1a: Sneasler|Fake Out|p2b: Sneasler
|-damage|p2b: Sneasler|0 fnt
|faint|p2b: Sneasler
|move|p2a: Kingambit|Sucker Punch|p1b: Volcarona
|-damage|p1b: Volcarona|0 fnt
|faint|p1b: Volcarona
|
|upkeep
|
|t:|1782393679
|switch|p1b: Raichu|Raichu, L50, M|100/100
|turn|9
|
|t:|1782393685
|detailschange|p1b: Raichu|Raichu-Mega-Y, L50, M
|-mega|p1b: Raichu|Raichu|Raichunite Y
|move|p2a: Kingambit|Sucker Punch|p1b: Raichu
|-damage|p1b: Raichu|0 fnt
|faint|p1b: Raichu
|move|p1a: Sneasler|Close Combat|p2a: Kingambit
|-supereffective|p2a: Kingambit|2
|-damage|p2a: Kingambit|0 fnt
|-unboost|p1a: Sneasler|def|1
|-unboost|p1a: Sneasler|spd|1
|faint|p2a: Kingambit
|
|win|daelien
||Tchoubib is ready for game 2.
|inactive|daelien has 30 seconds to confirm battle start!
|l|☆daelien
|player|p1|
|inactive|daelien has 20 seconds to confirm battle start!
||daelien is ready for game 2.
|uhtml|next|Next: Game 2 of 3
