|j|☆Olciax34
|j|☆Bujero A subir
|html|Olciax34Bujero A subir    
|uhtml|bestof|Game 1 of a best-of-3
|t:|1756549988
|gametype|doubles
|player|p1|Olciax34|clair|1170
|player|p2|Bujero A subir|acetrainercouple|1089
|gen|9
|tier|[Gen 9] VGC 2025 Reg H (Bo3)
|rated|
|rule|Species Clause: Limit one of each Pokémon
|rule|Item Clause: Limit 1 of each item
|clearpoke
|poke|p1|Typhlosion-Hisui, L50, M|
|poke|p1|Whimsicott, L50, F|
|poke|p1|Ursaluna-Bloodmoon, L50, M|
|poke|p1|Annihilape, L50, M|
|poke|p1|Ninetales-Alola, L50, M|
|poke|p1|Incineroar, L50, F|
|poke|p2|Rillaboom, L50, M|
|poke|p2|Kingambit, L50, M|
|poke|p2|Sneasler, L50, M|
|poke|p2|Electabuzz, L50, M|
|poke|p2|Dragonite, L50, M|
|poke|p2|Volcarona, L50, M|
|teampreview|4
|showteam|p1|Typhlosion-Hisui||ChoiceSpecs|Blaze|HeatWave,Overheat,Eruption,ShadowBall|||M|||50|,,,,,Fire]Whimsicott||CovertCloak|Prankster|Tailwind,Moonblast,BeatUp,SunnyDay|||F|||50|,,,,,Water]Ursaluna-Bloodmoon||AssaultVest|MindsEye|BloodMoon,HyperVoice,EarthPower,VacuumWave|||M|||50|,,,,,Water]Annihilape||Leftovers|Defiant|DrainPunch,BulkUp,RageFist,Protect|||M|||50|,,,,,Fire]Ninetales-Alola||LightClay|SnowWarning|Blizzard,FreezeDry,Protect,AuroraVeil|||M|||50|,,,,,Ghost]Incineroar||SitrusBerry|Intimidate|KnockOff,FlareBlitz,PartingShot,FakeOut|||F|||50|,,,,,Ghost
|showteam|p2|Rillaboom||AssaultVest|GrassySurge|FakeOut,WoodHammer,HighHorsepower,GrassyGlide|||M|||50|,,,,,Fire]Kingambit||BlackGlasses|Defiant|KowtowCleave,SuckerPunch,SwordsDance,Protect|||M|||50|,,,,,Dark]Sneasler||GrassySeed|Unburden|CloseCombat,DireClaw,Protect,Coaching|||M|||50|,,,,,Stellar]Electabuzz||Eviolite|VitalSpirit|Electroweb,Taunt,FollowMe,Protect|||M|||50|,,,,,Dragon]Dragonite||LoadedDice|Multiscale|ScaleShot,Tailwind,Protect,Haze|||M|||50|,,,,,Fairy]Volcarona||CovertCloak|FlameBody|QuiverDance,TeraBlast,HeatWave,Protect|||M|||50|,,,,,Fairy
|inactive|Battle timer is ON: inactive players will automatically lose when time's up. (requested by Olciax34)
|inactive|Olciax34 has 60 seconds left.
|
|t:|1756550032
|teamsize|p1|4
|teamsize|p2|4
|start
|switch|p1a: Annihilape|Annihilape, L50, M|100/100
|switch|p1b: Ninetales|Ninetales-Alola, L50, M|100/100
|switch|p2a: Kingambit|Kingambit, L50, M, shiny|100/100
|switch|p2b: Electabuzz|Electabuzz, L50, M, shiny|100/100
|-weather|Snowscape|[from] ability: Snow Warning|[of] p1b: Ninetales
|turn|1
|
|t:|1756550049
|move|p1b: Ninetales|Aurora Veil|p1b: Ninetales
|-sidestart|p1: Olciax34|move: Aurora Veil
|move|p2b: Electabuzz|Taunt|p1a: Annihilape
|-start|p1a: Annihilape|move: Taunt
|cant|p1a: Annihilape|move: Taunt|Bulk Up
|move|p2a: Kingambit|Swords Dance|p2a: Kingambit
|-boost|p2a: Kingambit|atk|2
|
|-weather|Snowscape|[upkeep]
|upkeep
|turn|2
|
|t:|1756550069
|-terastallize|p2a: Kingambit|Dark
|move|p2b: Electabuzz|Follow Me|p2b: Electabuzz
|-singleturn|p2b: Electabuzz|move: Follow Me
|move|p2a: Kingambit|Sucker Punch|p1a: Annihilape
|-crit|p1a: Annihilape
|-damage|p1a: Annihilape|0 fnt
|faint|p1a: Annihilape
|move|p1b: Ninetales|Blizzard|p2b: Electabuzz|[spread] p2a,p2b
|-damage|p2a: Kingambit|68/100
|-damage|p2b: Electabuzz|76/100
|
|-weather|Snowscape|[upkeep]
|upkeep
|
|t:|1756550079
|switch|p1a: Ursaluna|Ursaluna-Bloodmoon, L50, M|100/100
|turn|3
|c|☆Bujero A subir|sorry
|c|☆Olciax34|its fine
|
|t:|1756550095
|move|p2a: Kingambit|Protect|p2a: Kingambit
|-singleturn|p2a: Kingambit|Protect
|move|p1b: Ninetales|Blizzard|p2a: Kingambit|[spread] p2b
|-activate|p2a: Kingambit|move: Protect
|-damage|p2b: Electabuzz|51/100
|move|p2b: Electabuzz|Electroweb|p1a: Ursaluna|[spread] p1b
|-immune|p1a: Ursaluna
|-damage|p1b: Ninetales|90/100
|-unboost|p1b: Ninetales|spe|1
|move|p1a: Ursaluna|Hyper Voice|p2b: Electabuzz|[spread] p2b
|-activate|p2a: Kingambit|move: Protect
|-damage|p2b: Electabuzz|16/100
|
|-weather|Snowscape|[upkeep]
|upkeep
|turn|4
|inactive|Bujero A subir has 30 seconds left.
|inactive|Bujero A subir has 20 seconds left.
|inactive|Bujero A subir has 15 seconds left.
|inactive|Bujero A subir has 10 seconds left.
|
|t:|1756550143
|move|p2b: Electabuzz|Follow Me|p2b: Electabuzz
|-singleturn|p2b: Electabuzz|move: Follow Me
|move|p1b: Ninetales|Blizzard|p2a: Kingambit|[spread] p2a,p2b
|-damage|p2a: Kingambit|35/100
|-damage|p2b: Electabuzz|0 fnt
|faint|p2b: Electabuzz
|move|p1a: Ursaluna|Blood Moon|p2a: Kingambit
|-damage|p2a: Kingambit|0 fnt
|faint|p2a: Kingambit
|
|-weather|Snowscape|[upkeep]
|upkeep
|
|t:|1756550147
|switch|p2b: Volcarona|Volcarona, L50, M|100/100
|switch|p2a: Rillaboom|Rillaboom, L50, M, shiny|100/100
|-fieldstart|move: Grassy Terrain|[from] ability: Grassy Surge|[of] p2a: Rillaboom
|turn|5
|inactive|Olciax34 has 30 seconds left.
|inactive|Olciax34 has 20 seconds left.
|
|t:|1756550183
|switch|p1a: Typhlosion|Typhlosion-Hisui, L50, M|100/100
|move|p2a: Rillaboom|Fake Out|p1b: Ninetales
|-damage|p1b: Ninetales|80/100
|move|p2b: Volcarona|Quiver Dance|p2b: Volcarona
|-boost|p2b: Volcarona|spa|1
|-boost|p2b: Volcarona|spd|1
|-boost|p2b: Volcarona|spe|1
|cant|p1b: Ninetales|flinch
|
|-weather|none
|-heal|p1b: Ninetales|86/100|[from] Grassy Terrain
|upkeep
|turn|6
|inactive|Olciax34 has 30 seconds left.
|inactive|Bujero A subir has 30 seconds left.
|inactive|Bujero A subir has 20 seconds left.
|
|t:|1756550221
|-terastallize|p1b: Ninetales|Ghost
|move|p2a: Rillaboom|Grassy Glide|p1a: Typhlosion
|-resisted|p1a: Typhlosion
|-damage|p1a: Typhlosion|84/100
|move|p2b: Volcarona|Heat Wave|p1b: Ninetales|[spread] p1b
|-miss|p2b: Volcarona|p1a: Typhlosion
|-damage|p1b: Ninetales|45/100
|move|p1a: Typhlosion|Heat Wave|p2a: Rillaboom|[spread] p2a,p2b
|-supereffective|p2a: Rillaboom
|-damage|p2a: Rillaboom|28/100
|-damage|p2b: Volcarona|67/100
|move|p1b: Ninetales|Freeze-Dry|p2a: Rillaboom
|-supereffective|p2a: Rillaboom
|-damage|p2a: Rillaboom|0 fnt
|faint|p2a: Rillaboom
|
|-heal|p2b: Volcarona|73/100|[from] Grassy Terrain
|-heal|p1a: Typhlosion|90/100|[from] Grassy Terrain
|-heal|p1b: Ninetales|52/100|[from] Grassy Terrain
|upkeep
|turn|7
|-message|Bujero A subir forfeited.
|
|win|Olciax34
||Bujero A subir is ready for game 2.
||Olciax34 is ready for game 2.
|uhtml|next|Next: Game 2 of 3
