|j|☆tajinvgc
|j|☆kigokigo
|html|tajinvgckigokigo    
|uhtml|bestof|Game 2 of a best-of-3
|t:|1784244826
|gametype|doubles
|player|p1|tajinvgc|palmer|1077
|player|p2|kigokigo|1|1102
|gen|9
|tier|[Gen 9 Champions] VGC 2026 Reg M-B (Bo3)
|rated|
|rule|Species Clause: Limit one of each Pokémon
|rule|Item Clause: Limit 1 of each item
|clearpoke
|poke|p1|Venusaur, L50, M, shiny|
|poke|p1|Charizard, L50, M, shiny|
|poke|p1|Pelipper, L50, F, shiny|
|poke|p1|Grimmsnarl, L50, M, shiny|
|poke|p1|Archaludon, L50, M, shiny|
|poke|p1|Basculegion, L50, M|
|poke|p2|Whimsicott, L50, F|
|poke|p2|Gholdengo, L50|
|poke|p2|Grimmsnarl, L50, M|
|poke|p2|Incineroar, L50, M|
|poke|p2|Klefki, L50, F|
|poke|p2|Staraptor, L50, F|
|teampreview|4
|showteam|p1|Venusaur||FocusSash|Chlorophyll|Protect,SludgeBomb,EarthPower,SleepPowder|Modest||M|||50|]Charizard||CharizarditeY|Blaze|Protect,HeatWave,WeatherBall,SolarBeam|Modest||M|||50|]Pelipper||SitrusBerry|Drizzle|Hurricane,Tailwind,WeatherBall,WideGuard|Modest||F|||50|]Grimmsnarl||LightClay|Prankster|SpiritBreak,Reflect,LightScreen,PartingShot|Sassy||M|||50|]Archaludon||Leftovers|Stamina|ElectroShot,Protect,DragonPulse,FlashCannon|Calm||M|||50|]Basculegion||ChoiceScarf|Adaptability|WaveCrash,AquaJet,FlipTurn,LastRespects|Jolly||M|||50|
|showteam|p2|Whimsicott||FocusSash|Prankster|Charm,Encore,FakeTears,Protect|Bold||F|||50|]Gholdengo||LifeOrb|GoodasGold|MakeItRain,Protect,NastyPlot,ShadowBall|Timid|||||50|]Grimmsnarl||LightClay|Prankster|LightScreen,Reflect,PartingShot,FakeOut|Calm||M|||50|]Incineroar||ChopleBerry|Intimidate|FakeOut,PartingShot,FlareBlitz,DarkestLariat|Impish||M|||50|]Klefki||ChoiceScarf|Prankster|FlashCannon,Switcheroo,MistyTerrain,MetalSound|Calm||F|||50|]Staraptor||Staraptite|Intimidate|CloseCombat,BraveBird,Roost,Protect|Jolly||F|||50|
|inactive|Battle timer is ON: inactive players will automatically lose when time's up. (requested by tajinvgc)
|inactive|tajinvgc has 60 seconds left.
|inactive|kigokigo has 60 seconds left.
|
|t:|1784244886
|teamsize|p1|4
|teamsize|p2|4
|start
|switch|p1a: Pelipper|Pelipper, L50, F, shiny|100/100
|switch|p1b: Archaludon|Archaludon, L50, M, shiny|100/100
|switch|p2a: Grimmsnarl|Grimmsnarl, L50, M|100/100
|switch|p2b: Incineroar|Incineroar, L50, M|100/100
|-weather|RainDance|[from] ability: Drizzle|[of] p1a: Pelipper
|-ability|p2b: Incineroar|Intimidate|boost
|-unboost|p1a: Pelipper|atk|1
|-unboost|p1b: Archaludon|atk|1
|turn|1
|inactive|tajinvgc has 30 seconds left.
|inactive|kigokigo has 30 seconds left.
|inactive|tajinvgc has 20 seconds left.
|inactive|tajinvgc has 15 seconds left.
|
|t:|1784244927
|switch|p2a: Staraptor|Staraptor, L50, F|100/100
|-ability|p2a: Staraptor|Intimidate|boost
|-unboost|p1a: Pelipper|atk|1
|-unboost|p1b: Archaludon|atk|1
|switch|p2b: Whimsicott|Whimsicott, L50, F|100/100
|move|p1b: Archaludon|Electro Shot||[still]
|-prepare|p1b: Archaludon|Electro Shot
|-boost|p1b: Archaludon|spa|1
|-anim|p1b: Archaludon|Electro Shot|p2b: Whimsicott
|-resisted|p2b: Whimsicott|1
|-damage|p2b: Whimsicott|70/100
|move|p1a: Pelipper|Tailwind|p1a: Pelipper
|-sidestart|p1: tajinvgc|move: Tailwind
|
|-weather|RainDance|[upkeep]
|upkeep
|turn|2
|inactive|tajinvgc has 30 seconds left.
|inactive|tajinvgc has 20 seconds left.
|inactive|tajinvgc has 15 seconds left.
|
|t:|1784244971
|switch|p1b: Basculegion|Basculegion, L50, M|100/100
|move|p2a: Staraptor|Protect|p2a: Staraptor
|-singleturn|p2a: Staraptor|Protect
|move|p2b: Whimsicott|Encore|p1a: Pelipper
|-start|p1a: Pelipper|Encore
|move|p1a: Pelipper|Tailwind||[still]
|-fail|p1a: Pelipper
|
|-weather|RainDance|[upkeep]
|upkeep
|turn|3
|
|t:|1784244995
|switch|p1a: Archaludon|Archaludon, L50, M, shiny|100/100
|detailschange|p2a: Staraptor|Staraptor-Mega, L50, F
|-mega|p2a: Staraptor|Staraptor|Staraptite
|move|p2b: Whimsicott|Charm|p1b: Basculegion
|-unboost|p1b: Basculegion|atk|2
|move|p1b: Basculegion|Wave Crash|p2a: Staraptor
|-damage|p2a: Staraptor|54/100
|-damage|p1b: Basculegion|85/100|[from] Recoil
|move|p2a: Staraptor|Close Combat|p1a: Archaludon
|-supereffective|p1a: Archaludon|1
|-damage|p1a: Archaludon|20/100y
|-boost|p2a: Staraptor|def|1
|-boost|p2a: Staraptor|spd|1
|-ability|p1a: Archaludon|Stamina|boost
|-boost|p1a: Archaludon|def|1
|
|-weather|RainDance|[upkeep]
|-heal|p1a: Archaludon|27/100|[from] item: Leftovers
|upkeep
|turn|4
|inactive|tajinvgc has 30 seconds left.
|inactive|tajinvgc has 20 seconds left.
|
|t:|1784245035
|move|p2b: Whimsicott|Protect|p2b: Whimsicott
|-singleturn|p2b: Whimsicott|Protect
|move|p2a: Staraptor|Protect|p2a: Staraptor
|-singleturn|p2a: Staraptor|Protect
|move|p1b: Basculegion|Wave Crash|p2a: Staraptor
|-activate|p2a: Staraptor|move: Protect
|move|p1a: Archaludon|Flash Cannon|p2b: Whimsicott
|-activate|p2b: Whimsicott|move: Protect
|
|-weather|RainDance|[upkeep]
|-heal|p1a: Archaludon|33/100|[from] item: Leftovers
|-sideend|p1: tajinvgc|move: Tailwind
|upkeep
|turn|5
|
|t:|1784245055
|move|p1a: Archaludon|Protect|p1a: Archaludon
|-singleturn|p1a: Archaludon|Protect
|move|p2b: Whimsicott|Charm|p1b: Basculegion
|-unboost|p1b: Basculegion|atk|2
|move|p1b: Basculegion|Wave Crash|p2a: Staraptor
|-crit|p2a: Staraptor
|-damage|p2a: Staraptor|0 fnt
|faint|p2a: Staraptor
|-damage|p1b: Basculegion|67/100|[from] Recoil
|
|-weather|none
|-heal|p1a: Archaludon|39/100|[from] item: Leftovers
|upkeep
|-message|kigokigo forfeited.
|
|win|tajinvgc
|l|☆kigokigo
|player|p2|
||kigokigo is ready for game 3.
