|j|☆AnriVGC
|j|☆Dkswagggy
|html|AnriVGCDkswagggy    
|uhtml|bestof|Game 2 of a best-of-3
|t:|1756235012
|gametype|doubles
|player|p1|AnriVGC|hilda-masters3|1163
|player|p2|Dkswagggy|steven|1197
|gen|9
|tier|[Gen 9] VGC 2025 Reg H (Bo3)
|rated|
|rule|Species Clause: Limit one of each Pokémon
|rule|Item Clause: Limit 1 of each item
|clearpoke
|poke|p1|Gholdengo, L50|
|poke|p1|Sneasler, L50, F|
|poke|p1|Rillaboom, L50, M|
|poke|p1|Dragonite, L50, F|
|poke|p1|Ninetales-Alola, L50, M|
|poke|p1|Arcanine-Hisui, L50, F|
|poke|p2|Volcarona, L50, M|
|poke|p2|Ursaluna-Bloodmoon, L50, M|
|poke|p2|Dragonite, L50, F|
|poke|p2|Gholdengo, L50|
|poke|p2|Gallade, L50, M|
|poke|p2|Amoonguss, L50, F|
|teampreview|4
|showteam|p1|Gholdengo||GrassySeed|GoodasGold|NastyPlot,MakeItRain,ShadowBall,Protect||||||50|,,,,,Water]Sneasler||FocusSash|Unburden|CloseCombat,DireClaw,Coaching,FakeOut|||F|||50|,,,,,Ghost]Rillaboom||AssaultVest|GrassySurge|FakeOut,GrassyGlide,DrumBeating,HighHorsepower|||M|||50|,,,,,Fire]Dragonite||LoadedDice|Multiscale|ScaleShot,StompingTantrum,Haze,Protect|||F|||50|,,,,,Steel]Ninetales-Alola||CovertCloak|SnowWarning|IcyWind,Blizzard,Encore,AuroraVeil|||M|||50|,,,,,Water]Arcanine-Hisui||ClearAmulet|Intimidate|RockSlide,FlareBlitz,ExtremeSpeed,Protect|||F|||50|,,,,,Grass
|showteam|p2|Volcarona||Leftovers|FlameBody|Protect,QuiverDance,HeatWave,GigaDrain|||M|||50|,,,,,Grass]Ursaluna-Bloodmoon||AssaultVest|MindsEye|BloodMoon,HyperVoice,EarthPower,VacuumWave|||M|||50|,,,,,Normal]Dragonite||LoadedDice|InnerFocus|Protect,Haze,ScaleShot,ExtremeSpeed|||F|||50|,,,,,Fairy]Gholdengo||LifeOrb|GoodasGold|Protect,NastyPlot,ShadowBall,MakeItRain||||||50|,,,,,Water]Gallade||CovertCloak|Sharpness|Protect,TrickRoom,PsychoCut,SacredSword|||M|||50|,,,,,Steel]Amoonguss||SitrusBerry|Regenerator|Spore,RagePowder,PollenPuff,SludgeBomb|||F|||50|,,,,,Water
|
|t:|1756235034
|teamsize|p1|4
|teamsize|p2|4
|start
|switch|p1a: Ninetales|Ninetales-Alola, L50, M|100/100
|switch|p1b: Arcanine|Arcanine-Hisui, L50, F|100/100
|switch|p2a: Ursaluna|Ursaluna-Bloodmoon, L50, M|100/100
|switch|p2b: Gholdengo|Gholdengo, L50|100/100
|-weather|Snowscape|[from] ability: Snow Warning|[of] p1a: Ninetales
|-ability|p1b: Arcanine|Intimidate|boost
|-unboost|p2a: Ursaluna|atk|1
|-unboost|p2b: Gholdengo|atk|1
|turn|1
|inactive|Battle timer is ON: inactive players will automatically lose when time's up. (requested by Dkswagggy)
|inactive|AnriVGC has 60 seconds left.
|
|t:|1756235066
|switch|p1b: Rillaboom|Rillaboom, L50, M|100/100
|-fieldstart|move: Grassy Terrain|[from] ability: Grassy Surge|[of] p1b: Rillaboom
|-terastallize|p1a: Ninetales|Water
|-terastallize|p2b: Gholdengo|Water
|move|p1a: Ninetales|Aurora Veil|p1a: Ninetales
|-sidestart|p1: AnriVGC|move: Aurora Veil
|move|p2b: Gholdengo|Make It Rain|p1a: Ninetales|[spread] p1a,p1b
|-resisted|p1a: Ninetales
|-crit|p1a: Ninetales
|-damage|p1a: Ninetales|53/100
|-damage|p1b: Rillaboom|61/100
|-unboost|p2b: Gholdengo|spa|1
|-damage|p2b: Gholdengo|91/100|[from] item: Life Orb
|move|p2a: Ursaluna|Earth Power|p1b: Rillaboom
|-resisted|p1b: Rillaboom
|-damage|p1b: Rillaboom|47/100
|
|-weather|Snowscape|[upkeep]
|-heal|p1a: Ninetales|59/100|[from] Grassy Terrain
|-heal|p1b: Rillaboom|53/100|[from] Grassy Terrain
|-heal|p2b: Gholdengo|97/100|[from] Grassy Terrain
|upkeep
|turn|2
|inactive|AnriVGC has 30 seconds left.
|
|t:|1756235095
|move|p2b: Gholdengo|Protect|p2b: Gholdengo
|-singleturn|p2b: Gholdengo|Protect
|move|p1a: Ninetales|Encore|p2a: Ursaluna
|-start|p2a: Ursaluna|Encore
|move|p1b: Rillaboom|Drum Beating|p2b: Gholdengo
|-activate|p2b: Gholdengo|move: Protect
|move|p2a: Ursaluna|Earth Power|p1a: Ninetales
|-damage|p1a: Ninetales|29/100
|
|-weather|Snowscape|[upkeep]
|-heal|p1a: Ninetales|35/100|[from] Grassy Terrain
|-heal|p1b: Rillaboom|59/100|[from] Grassy Terrain
|-heal|p2b: Gholdengo|100/100|[from] Grassy Terrain
|upkeep
|turn|3
|inactive|AnriVGC has 30 seconds left.
|inactive|Dkswagggy has 30 seconds left.
|
|t:|1756235130
|switch|p2b: Volcarona|Volcarona, L50, M, shiny|100/100
|move|p1a: Ninetales|Blizzard|p2b: Volcarona|[spread] p2a,p2b
|-supereffective|p2a: Ursaluna
|-resisted|p2b: Volcarona
|-damage|p2a: Ursaluna|69/100
|-damage|p2b: Volcarona|90/100
|-status|p2a: Ursaluna|frz
|move|p1b: Rillaboom|Drum Beating|p2b: Volcarona
|-resisted|p2b: Volcarona
|-damage|p2b: Volcarona|75/100
|-unboost|p2b: Volcarona|spe|1
|cant|p2a: Ursaluna|frz
|
|-weather|Snowscape|[upkeep]
|-heal|p1a: Ninetales|42/100|[from] Grassy Terrain
|-heal|p1b: Rillaboom|65/100|[from] Grassy Terrain
|-heal|p2b: Volcarona|80/100|[from] Grassy Terrain
|-heal|p2b: Volcarona|86/100|[from] item: Leftovers
|-heal|p2a: Ursaluna|74/100 frz|[from] Grassy Terrain
|upkeep
|turn|4
|
|t:|1756235151
|move|p1a: Ninetales|Blizzard|p2b: Volcarona|[spread] p2a,p2b
|-supereffective|p2a: Ursaluna
|-resisted|p2b: Volcarona
|-damage|p2a: Ursaluna|42/100 frz
|-damage|p2b: Volcarona|75/100
|move|p1b: Rillaboom|High Horsepower|p2b: Volcarona
|-damage|p2b: Volcarona|41/100
|-status|p1b: Rillaboom|brn|[from] ability: Flame Body|[of] p2b: Volcarona
|move|p2b: Volcarona|Quiver Dance|p2b: Volcarona
|-boost|p2b: Volcarona|spa|1
|-boost|p2b: Volcarona|spd|1
|-boost|p2b: Volcarona|spe|1
|cant|p2a: Ursaluna|frz
|
|-weather|Snowscape|[upkeep]
|-heal|p1a: Ninetales|48/100|[from] Grassy Terrain
|-heal|p1b: Rillaboom|71/100 brn|[from] Grassy Terrain
|-heal|p2b: Volcarona|47/100|[from] Grassy Terrain
|-heal|p2b: Volcarona|53/100|[from] item: Leftovers
|-heal|p2a: Ursaluna|47/100 frz|[from] Grassy Terrain
|-damage|p1b: Rillaboom|65/100 brn|[from] brn
|-end|p2a: Ursaluna|Encore
|upkeep
|turn|5
|
|t:|1756235174
|move|p2b: Volcarona|Protect|p2b: Volcarona
|-singleturn|p2b: Volcarona|Protect
|move|p1a: Ninetales|Icy Wind|p2a: Ursaluna|[spread] p2a
|-activate|p2b: Volcarona|move: Protect
|-supereffective|p2a: Ursaluna
|-damage|p2a: Ursaluna|30/100 frz
|-unboost|p2a: Ursaluna|spe|1
|move|p1b: Rillaboom|Drum Beating|p2a: Ursaluna
|-supereffective|p2a: Ursaluna
|-damage|p2a: Ursaluna|0 fnt
|faint|p2a: Ursaluna
|
|-weather|none
|-heal|p1a: Ninetales|54/100|[from] Grassy Terrain
|-heal|p1b: Rillaboom|71/100 brn|[from] Grassy Terrain
|-heal|p2b: Volcarona|58/100|[from] Grassy Terrain
|-heal|p2b: Volcarona|64/100|[from] item: Leftovers
|-damage|p1b: Rillaboom|65/100 brn|[from] brn
|-sideend|p1: AnriVGC|move: Aurora Veil
|-fieldend|move: Grassy Terrain
|upkeep
|
|t:|1756235191
|switch|p2a: Gallade|Gallade, L50, M, shiny|100/100
|turn|6
|
|t:|1756235205
|switch|p1b: Arcanine|Arcanine-Hisui, L50, F|100/100
|-ability|p1b: Arcanine|Intimidate|boost
|-unboost|p2a: Gallade|atk|1
|-unboost|p2b: Volcarona|atk|1
|move|p1a: Ninetales|Encore|p2b: Volcarona
|-start|p2b: Volcarona|Encore
|move|p2b: Volcarona|Protect||[still]
|-fail|p2b: Volcarona
|move|p2a: Gallade|Trick Room|p2a: Gallade
|-fieldstart|move: Trick Room|[of] p2a: Gallade
|
|-heal|p2b: Volcarona|70/100|[from] item: Leftovers
|upkeep
|turn|7
|
|t:|1756235227
|switch|p1a: Rillaboom|Rillaboom, L50, M|65/100 brn
|-fieldstart|move: Grassy Terrain|[from] ability: Grassy Surge|[of] p1a: Rillaboom
|move|p2b: Volcarona|Protect|p2b: Volcarona
|-singleturn|p2b: Volcarona|Protect
|move|p1b: Arcanine|Protect|p1b: Arcanine
|-singleturn|p1b: Arcanine|Protect
|move|p2a: Gallade|Sacred Sword|p1b: Arcanine
|-activate|p1b: Arcanine|move: Protect
|
|-heal|p2b: Volcarona|76/100|[from] Grassy Terrain
|-heal|p2b: Volcarona|82/100|[from] item: Leftovers
|-heal|p1a: Rillaboom|71/100 brn|[from] Grassy Terrain
|-damage|p1a: Rillaboom|65/100 brn|[from] brn
|upkeep
|turn|8
|
|t:|1756235240
|switch|p2b: Gholdengo|Gholdengo, L50, tera:Water|100/100
|move|p2a: Gallade|Protect|p2a: Gallade
|-singleturn|p2a: Gallade|Protect
|move|p1a: Rillaboom|Fake Out|p2a: Gallade
|-activate|p2a: Gallade|move: Protect
|move|p1b: Arcanine|Rock Slide|p2a: Gallade|[spread] p2b
|-activate|p2a: Gallade|move: Protect
|-damage|p2b: Gholdengo|72/100
|
|-heal|p2b: Gholdengo|78/100|[from] Grassy Terrain
|-heal|p1a: Rillaboom|71/100 brn|[from] Grassy Terrain
|-damage|p1a: Rillaboom|65/100 brn|[from] brn
|upkeep
|turn|9
|
|t:|1756235261
|switch|p1b: Gholdengo|Gholdengo, L50|100/100
|-enditem|p1b: Gholdengo|Grassy Seed
|-boost|p1b: Gholdengo|def|1|[from] item: Grassy Seed
|move|p2b: Gholdengo|Protect|p2b: Gholdengo
|-singleturn|p2b: Gholdengo|Protect
|move|p1a: Rillaboom|Grassy Glide|p2b: Gholdengo
|-activate|p2b: Gholdengo|move: Protect
|move|p2a: Gallade|Sacred Sword|p1b: Gholdengo
|-immune|p1b: Gholdengo
|
|-heal|p2b: Gholdengo|85/100|[from] Grassy Terrain
|-heal|p1a: Rillaboom|71/100 brn|[from] Grassy Terrain
|-damage|p1a: Rillaboom|65/100 brn|[from] brn
|upkeep
|turn|10
|
|t:|1756235283
|switch|p1b: Arcanine|Arcanine-Hisui, L50, F|100/100
|-ability|p1b: Arcanine|Intimidate|boost
|-unboost|p2a: Gallade|atk|1
|-unboost|p2b: Gholdengo|atk|1
|move|p2a: Gallade|Sacred Sword|p1a: Rillaboom
|-damage|p1a: Rillaboom|24/100 brn
|move|p2b: Gholdengo|Shadow Ball|p1b: Arcanine
|-damage|p1b: Arcanine|35/100
|-damage|p2b: Gholdengo|75/100|[from] item: Life Orb
|move|p1a: Rillaboom|Drum Beating|p2b: Gholdengo
|-supereffective|p2b: Gholdengo
|-damage|p2b: Gholdengo|20/100
|-unboost|p2b: Gholdengo|spe|1
|
|-heal|p2b: Gholdengo|26/100|[from] Grassy Terrain
|-heal|p1a: Rillaboom|30/100 brn|[from] Grassy Terrain
|-heal|p1b: Arcanine|41/100|[from] Grassy Terrain
|-damage|p1a: Rillaboom|24/100 brn|[from] brn
|-fieldend|move: Trick Room
|upkeep
|turn|11
|inactive|AnriVGC has 30 seconds left.
|
|t:|1756235320
|switch|p1a: Ninetales|Ninetales-Alola, L50, M, tera:Water|54/100
|-weather|Snowscape|[from] ability: Snow Warning|[of] p1a: Ninetales
|move|p1b: Arcanine|Flare Blitz|p2a: Gallade
|-damage|p2a: Gallade|21/100
|-damage|p1b: Arcanine|17/100|[from] Recoil
|move|p2a: Gallade|Sacred Sword|p1b: Arcanine
|-supereffective|p1b: Arcanine
|-damage|p1b: Arcanine|0 fnt
|faint|p1b: Arcanine
|move|p2b: Gholdengo|Make It Rain|p1a: Ninetales
|-resisted|p1a: Ninetales
|-damage|p1a: Ninetales|8/100
|-unboost|p2b: Gholdengo|spa|1
|-damage|p2b: Gholdengo|16/100|[from] item: Life Orb
|
|-weather|Snowscape|[upkeep]
|-heal|p1a: Ninetales|14/100|[from] Grassy Terrain
|-heal|p2a: Gallade|27/100|[from] Grassy Terrain
|-heal|p2b: Gholdengo|22/100|[from] Grassy Terrain
|-fieldend|move: Grassy Terrain
|upkeep
|
|t:|1756235334
|switch|p1b: Rillaboom|Rillaboom, L50, M|24/100 brn
|-fieldstart|move: Grassy Terrain|[from] ability: Grassy Surge|[of] p1b: Rillaboom
|turn|12
|
|t:|1756235342
|move|p1b: Rillaboom|Fake Out|p2a: Gallade
|-damage|p2a: Gallade|17/100
|move|p1a: Ninetales|Aurora Veil|p1a: Ninetales
|-sidestart|p1: AnriVGC|move: Aurora Veil
|move|p2a: Gallade|Sacred Sword|p1a: Ninetales
|-damage|p1a: Ninetales|0 fnt
|faint|p1a: Ninetales
|move|p2b: Gholdengo|Make It Rain|p1b: Rillaboom
|-damage|p1b: Rillaboom|0 fnt
|-unboost|p2b: Gholdengo|spa|1
|faint|p1b: Rillaboom
|-damage|p2b: Gholdengo|12/100|[from] item: Life Orb
|
|-weather|Snowscape|[upkeep]
|-heal|p2a: Gallade|23/100|[from] Grassy Terrain
|-heal|p2b: Gholdengo|18/100|[from] Grassy Terrain
|upkeep
|
|t:|1756235349
|switch|p1b: Gholdengo|Gholdengo, L50|100/100
|turn|13
|
|t:|1756235361
|move|p1b: Gholdengo|Make It Rain|p2a: Gallade|[spread] p2a,p2b
|-resisted|p2b: Gholdengo
|-damage|p2a: Gallade|0 fnt
|-damage|p2b: Gholdengo|0 fnt
|-unboost|p1b: Gholdengo|spa|1
|faint|p2a: Gallade
|faint|p2b: Gholdengo
|
|-weather|Snowscape|[upkeep]
|upkeep
|
|t:|1756235366
|switch|p2a: Volcarona|Volcarona, L50, M, shiny|82/100
|turn|14
|
|t:|1756235370
|move|p1b: Gholdengo|Shadow Ball|p2a: Volcarona
|-damage|p2a: Volcarona|55/100
|move|p2a: Volcarona|Quiver Dance|p2a: Volcarona
|-boost|p2a: Volcarona|spa|1
|-boost|p2a: Volcarona|spd|1
|-boost|p2a: Volcarona|spe|1
|
|-weather|Snowscape|[upkeep]
|-heal|p2a: Volcarona|60/100|[from] Grassy Terrain
|-heal|p2a: Volcarona|66/100|[from] item: Leftovers
|upkeep
|turn|15
|
|t:|1756235382
|move|p2a: Volcarona|Quiver Dance|p2a: Volcarona
|-boost|p2a: Volcarona|spa|1
|-boost|p2a: Volcarona|spd|1
|-boost|p2a: Volcarona|spe|1
|move|p1b: Gholdengo|Nasty Plot|p1b: Gholdengo
|-boost|p1b: Gholdengo|spa|2
|
|-weather|none
|-heal|p2a: Volcarona|72/100|[from] Grassy Terrain
|-heal|p2a: Volcarona|78/100|[from] item: Leftovers
|upkeep
|turn|16
|
|t:|1756235392
|move|p2a: Volcarona|Protect|p2a: Volcarona
|-singleturn|p2a: Volcarona|Protect
|move|p1b: Gholdengo|Shadow Ball|p2a: Volcarona
|-activate|p2a: Volcarona|move: Protect
|
|-heal|p2a: Volcarona|84/100|[from] Grassy Terrain
|-heal|p2a: Volcarona|89/100|[from] item: Leftovers
|-sideend|p1: AnriVGC|move: Aurora Veil
|-fieldend|move: Grassy Terrain
|upkeep
|turn|17
|
|t:|1756235402
|move|p2a: Volcarona|Heat Wave|p1b: Gholdengo
|-supereffective|p1b: Gholdengo
|-damage|p1b: Gholdengo|0 fnt
|faint|p1b: Gholdengo
|
|win|Dkswagggy
|raw|AnriVGC's rating: 1163 → 1140(-23 for losing)
|raw|Dkswagggy's rating: 1197 → 1220(+23 for winning)
