|j|☆RickCtrl
|j|☆colemarcusvgc
|html|RickCtrlcolemarcusvgc    
|uhtml|bestof|Game 1 of a best-of-3
|t:|1756529857
|gametype|doubles
|player|p1|RickCtrl|101|1088
|player|p2|colemarcusvgc|n|1000
|gen|9
|tier|[Gen 9] VGC 2025 Reg H (Bo3)
|rated|
|rule|Species Clause: Limit one of each Pokémon
|rule|Item Clause: Limit 1 of each item
|clearpoke
|poke|p1|Indeedee, L50, M|
|poke|p1|Sneasler, L50, F|
|poke|p1|Ursaluna-Bloodmoon, L50, M|
|poke|p1|Electabuzz, L50, M|
|poke|p1|Talonflame, L50, M|
|poke|p1|Incineroar, L50, M|
|poke|p2|Indeedee-F, L50, F|
|poke|p2|Hatterene, L50, F|
|poke|p2|Ursaluna, L50, F|
|poke|p2|Amoonguss, L50, F|
|poke|p2|Porygon2, L50|
|poke|p2|Tyranitar, L50, F|
|teampreview|4
|showteam|p1|Indeedee||FocusSash|PsychicSurge|ExpandingForce,HelpingHand,Protect,TrickRoom|||M|||50|,,,,,Psychic]Sneasler||PsychicSeed|Unburden|Protect,DireClaw,CloseCombat,ThroatChop|||F|||50|,,,,,Dark]Ursaluna-Bloodmoon||LifeOrb|MindsEye|BloodMoon,HyperVoice,EarthPower,Protect|||M|||50|,,,,,Normal]Electabuzz||Eviolite|VitalSpirit|Protect,Taunt,FollowMe,Electroweb|||M|||50|,,,,,Fairy]Talonflame||CovertCloak|GaleWings|Tailwind,WillOWisp,DualWingbeat,FlareBlitz|||M|||50|,,,,,Stellar]Incineroar||SafetyGoggles|Intimidate|FakeOut,Taunt,KnockOff,PartingShot|||M|||50|,,,,,Ghost
|showteam|p2|Indeedee-F||RockyHelmet|PsychicSurge|FollowMe,HelpingHand,TrickRoom,DazzlingGleam|||F|||50|,,,,,Steel]Hatterene||LifeOrb|MagicBounce|TrickRoom,ExpandingForce,MysticalFire,DazzlingGleam|||F|||50|,,,,,Ghost]Ursaluna||FlameOrb|Guts|Facade,HeadlongRush,Earthquake,Protect|||F|||50|,,,,,Ghost]Amoonguss||SitrusBerry|Regenerator|Spore,RagePowder,PollenPuff,SludgeBomb|||F|||50|,,,,,Water]Porygon2||Eviolite|Download|IceBeam,TeraBlast,Recover,TrickRoom||||||50|,,,,,Grass]Tyranitar||SafetyGoggles|SandStream|RockSlide,Crunch,LowKick,IcePunch|||F|||50|,,,,,Fairy
|
|t:|1756529916
|teamsize|p1|4
|teamsize|p2|4
|start
|switch|p1a: Ursaluna|Ursaluna-Bloodmoon, L50, M|100/100
|switch|p1b: Sneasler|Sneasler, L50, F, shiny|100/100
|switch|p2a: Indeedee|Indeedee-F, L50, F|100/100
|switch|p2b: Porygon2|Porygon2, L50|100/100
|-fieldstart|move: Psychic Terrain|[from] ability: Psychic Surge|[of] p2a: Indeedee
|-enditem|p1b: Sneasler|Psychic Seed
|-boost|p1b: Sneasler|spd|1|[from] item: Psychic Seed
|-ability|p2b: Porygon2|Download|boost
|-boost|p2b: Porygon2|atk|1
|turn|1
|
|t:|1756529977
|-terastallize|p1b: Sneasler|Dark
|move|p2a: Indeedee|Follow Me|p2a: Indeedee
|-singleturn|p2a: Indeedee|move: Follow Me
|move|p1b: Sneasler|Throat Chop|p2a: Indeedee
|-supereffective|p2a: Indeedee
|-damage|p2a: Indeedee|0 fnt
|-damage|p1b: Sneasler|84/100|[from] item: Rocky Helmet|[of] p2a: Indeedee
|faint|p2a: Indeedee
|move|p1a: Ursaluna|Blood Moon|p2b: Porygon2
|-damage|p2b: Porygon2|39/100
|-damage|p1a: Ursaluna|91/100|[from] item: Life Orb
|move|p2b: Porygon2|Trick Room|p2b: Porygon2
|-fieldstart|move: Trick Room|[of] p2b: Porygon2
|
|upkeep
|
|t:|1756529990
|switch|p2a: Ursaluna|Ursaluna, L50, F|100/100
|turn|2
|
|t:|1756530026
|-terastallize|p2a: Ursaluna|Ghost
|move|p1a: Ursaluna|Protect|p1a: Ursaluna
|-singleturn|p1a: Ursaluna|Protect
|move|p1b: Sneasler|Protect|p1b: Sneasler
|-singleturn|p1b: Sneasler|Protect
|move|p2a: Ursaluna|Headlong Rush|p1a: Ursaluna
|-activate|p1a: Ursaluna|move: Protect
|move|p2b: Porygon2|Recover|p2b: Porygon2
|-heal|p2b: Porygon2|89/100
|
|-status|p2a: Ursaluna|brn|[from] item: Flame Orb
|upkeep
|turn|3
|
|t:|1756530051
|switch|p1a: Incineroar|Incineroar, L50, M|100/100
|-ability|p1a: Incineroar|Intimidate|boost
|-unboost|p2a: Ursaluna|atk|1
|-unboost|p2b: Porygon2|atk|1
|switch|p1b: Indeedee|Indeedee, L50, M, shiny|100/100
|move|p2a: Ursaluna|Facade|p1b: Indeedee
|-enditem|p1b: Indeedee|Focus Sash
|-damage|p1b: Indeedee|1/100
|move|p2b: Porygon2|Ice Beam|p1a: Incineroar
|-resisted|p1a: Incineroar
|-damage|p1a: Incineroar|90/100
|
|-damage|p2a: Ursaluna|95/100 brn|[from] brn
|upkeep
|turn|4
|
|t:|1756530090
|switch|p2a: Tyranitar|Tyranitar, L50, F|100/100
|-weather|Sandstorm|[from] ability: Sand Stream|[of] p2a: Tyranitar
|move|p1b: Indeedee|Protect|p1b: Indeedee
|-singleturn|p1b: Indeedee|Protect
|move|p2b: Porygon2|Ice Beam|p1b: Indeedee
|-activate|p1b: Indeedee|move: Protect
|move|p1a: Incineroar|Knock Off|p2b: Porygon2
|-damage|p2b: Porygon2|65/100
|-enditem|p2b: Porygon2|Eviolite|[from] move: Knock Off|[of] p1a: Incineroar
|
|-weather|Sandstorm|[upkeep]
|-damage|p2b: Porygon2|59/100|[from] Sandstorm
|-damage|p1b: Indeedee|0 fnt|[from] Sandstorm
|faint|p1b: Indeedee
|upkeep
|
|t:|1756530115
|switch|p1b: Ursaluna|Ursaluna-Bloodmoon, L50, M|91/100
|turn|5
|
|t:|1756530145
|move|p1b: Ursaluna|Protect|p1b: Ursaluna
|-singleturn|p1b: Ursaluna|Protect
|move|p2b: Porygon2|Recover|p2b: Porygon2
|-heal|p2b: Porygon2|100/100
|move|p2a: Tyranitar|Low Kick|p1a: Incineroar
|-supereffective|p1a: Incineroar
|-damage|p1a: Incineroar|28/100
|move|p1a: Incineroar|Parting Shot|p2a: Tyranitar
|-unboost|p2a: Tyranitar|atk|1
|-unboost|p2a: Tyranitar|spa|1
|
|t:|1756530156
|switch|p1a: Sneasler|Sneasler, L50, F, shiny, tera:Dark|84/100|[from] Parting Shot
|
|-weather|Sandstorm|[upkeep]
|-damage|p2b: Porygon2|95/100|[from] Sandstorm
|-damage|p1a: Sneasler|78/100|[from] Sandstorm
|-fieldend|move: Trick Room
|-fieldend|move: Psychic Terrain
|upkeep
|turn|6
|
|t:|1756530208
|switch|p2b: Ursaluna|Ursaluna, L50, F, tera:Ghost|95/100 brn
|move|p1a: Sneasler|Close Combat|p2b: Ursaluna
|-immune|p2b: Ursaluna
|move|p1b: Ursaluna|Blood Moon|p2a: Tyranitar
|-resisted|p2a: Tyranitar
|-damage|p2a: Tyranitar|72/100
|-damage|p1b: Ursaluna|81/100|[from] item: Life Orb
|move|p2a: Tyranitar|Rock Slide|p1b: Ursaluna|[spread] p1b
|-miss|p2a: Tyranitar|p1a: Sneasler
|-resisted|p1b: Ursaluna
|-damage|p1b: Ursaluna|72/100
|
|-weather|Sandstorm|[upkeep]
|-damage|p1a: Sneasler|73/100|[from] Sandstorm
|-damage|p2b: Ursaluna|89/100 brn|[from] Sandstorm
|-damage|p2b: Ursaluna|83/100 brn|[from] brn
|upkeep
|turn|7
|
|t:|1756530238
|switch|p2b: Porygon2|Porygon2, L50|95/100
|-ability|p2b: Porygon2|Download|boost
|-boost|p2b: Porygon2|spa|1
|move|p1a: Sneasler|Throat Chop|p2b: Porygon2
|-damage|p2b: Porygon2|57/100
|-start|p2b: Porygon2|Throat Chop|[silent]
|move|p1b: Ursaluna|Earth Power|p2a: Tyranitar
|-supereffective|p2a: Tyranitar
|-damage|p2a: Tyranitar|0 fnt
|faint|p2a: Tyranitar
|-damage|p1b: Ursaluna|62/100|[from] item: Life Orb
|
|-weather|Sandstorm|[upkeep]
|-damage|p1a: Sneasler|67/100|[from] Sandstorm
|-damage|p2b: Porygon2|51/100|[from] Sandstorm
|upkeep
|
|t:|1756530251
|switch|p2a: Ursaluna|Ursaluna, L50, F, tera:Ghost|83/100 brn
|turn|8
|
|t:|1756530268
|move|p1a: Sneasler|Throat Chop|p2a: Ursaluna
|-supereffective|p2a: Ursaluna
|-damage|p2a: Ursaluna|21/100 brn
|-start|p2a: Ursaluna|Throat Chop|[silent]
|move|p1b: Ursaluna|Blood Moon|p2b: Porygon2
|-damage|p2b: Porygon2|0 fnt
|faint|p2b: Porygon2
|-damage|p1b: Ursaluna|53/100|[from] item: Life Orb
|move|p2a: Ursaluna|Facade|p1b: Ursaluna
|-damage|p1b: Ursaluna|0 fnt
|faint|p1b: Ursaluna
|
|-weather|none
|-damage|p2a: Ursaluna|15/100 brn|[from] brn
|upkeep
|
|t:|1756530286
|switch|p1b: Incineroar|Incineroar, L50, M|28/100
|-ability|p1b: Incineroar|Intimidate|boost
|-unboost|p2a: Ursaluna|atk|1
|turn|9
|
|t:|1756530300
|move|p1a: Sneasler|Throat Chop|p2a: Ursaluna
|-supereffective|p2a: Ursaluna
|-damage|p2a: Ursaluna|0 fnt
|faint|p2a: Ursaluna
|
|win|RickCtrl
|c|☆colemarcusvgc|wp
||colemarcusvgc is ready for game 2.
