|j|☆doatzmgoatz
|j|☆ablizzardis1
|html|doatzmgoatzablizzardis1    
|uhtml|bestof|Game 1 of a best-of-3
|t:|1783814775
|gametype|doubles
|player|p1|doatzmgoatz|wallace|
|player|p2|ablizzardis1|265|
|gen|9
|tier|[Gen 9 Champions] VGC 2026 Reg M-B (Bo3)
|rule|Species Clause: Limit one of each Pokémon
|rule|Item Clause: Limit 1 of each item
|clearpoke
|poke|p1|Incineroar, L50, F|
|poke|p1|Gengar, L50, F|
|poke|p1|Clefable, L50, M|
|poke|p1|Vaporeon, L50, M|
|poke|p1|Hydreigon, L50, F|
|poke|p1|Noivern, L50, M|
|poke|p2|Garchomp, L50, F|
|poke|p2|Talonflame, L50, F|
|poke|p2|Tsareena, L50, F|
|poke|p2|Gardevoir, L50, F, shiny|
|poke|p2|Meowscarada, L50, F|
|poke|p2|Sharpedo, L50, F|
|teampreview|4
|showteam|p1|Incineroar||SitrusBerry|Intimidate|FakeOut,PartingShot,FlareBlitz,Superpower|Adamant||F|||50|]Gengar||Gengarite|CursedBody|SludgeWave,ShadowBall,Protect,DazzlingGleam|Timid||F|||50|]Clefable||Leftovers|Unaware|DazzlingGleam,FollowMe,HealPulse,Protect|Calm||M|||50|]Vaporeon||MysticWater|WaterAbsorb|IceBeam,AcidArmor,RainDance,Surf|Bold||M|||50|]Hydreigon||DragonFang|Levitate|DracoMeteor,DarkPulse,EarthPower,Uturn|Timid||F|||50|]Noivern||LifeOrb|Telepathy|Hurricane,Uturn,Boomburst,Tailwind|Timid||M|||50|
|showteam|p2|Garchomp||RoseliBerry|RoughSkin|PoisonJab,Earthquake,Outrage,FireFang|Adamant||F|||50|]Talonflame||SharpBeak|GaleWings|BraveBird,Protect,Tailwind,FlareBlitz|Jolly||F|||50|]Tsareena||ScopeLens|QueenlyMajesty|HighJumpKick,PowerWhip,TripleAxel,Taunt|Adamant||F|||50|]Gardevoir||Gardevoirite|Trace|HyperVoice,Psychic,AuraSphere,Protect|Timid||F|||50|]Meowscarada||ExpertBelt|Protean|ThunderPunch,BrickBreak,FlowerTrick,TripleAxel|Jolly||F|||50|]Sharpedo||LifeOrb|SpeedBoost|Crunch,Waterfall,Earthquake,Protect|Adamant||F|||50|
|
|t:|1783814816
|teamsize|p1|4
|teamsize|p2|4
|start
|switch|p1a: Noivern|Noivern, L50, M|100/100
|switch|p1b: Incineroar|Incineroar, L50, F|100/100
|switch|p2a: Garchomp|Garchomp, L50, F|100/100
|switch|p2b: Talonflame|Talonflame, L50, F|100/100
|-ability|p1b: Incineroar|Intimidate|boost
|-unboost|p2a: Garchomp|atk|1
|-unboost|p2b: Talonflame|atk|1
|turn|1
|
|t:|1783814867
|switch|p2b: Tsareena|Tsareena, L50, F|100/100
|switch|p2a: Gardevoir|Gardevoir, L50, F, shiny|100/100
|-ability|p2a: Gardevoir|Telepathy|Trace|[from] ability: Trace|[of] p1a: Noivern
|move|p1b: Incineroar|Fake Out||[still]
|cant|p2b: Tsareena|ability: Queenly Majesty|Fake Out|[of] p1b: Incineroar
|move|p1a: Noivern|Tailwind|p1a: Noivern
|-sidestart|p1: doatzmgoatz|move: Tailwind
|
|upkeep
|turn|2
|
|t:|1783814893
|detailschange|p2a: Gardevoir|Gardevoir-Mega, L50, F, shiny
|-mega|p2a: Gardevoir|Gardevoir|Gardevoirite
|move|p1a: Noivern|U-turn|p2b: Tsareena
|-supereffective|p2b: Tsareena|1
|-damage|p2b: Tsareena|66/100
|-damage|p1a: Noivern|90/100|[from] item: Life Orb
|
|t:|1783814902
|switch|p1a: Vaporeon|Vaporeon, L50, M|100/100|[from] U-turn
|move|p2a: Gardevoir|Hyper Voice|p1a: Vaporeon|[spread] p1a,p1b
|-damage|p1a: Vaporeon|61/100
|-damage|p1b: Incineroar|53/100
|move|p1b: Incineroar|Flare Blitz|p2b: Tsareena
|-supereffective|p2b: Tsareena|1
|-damage|p2b: Tsareena|0 fnt
|faint|p2b: Tsareena
|-damage|p1b: Incineroar|34/100|[from] Recoil
|-enditem|p1b: Incineroar|Sitrus Berry|[eat]
|-heal|p1b: Incineroar|59/100|[from] item: Sitrus Berry
|
|upkeep
|
|t:|1783814915
|switch|p2b: Talonflame|Talonflame, L50, F|100/100
|turn|3
|
|t:|1783814934
|move|p2b: Talonflame|Tailwind|p2b: Talonflame
|-sidestart|p2: ablizzardis1|move: Tailwind
|move|p2a: Gardevoir|Hyper Voice|p1a: Vaporeon|[spread] p1a,p1b
|-damage|p1a: Vaporeon|21/100
|-damage|p1b: Incineroar|14/100
|move|p1a: Vaporeon|Rain Dance|p1a: Vaporeon
|-weather|RainDance
|move|p1b: Incineroar|Parting Shot|p2a: Gardevoir
|-unboost|p2a: Gardevoir|atk|1
|-unboost|p2a: Gardevoir|spa|1
|
|t:|1783814943
|switch|p1b: Noivern|Noivern, L50, M|90/100|[from] Parting Shot
|
|-weather|RainDance|[upkeep]
|upkeep
|turn|4
|
|t:|1783814969
|move|p2b: Talonflame|Brave Bird|p1b: Noivern
|-damage|p1b: Noivern|11/100
|-damage|p2b: Talonflame|72/100|[from] Recoil
|move|p1b: Noivern|Boomburst|p2b: Talonflame|[spread] p1a,p2a,p2b
|-crit|p2a: Gardevoir
|-crit|p2b: Talonflame
|-damage|p1a: Vaporeon|0 fnt
|-damage|p2a: Gardevoir|46/100
|-damage|p2b: Talonflame|0 fnt
|faint|p1a: Vaporeon
|faint|p2b: Talonflame
|-damage|p1b: Noivern|1/100|[from] item: Life Orb
|move|p2a: Gardevoir|Hyper Voice|p1b: Noivern
|-supereffective|p1b: Noivern|1
|-damage|p1b: Noivern|0 fnt
|faint|p1b: Noivern
|
|-weather|RainDance|[upkeep]
|-sideend|p1: doatzmgoatz|move: Tailwind
|upkeep
|
|t:|1783814984
|switch|p2b: Garchomp|Garchomp, L50, F|100/100
|switch|p1b: Incineroar|Incineroar, L50, F|14/100
|switch|p1a: Gengar|Gengar, L50, F|100/100
|-ability|p1b: Incineroar|Intimidate|boost
|-unboost|p2a: Gardevoir|atk|1
|-unboost|p2b: Garchomp|atk|1
|turn|5
|
|t:|1783815007
|detailschange|p1a: Gengar|Gengar-Mega, L50, F
|-mega|p1a: Gengar|Gengar|Gengarite
|move|p1b: Incineroar|Fake Out|p2b: Garchomp
|-damage|p2b: Garchomp|85/100
|-damage|p1b: Incineroar|2/100|[from] ability: Rough Skin|[of] p2b: Garchomp
|move|p2a: Gardevoir|Psychic|p1a: Gengar
|-supereffective|p1a: Gengar|1
|-damage|p1a: Gengar|0 fnt
|faint|p1a: Gengar
|cant|p2b: Garchomp|flinch
|
|-weather|RainDance|[upkeep]
|upkeep
|turn|6
|
|t:|1783815027
|move|p2a: Gardevoir|Hyper Voice|p1b: Incineroar
|-damage|p1b: Incineroar|0 fnt
|faint|p1b: Incineroar
|
|win|ablizzardis1
|inactive|doatzmgoatz has 30 seconds to confirm battle start!
|inactive|ablizzardis1 has 30 seconds to confirm battle start!
||doatzmgoatz is ready for game 2.
||ablizzardis1 is ready for game 2.
|uhtml|next|Next: Game 2 of 3
