|j|☆raikudosenien
|j|☆endereggz
|html|raikudosenienendereggz    
|uhtml|bestof|Game 1 of a best-of-3
|t:|1782739200
|gametype|doubles
|player|p1|raikudosenien|265|1000
|player|p2|endereggz|102|1000
|gen|9
|tier|[Gen 9 Champions] VGC 2026 Reg M-B (Bo3)
|rated|
|rule|Species Clause: Limit one of each Pokémon
|rule|Item Clause: Limit 1 of each item
|clearpoke
|poke|p1|Musharna, L50, F|
|poke|p1|Zoroark-Hisui, L50, M|
|poke|p1|Scrafty, L50, M|
|poke|p1|Toxapex, L50, F|
|poke|p1|Scovillain, L50, F|
|poke|p1|Garchomp, L50, M|
|poke|p2|Raichu, L50, M|
|poke|p2|Primarina, L50, F|
|poke|p2|Whimsicott, L50, F|
|poke|p2|Eelektross, L50, M|
|poke|p2|Tinkaton, L50, F|
|poke|p2|Pyroar, L50, M|
|teampreview|4
|showteam|p1|Musharna||ColburBerry|Synchronize|Protect,TrickRoom,AllySwitch,Moonblast|Sassy||F|||50|]Zoroark-Hisui||WiseGlasses|Illusion|Snarl,BitterMalice,HyperVoice,Protect|Timid||M|||50|]Scrafty||Scraftinite|Intimidate|IronHead,KnockOff,DrainPunch,Protect|Adamant||M|||50|]Toxapex||Leftovers|Regenerator|BanefulBunker,Recover,Infestation,Toxic|Sassy||F|||50|]Scovillain||Scovillainite|Insomnia|GigaDrain,LeechSeed,RagePowder,Protect|Calm||F|||50|]Garchomp||SitrusBerry|RoughSkin|StompingTantrum,DragonClaw,RockSlide,Protect|Impish||M|||50|
|showteam|p2|Raichu||RaichuniteY|LightningRod|ZapCannon,FocusBlast,Protect,ChargeBeam|Timid||M|||50|]Primarina||ChoiceScarf|LiquidVoice|HyperVoice,Moonblast,ShadowBall,DazzlingGleam|Timid||F|||50|]Whimsicott||MentalHerb|Prankster|Tailwind,Taunt,Moonblast,FakeTears|Timid||F|||50|]Eelektross||Eelektrossite|Levitate|ThunderPunch,PsychicFangs,DrainPunch,Protect|Adamant||M|||50|]Tinkaton||LifeOrb|MoldBreaker|FakeOut,GigatonHammer,FoulPlay,PlayRough|Jolly||F|||50|]Pyroar||Pyroarite|Unnerve|HeatWave,ScorchingSands,Snarl,Yawn|Timid||M|||50|
|
|t:|1782739252
|teamsize|p1|4
|teamsize|p2|4
|start
|switch|p1a: Musharna|Musharna, L50, F|100/100
|switch|p1b: Toxapex|Toxapex, L50, F|100/100
|switch|p2a: Raichu|Raichu, L50, M|100/100
|switch|p2b: TRANS RIGHTS|Primarina, L50, F|100/100
|turn|1
|inactive|Battle timer is ON: inactive players will automatically lose when time's up. (requested by raikudosenien)
|
|t:|1782739277
|detailschange|p2a: Raichu|Raichu-Mega-Y, L50, M
|-mega|p2a: Raichu|Raichu|Raichunite Y
|move|p2a: Raichu|Zap Cannon|p1a: Musharna
|-crit|p1a: Musharna
|-damage|p1a: Musharna|32/100
|-status|p1a: Musharna|par
|-activate|p1a: Musharna|ability: Synchronize
|-immune|p2a: Raichu
|move|p2b: TRANS RIGHTS|Shadow Ball|p1a: Musharna
|-supereffective|p1a: Musharna|1
|-damage|p1a: Musharna|1/100 par
|move|p1b: Toxapex|Snarl|p2a: Raichu|[spread] p2a,p2b
|-resisted|p2b: TRANS RIGHTS|1
|-damage|p2a: Raichu|75/100
|-damage|p2b: TRANS RIGHTS|92/100
|-unboost|p2a: Raichu|spa|1
|-unboost|p2b: TRANS RIGHTS|spa|1
|move|p1a: Musharna|Trick Room|p1a: Musharna
|-fieldstart|move: Trick Room|[of] p1a: Musharna
|
|upkeep
|turn|2
|inactive|raikudosenien has 30 seconds left.
|
|t:|1782739310
|move|p1a: Musharna|Protect|p1a: Musharna
|-singleturn|p1a: Musharna|Protect
|move|p1b: Toxapex|Snarl|p2b: TRANS RIGHTS|[spread] p2a,p2b
|-resisted|p2b: TRANS RIGHTS|1
|-damage|p2a: Raichu|52/100
|-damage|p2b: TRANS RIGHTS|84/100
|-unboost|p2a: Raichu|spa|1
|-unboost|p2b: TRANS RIGHTS|spa|1
|move|p2b: TRANS RIGHTS|Shadow Ball|p1a: Musharna
|-activate|p1a: Musharna|move: Protect
|move|p2a: Raichu|Zap Cannon|p1b: Toxapex
|-damage|p1b: Toxapex|21/100
|-status|p1b: Toxapex|par
|replace|p1b: Zoroark|Zoroark-Hisui, L50, M
|-end|p1b: Zoroark|Illusion
|
|upkeep
|turn|3
|
|t:|1782739333
|switch|p2a: Pyroar|Pyroar, L50, M|100/100
|-ability|p2a: Pyroar|Unnerve
|move|p1a: Musharna|Moonblast|p2a: Pyroar
|-resisted|p2a: Pyroar|1
|-damage|p2a: Pyroar|81/100
|move|p1b: Zoroark|Hyper Voice|p2a: Pyroar|[spread] p2a,p2b
|-damage|p2a: Pyroar|20/100y
|-damage|p2b: TRANS RIGHTS|47/100
|move|p2b: TRANS RIGHTS|Shadow Ball|p1a: Musharna
|-supereffective|p1a: Musharna|1
|-damage|p1a: Musharna|0 fnt
|faint|p1a: Musharna
|
|upkeep
|
|t:|1782739347
|switch|p1a: Garchomp|Garchomp, L50, M|100/100
|turn|4
|
|t:|1782739359
|switch|p2b: Masc Lesbian<3|Tinkaton, L50, F|100/100
|-ability|p2b: Masc Lesbian<3|Mold Breaker
|move|p1b: Zoroark|Hyper Voice|p2a: Pyroar|[spread] p2a,p2b
|-resisted|p2b: Masc Lesbian<3|1
|-damage|p2a: Pyroar|0 fnt
|-damage|p2b: Masc Lesbian<3|79/100
|faint|p2a: Pyroar
|move|p1a: Garchomp|Rock Slide|p2b: Masc Lesbian<3|[miss]
|-miss|p1a: Garchomp|p2b: Masc Lesbian<3
|
|upkeep
|
|t:|1782739368
|switch|p2a: Raichu|Raichu-Mega-Y, L50, M|52/100
|turn|5
|
|t:|1782739389
|move|p2a: Raichu|Protect|p2a: Raichu
|-singleturn|p2a: Raichu|Protect
|move|p2b: Masc Lesbian<3|Fake Out|p1a: Garchomp
|-damage|p1a: Garchomp|90/100
|-damage|p2b: Masc Lesbian<3|66/100|[from] ability: Rough Skin|[of] p1a: Garchomp
|-damage|p2b: Masc Lesbian<3|57/100|[from] item: Life Orb
|move|p1b: Zoroark|Snarl|p2a: Raichu|[spread] p2b
|-activate|p2a: Raichu|move: Protect
|-resisted|p2b: Masc Lesbian<3|1
|-damage|p2b: Masc Lesbian<3|49/100
|-unboost|p2b: Masc Lesbian<3|spa|1
|cant|p1a: Garchomp|flinch
|
|-fieldend|move: Trick Room
|upkeep
|turn|6
|
|t:|1782739409
|move|p2a: Raichu|Focus Blast|p1a: Garchomp
|-damage|p1a: Garchomp|48/100
|-enditem|p1a: Garchomp|Sitrus Berry|[eat]
|-heal|p1a: Garchomp|73/100|[from] item: Sitrus Berry
|move|p2b: Masc Lesbian<3|Foul Play|p1b: Zoroark
|-supereffective|p1b: Zoroark|1
|-damage|p1b: Zoroark|0 fnt
|faint|p1b: Zoroark
|-damage|p2b: Masc Lesbian<3|39/100|[from] item: Life Orb
|move|p1a: Garchomp|Stomping Tantrum|p2a: Raichu
|-supereffective|p2a: Raichu|1
|-damage|p2a: Raichu|0 fnt
|faint|p2a: Raichu
|
|upkeep
|
|t:|1782739425
|switch|p2a: TRANS RIGHTS|Primarina, L50, F|47/100
|switch|p1b: Toxapex|Toxapex, L50, F|100/100
|turn|7
|
|t:|1782739444
|move|p1a: Garchomp|Protect|p1a: Garchomp
|-singleturn|p1a: Garchomp|Protect
|move|p2a: TRANS RIGHTS|Dazzling Gleam|p1b: Toxapex|[spread] p1b
|-activate|p1a: Garchomp|move: Protect
|-resisted|p1b: Toxapex|1
|-damage|p1b: Toxapex|90/100
|move|p2b: Masc Lesbian<3|Gigaton Hammer|p1a: Garchomp
|-activate|p1a: Garchomp|move: Protect
|move|p1b: Toxapex|Toxic|p2a: TRANS RIGHTS
|-status|p2a: TRANS RIGHTS|tox
|
|-heal|p1b: Toxapex|96/100|[from] item: Leftovers
|-damage|p2a: TRANS RIGHTS|41/100 tox|[from] psn
|upkeep
|turn|8
|inactive|raikudosenien has 30 seconds left.
|
|t:|1782739471
|move|p2a: TRANS RIGHTS|Dazzling Gleam|p1b: Toxapex|[spread] p1a,p1b
|-supereffective|p1a: Garchomp|1
|-resisted|p1b: Toxapex|1
|-damage|p1a: Garchomp|25/100
|-damage|p1b: Toxapex|86/100
|move|p2b: Masc Lesbian<3|Play Rough|p1b: Toxapex
|-resisted|p1b: Toxapex|1
|-damage|p1b: Toxapex|69/100
|-damage|p2b: Masc Lesbian<3|29/100|[from] item: Life Orb
|move|p1a: Garchomp|Rock Slide|p2a: TRANS RIGHTS|[spread] p2a,p2b
|-resisted|p2b: Masc Lesbian<3|1
|-damage|p2a: TRANS RIGHTS|16/100 tox
|-damage|p2b: Masc Lesbian<3|18/100
|move|p1b: Toxapex|Infestation|p2a: TRANS RIGHTS
|-resisted|p2a: TRANS RIGHTS|1
|-damage|p2a: TRANS RIGHTS|15/100 tox
|-activate|p2a: TRANS RIGHTS|move: Infestation|[of] p1b: Toxapex
|
|-heal|p1b: Toxapex|75/100|[from] item: Leftovers
|-damage|p2a: TRANS RIGHTS|3/100 tox|[from] psn
|-damage|p2a: TRANS RIGHTS|0 fnt|[from] move: Infestation|[partiallytrapped]
|faint|p2a: TRANS RIGHTS
|upkeep
|turn|9
|-message|endereggz forfeited.
|
|win|raikudosenien
|l|☆endereggz
|player|p2|
