|j|☆gene takavic
|j|☆goldenchimchar
|html|gene takavicgoldenchimchar    
|uhtml|bestof|Game 1 of a best-of-3
|t:|1756406909
|gametype|doubles
|player|p1|gene takavic|pryce|1144
|player|p2|goldenchimchar|hilbert|1118
|gen|9
|tier|[Gen 9] VGC 2025 Reg H (Bo3)
|rated|
|rule|Species Clause: Limit one of each Pokémon
|rule|Item Clause: Limit 1 of each item
|clearpoke
|poke|p1|Charizard, L50, M|
|poke|p1|Torkoal, L50, M|
|poke|p1|Porygon2, L50|
|poke|p1|Incineroar, L50, F|
|poke|p1|Jumpluff, L50, M|
|poke|p1|Ursaluna, L50, M|
|poke|p2|Rillaboom, L50, M|
|poke|p2|Dragonite, L50, F|
|poke|p2|Kingambit, L50, F|
|poke|p2|Volcarona, L50, M|
|poke|p2|Sneasler, L50, F|
|poke|p2|Incineroar, L50, M|
|teampreview|4
|showteam|p1|Charizard||ChoiceSpecs|SolarPower|HeatWave,Overheat,WeatherBall,AirSlash|||M|||50|,,,,,Ghost]Torkoal||EjectPack|Drought|Eruption,Overheat,HelpingHand,Protect|||M|||50|,,,,,Fire]Porygon2||Eviolite|Download|TeraBlast,IceBeam,Recover,TrickRoom||||||50|,,,,,Fighting]Incineroar||SitrusBerry|Intimidate|FlareBlitz,KnockOff,FakeOut,PartingShot|||F|||50|,,,,,Ghost]Jumpluff||CovertCloak|Chlorophyll|SleepPowder,SunnyDay,RagePowder,Tailwind|||M|||50|,,,,,Water]Ursaluna||FlameOrb|Guts|HeadlongRush,Facade,Earthquake,Protect|||M|||50|,,,,,Ghost
|showteam|p2|Rillaboom||AssaultVest|GrassySurge|GrassyGlide,FakeOut,WoodHammer,Uturn|||M|||50|,,,,,Fire]Dragonite||LoadedDice|Multiscale|ScaleShot,Protect,Haze,ExtremeSpeed|||F|||50|,,,,,Fairy]Kingambit||BlackGlasses|Defiant|SuckerPunch,KowtowCleave,Protect,SwordsDance|||F|||50|,,,,,Ghost]Volcarona||CovertCloak|FlameBody|HeatWave,StruggleBug,RagePowder,Tailwind|||M|||50|,,,,,Fairy]Sneasler||GrassySeed|Unburden|CloseCombat,DireClaw,Protect,ThroatChop|||F|||50|,,,,,Dark]Incineroar||SafetyGoggles|Intimidate|FakeOut,FlareBlitz,KnockOff,PartingShot|||M|||50|,,,,,Ghost
|inactive|Battle timer is ON: inactive players will automatically lose when time's up. (requested by gene takavic)
|inactive|gene takavic has 60 seconds left.
|inactive|goldenchimchar has 60 seconds left.
|
|t:|1756406963
|teamsize|p1|4
|teamsize|p2|4
|start
|switch|p1a: Porygon2|Porygon2, L50|100/100
|switch|p1b: Torkoal|Torkoal, L50, M|100/100
|switch|p2a: Sneasler|Sneasler, L50, F|100/100
|switch|p2b: Rillaboom|Rillaboom, L50, M|100/100
|-fieldstart|move: Grassy Terrain|[from] ability: Grassy Surge|[of] p2b: Rillaboom
|-enditem|p2a: Sneasler|Grassy Seed
|-boost|p2a: Sneasler|def|1|[from] item: Grassy Seed
|-ability|p1a: Porygon2|Download|boost
|-boost|p1a: Porygon2|spa|1
|-weather|SunnyDay|[from] ability: Drought|[of] p1b: Torkoal
|turn|1
|
|t:|1756406985
|move|p2b: Rillaboom|Fake Out|p1a: Porygon2
|-damage|p1a: Porygon2|92/100
|move|p2a: Sneasler|Dire Claw|p1b: Torkoal
|-damage|p1b: Torkoal|65/100
|move|p1b: Torkoal|Eruption|p2a: Sneasler|[spread] p2a,p2b
|-supereffective|p2b: Rillaboom
|-damage|p2a: Sneasler|41/100
|-damage|p2b: Rillaboom|30/100
|cant|p1a: Porygon2|flinch
|
|-weather|SunnyDay|[upkeep]
|-heal|p2a: Sneasler|47/100|[from] Grassy Terrain
|-heal|p2b: Rillaboom|36/100|[from] Grassy Terrain
|-heal|p1a: Porygon2|98/100|[from] Grassy Terrain
|-heal|p1b: Torkoal|71/100|[from] Grassy Terrain
|upkeep
|turn|2
|
|t:|1756407008
|-terastallize|p1a: Porygon2|Fighting
|move|p2a: Sneasler|Protect|p2a: Sneasler
|-singleturn|p2a: Sneasler|Protect
|move|p2b: Rillaboom|U-turn|p1a: Porygon2
|-resisted|p1a: Porygon2
|-damage|p1a: Porygon2|91/100
|
|t:|1756407016
|switch|p2b: Incineroar|Incineroar, L50, M|100/100|[from] U-turn
|-ability|p2b: Incineroar|Intimidate|boost
|-unboost|p1a: Porygon2|atk|1
|-unboost|p1b: Torkoal|atk|1
|-enditem|p1b: Torkoal|Eject Pack
|
|t:|1756407021
|switch|p1b: Ursaluna|Ursaluna, L50, M|100/100
|move|p1a: Porygon2|Trick Room|p1a: Porygon2
|-fieldstart|move: Trick Room|[of] p1a: Porygon2
|
|-weather|SunnyDay|[upkeep]
|-heal|p1a: Porygon2|97/100|[from] Grassy Terrain
|-heal|p2a: Sneasler|52/100|[from] Grassy Terrain
|-status|p1b: Ursaluna|brn|[from] item: Flame Orb
|upkeep
|turn|3
|
|t:|1756407039
|move|p2b: Incineroar|Fake Out|p1b: Ursaluna
|-damage|p1b: Ursaluna|91/100 brn
|move|p1a: Porygon2|Ice Beam|p2a: Sneasler
|-damage|p2a: Sneasler|0 fnt
|faint|p2a: Sneasler
|cant|p1b: Ursaluna|flinch
|
|-weather|SunnyDay|[upkeep]
|-heal|p1a: Porygon2|100/100|[from] Grassy Terrain
|-heal|p1b: Ursaluna|96/100 brn|[from] Grassy Terrain
|-damage|p1b: Ursaluna|91/100 brn|[from] brn
|upkeep
|
|t:|1756407045
|switch|p2a: Dragonite|Dragonite, L50, F|100/100
|turn|4
|
|t:|1756407057
|move|p2a: Dragonite|Protect|p2a: Dragonite
|-singleturn|p2a: Dragonite|Protect
|move|p1a: Porygon2|Ice Beam|p2a: Dragonite
|-activate|p2a: Dragonite|move: Protect
|move|p1b: Ursaluna|Headlong Rush|p2b: Incineroar
|-supereffective|p2b: Incineroar
|-damage|p2b: Incineroar|0 fnt
|-unboost|p1b: Ursaluna|def|1
|-unboost|p1b: Ursaluna|spd|1
|faint|p2b: Incineroar
|
|-weather|SunnyDay|[upkeep]
|-heal|p1b: Ursaluna|96/100 brn|[from] Grassy Terrain
|-damage|p1b: Ursaluna|91/100 brn|[from] brn
|upkeep
|
|t:|1756407065
|switch|p2b: Rillaboom|Rillaboom, L50, M|36/100
|turn|5
|
|t:|1756407078
|switch|p1a: Incineroar|Incineroar, L50, F|100/100
|-ability|p1a: Incineroar|Intimidate|boost
|-unboost|p2a: Dragonite|atk|1
|-unboost|p2b: Rillaboom|atk|1
|-terastallize|p2a: Dragonite|Fairy
|move|p2b: Rillaboom|Grassy Glide|p1b: Ursaluna
|-supereffective|p1b: Ursaluna
|-damage|p1b: Ursaluna|39/100 brn
|move|p1b: Ursaluna|Facade|p2a: Dragonite
|-damage|p2a: Dragonite|32/100
|move|p2a: Dragonite|Scale Shot|p1a: Incineroar
|-damage|p1a: Incineroar|91/100
|-damage|p1a: Incineroar|82/100
|-damage|p1a: Incineroar|72/100
|-damage|p1a: Incineroar|62/100
|-damage|p1a: Incineroar|52/100
|-hitcount|p1a: Incineroar|5
|-unboost|p2a: Dragonite|def|1
|-boost|p2a: Dragonite|spe|1
|
|-weather|none
|-heal|p1b: Ursaluna|44/100 brn|[from] Grassy Terrain
|-heal|p1a: Incineroar|58/100|[from] Grassy Terrain
|-heal|p2b: Rillaboom|42/100|[from] Grassy Terrain
|-heal|p2a: Dragonite|38/100|[from] Grassy Terrain
|-damage|p1b: Ursaluna|39/100 brn|[from] brn
|-fieldend|move: Grassy Terrain
|upkeep
|turn|6
|-message|goldenchimchar forfeited.
|
|win|gene takavic
|l|☆goldenchimchar
|player|p2|
||goldenchimchar is ready for game 2.
