|j|☆bellytelevision
|j|☆coutsAF
|html|bellytelevisioncoutsAF    
|uhtml|bestof|Game 3 of a best-of-3
|t:|1784835495
|gametype|doubles
|player|p1|bellytelevision|dawn|1142
|player|p2|coutsAF|swimmer|1022
|gen|9
|tier|[Gen 9 Champions] VGC 2026 Reg M-B (Bo3)
|rated|
|rule|Species Clause: Limit one of each Pokémon
|rule|Item Clause: Limit 1 of each item
|clearpoke
|poke|p1|Venusaur, L50, M, shiny|
|poke|p1|Metagross, L50|
|poke|p1|Sinistcha, L50|
|poke|p1|Pelipper, L50, F|
|poke|p1|Archaludon, L50, M, shiny|
|poke|p1|Sableye, L50, M, shiny|
|poke|p2|Farigiraf, L50, M|
|poke|p2|Primarina, L50, F|
|poke|p2|Sneasler, L50, M|
|poke|p2|Camerupt, L50, F|
|poke|p2|Garchomp, L50, M|
|poke|p2|Froslass, L50, F|
|teampreview|4
|showteam|p1|Venusaur||Venusaurite|Chlorophyll|GigaDrain,SludgeBomb,Protect,EarthPower|Modest||M|||50|]Metagross||Metagrossite|ClearBody|IronHead,PsychicFangs,IcePunch,Protect|Jolly|||||50|]Sinistcha||ColburBerry|Hospitality|RagePowder,MatchaGotcha,LifeDew,TrickRoom|Sassy|||||50|]Pelipper||SitrusBerry|Drizzle|Tailwind,Hurricane,WeatherBall,WideGuard|Bold||F|||50|]Archaludon||Leftovers|Stamina|ElectroShot,FlashCannon,DragonPulse,Protect|Modest||M|||50|]Sableye||LightClay|Prankster|RainDance,Reflect,LightScreen,WillOWisp|Sassy||M|||50|
|showteam|p2|Farigiraf||SitrusBerry|ArmorTail|TrickRoom,Psychic,EnergyBall,Protect|Serious||M|||50|]Primarina||MysticWater|LiquidVoice|HyperVoice,Protect,DrainingKiss,LifeDew|Quiet||F|||50|]Sneasler||FocusSash|PoisonTouch|FakeOut,QuickGuard,CloseCombat,DireClaw|Jolly||M|||50|]Camerupt||Cameruptite|MagmaArmor|Eruption,EarthPower,HeatWave,Protect|Quiet||F|||50|]Garchomp||LifeOrb|RoughSkin|Earthquake,RockSlide,DragonClaw,Protect|Jolly||M|||50|]Froslass||Froslassite|SnowCloak|Blizzard,AuroraVeil,ShadowBall,Protect|Timid||F|||50|
|
|t:|1784835556
|teamsize|p1|4
|teamsize|p2|4
|start
|switch|p1a: Metagross|Metagross, L50|100/100
|switch|p1b: Sableye|Sableye, L50, M, shiny|100/100
|switch|p2a: GODBODY|Farigiraf, L50, M|100/100
|switch|p2b: GTS|Sneasler, L50, M|100/100
|turn|1
|
|t:|1784835592
|switch|p1a: Archaludon|Archaludon, L50, M, shiny|100/100
|move|p1b: Sableye|Reflect|p1b: Sableye
|-sidestart|p1: bellytelevision|Reflect
|move|p2b: GTS|Dire Claw|p1b: Sableye
|-resisted|p1b: Sableye|1
|-damage|p1b: Sableye|81/100
|-status|p1b: Sableye|psn|[from] ability: Poison Touch|[of] p2b: GTS
|move|p2a: GODBODY|Trick Room|p2a: GODBODY
|-fieldstart|move: Trick Room|[of] p2a: GODBODY
|
|-damage|p1b: Sableye|69/100 psn|[from] psn
|upkeep
|turn|2
|
|t:|1784835616
|switch|p2a: tim duncan|Camerupt, L50, F|100/100
|switch|p1a: Pelipper|Pelipper, L50, F|100/100
|-weather|RainDance|[from] ability: Drizzle|[of] p1a: Pelipper
|move|p1b: Sableye|Light Screen|p1b: Sableye
|-sidestart|p1: bellytelevision|move: Light Screen
|move|p2b: GTS|Close Combat|p1a: Pelipper
|-resisted|p1a: Pelipper|1
|-damage|p1a: Pelipper|80/100
|-unboost|p2b: GTS|def|1
|-unboost|p2b: GTS|spd|1
|
|-weather|RainDance|[upkeep]
|-damage|p1b: Sableye|57/100 psn|[from] psn
|upkeep
|turn|3
|
|t:|1784835653
|move|p2a: tim duncan|Protect|p2a: tim duncan
|-singleturn|p2a: tim duncan|Protect
|move|p1b: Sableye|Will-O-Wisp|p2b: GTS
|-status|p2b: GTS|brn
|move|p1a: Pelipper|Weather Ball|p2a: tim duncan
|-activate|p2a: tim duncan|move: Protect
|move|p2b: GTS|Dire Claw|p1a: Pelipper
|-damage|p1a: Pelipper|68/100
|
|-weather|RainDance|[upkeep]
|-damage|p1b: Sableye|45/100 psn|[from] psn
|-damage|p2b: GTS|94/100 brn|[from] brn
|upkeep
|turn|4
|
|t:|1784835677
|switch|p2a: GODBODY|Farigiraf, L50, M|100/100
|switch|p1b: Archaludon|Archaludon, L50, M, shiny|100/100
|move|p1a: Pelipper|Weather Ball|p2a: GODBODY
|-damage|p2a: GODBODY|48/100
|-enditem|p2a: GODBODY|Sitrus Berry|[eat]
|-heal|p2a: GODBODY|73/100|[from] item: Sitrus Berry
|move|p2b: GTS|Dire Claw|p1a: Pelipper
|-damage|p1a: Pelipper|55/100
|-status|p1a: Pelipper|slp
|
|-weather|RainDance|[upkeep]
|-damage|p2b: GTS|88/100 brn|[from] brn
|upkeep
|turn|5
|
|t:|1784835711
|move|p2a: GODBODY|Protect|p2a: GODBODY
|-singleturn|p2a: GODBODY|Protect
|cant|p1a: Pelipper|slp
|move|p1b: Archaludon|Electro Shot||[still]
|-prepare|p1b: Archaludon|Electro Shot
|-boost|p1b: Archaludon|spa|1
|-anim|p1b: Archaludon|Electro Shot|p2a: GODBODY
|-activate|p2a: GODBODY|move: Protect
|move|p2b: GTS|Close Combat|p1b: Archaludon
|-supereffective|p1b: Archaludon|1
|-damage|p1b: Archaludon|69/100
|-unboost|p2b: GTS|def|1
|-unboost|p2b: GTS|spd|1
|-ability|p1b: Archaludon|Stamina|boost
|-boost|p1b: Archaludon|def|1
|
|-weather|RainDance|[upkeep]
|-heal|p1b: Archaludon|76/100|[from] item: Leftovers
|-damage|p2b: GTS|82/100 brn|[from] brn
|-fieldend|move: Trick Room
|upkeep
|turn|6
|
|t:|1784835743
|switch|p2b: Garchomp|Garchomp, L50, M|100/100
|switch|p1a: Metagross|Metagross, L50|100/100
|move|p1b: Archaludon|Electro Shot||[still]
|-prepare|p1b: Archaludon|Electro Shot
|-boost|p1b: Archaludon|spa|1
|-anim|p1b: Archaludon|Electro Shot|p2a: GODBODY
|-damage|p2a: GODBODY|0 fnt
|faint|p2a: GODBODY
|
|-weather|none
|-heal|p1b: Archaludon|82/100|[from] item: Leftovers
|upkeep
|
|t:|1784835757
|switch|p2a: tim duncan|Camerupt, L50, F|100/100
|turn|7
|
|t:|1784835783
|detailschange|p1a: Metagross|Metagross-Mega, L50
|-mega|p1a: Metagross|Metagross|Metagrossite
|move|p1a: Metagross|Ice Punch|p2b: Garchomp
|-supereffective|p2b: Garchomp|2
|-damage|p2b: Garchomp|0 fnt
|-damage|p1a: Metagross|87/100|[from] ability: Rough Skin|[of] p2b: Garchomp
|faint|p2b: Garchomp
|move|p1b: Archaludon|Dragon Pulse|p2a: tim duncan
|-damage|p2a: tim duncan|0 fnt
|faint|p2a: tim duncan
|
|-heal|p1b: Archaludon|88/100|[from] item: Leftovers
|upkeep
|
|t:|1784835795
|switch|p2b: GTS|Sneasler, L50, M|82/100 brn
|turn|8
|
|t:|1784835802
|move|p2b: GTS|Close Combat|p1a: Metagross
|-damage|p1a: Metagross|71/100
|-unboost|p2b: GTS|def|1
|-unboost|p2b: GTS|spd|1
|move|p1a: Metagross|Psychic Fangs|p2b: GTS
|-supereffective|p2b: GTS|2
|-damage|p2b: GTS|0 fnt
|faint|p2b: GTS
|
|win|bellytelevision
|raw|bellytelevision's rating: 1142 → 1159(+17 for winning)
|raw|coutsAF's rating: 1022 → 1013(-9 for losing)
|c|☆bellytelevision|gg!
|c|☆coutsAF|gg :)
