|j|☆notoank
|j|☆iebilish
|html|notoankiebilish    
|uhtml|bestof|Game 2 of a best-of-3
|t:|1784746736
|gametype|doubles
|player|p1|notoank|burgh|
|player|p2|iebilish|1|
|gen|9
|tier|[Gen 9 Champions] VGC 2026 Reg M-B (Bo3)
|rule|Species Clause: Limit one of each Pokémon
|rule|Item Clause: Limit 1 of each item
|clearpoke
|poke|p1|Tyranitar, L50, M|
|poke|p1|Excadrill, L50, F|
|poke|p1|Rotom-Wash, L50, shiny|
|poke|p1|Gliscor, L50, M|
|poke|p1|Gengar, L50, M, shiny|
|poke|p1|Hatterene, L50, F|
|poke|p2|Tyranitar, L50, M, shiny|
|poke|p2|Excadrill, L50, F, shiny|
|poke|p2|Incineroar, L50, F, shiny|
|poke|p2|Primarina, L50, F, shiny|
|poke|p2|Mimikyu, L50, M, shiny|
|poke|p2|Conkeldurr, L50, M, shiny|
|teampreview|4
|showteam|p1|Tyranitar||SmoothRock|SandStream|KnockOff,RockSlide,LowKick,Protect|Careful||M|||50|]Excadrill||LifeOrb|SandRush|Earthquake,IronHead,RockSlide,Protect|Adamant||F|||50|]Rotom-Wash||SitrusBerry|Levitate|Discharge,HydroPump,VoltSwitch,Protect|Modest|||||50|]Gliscor||Leftovers|PoisonHeal|Earthquake,SwordsDance,Tailwind,Substitute|Jolly||M|||50|]Gengar||FocusSash|CursedBody|ClearSmog,Toxic,WillOWisp,PerishSong|Timid||M|||50|]Hatterene||MentalHerb|MagicBounce|HealPulse,LightScreen,Reflect,Protect|Calm||F|||50|
|showteam|p2|Tyranitar||Tyranitarite|SandStream|RockSlide,KnockOff,Earthquake,Protect|Adamant||M|||50|]Excadrill||Excadrite|SandRush|Earthquake,RockSlide,HighHorsepower,Protect|Jolly||F|||50|]Incineroar||SitrusBerry|Intimidate|FakeOut,DarkestLariat,WillOWisp,Protect|Careful||F|||50|]Primarina||FocusSash|LiquidVoice|HyperVoice,DazzlingGleam,CalmMind,Protect|Quiet||F|||50|]Mimikyu||MentalHerb|Disguise|TrickRoom,PlayRough,ShadowSneak,Protect|Sassy||M|||50|]Conkeldurr||LifeOrb|SheerForce|DrainPunch,MachPunch,IcePunch,Detect|Adamant||M|||50|
|
|t:|1784746771
|teamsize|p1|4
|teamsize|p2|4
|start
|switch|p1a: Tyranitar|Tyranitar, L50, M|100/100
|switch|p1b: Gliscor|Gliscor, L50, M|100/100
|switch|p2a: Tyranitar|Tyranitar, L50, M, shiny|100/100
|switch|p2b: Excadrill|Excadrill, L50, F, shiny|100/100
|-weather|Sandstorm|[from] ability: Sand Stream|[of] p1a: Tyranitar
|turn|1
|
|t:|1784746792
|move|p1a: Tyranitar|Protect|p1a: Tyranitar
|-singleturn|p1a: Tyranitar|Protect
|move|p2b: Excadrill|High Horsepower|p1a: Tyranitar
|-activate|p1a: Tyranitar|move: Protect
|move|p1b: Gliscor|Tailwind|p1b: Gliscor
|-sidestart|p1: notoank|move: Tailwind
|move|p2a: Tyranitar|Rock Slide|p1b: Gliscor|[spread] p1b
|-activate|p1a: Tyranitar|move: Protect
|-damage|p1b: Gliscor|64/100
|
|-weather|Sandstorm|[upkeep]
|-heal|p1b: Gliscor|70/100|[from] item: Leftovers
|upkeep
|turn|2
|
|t:|1784746820
|move|p1b: Gliscor|Substitute|p1b: Gliscor
|-start|p1b: Gliscor|Substitute
|-damage|p1b: Gliscor|45/100
|move|p2b: Excadrill|High Horsepower|p1a: Tyranitar
|-supereffective|p1a: Tyranitar|1
|-damage|p1a: Tyranitar|17/100
|move|p1a: Tyranitar|Low Kick|p2a: Tyranitar
|-supereffective|p2a: Tyranitar|2
|-damage|p2a: Tyranitar|0 fnt
|faint|p2a: Tyranitar
|
|-weather|Sandstorm|[upkeep]
|-heal|p1b: Gliscor|51/100|[from] item: Leftovers
|upkeep
|
|t:|1784746831
|switch|p2a: Primarina|Primarina, L50, F, shiny|100/100
|turn|3
|
|t:|1784746853
|move|p1b: Gliscor|Earthquake|p2b: Excadrill|[spread] p1a,p2a,p2b
|-supereffective|p1a: Tyranitar|1
|-supereffective|p2b: Excadrill|1
|-damage|p1a: Tyranitar|0 fnt
|-damage|p2a: Primarina|60/100
|-damage|p2b: Excadrill|6/100
|faint|p1a: Tyranitar
|move|p2b: Excadrill|Rock Slide|p1b: Gliscor
|-end|p1b: Gliscor|Substitute
|move|p2a: Primarina|Hyper Voice|p1b: Gliscor
|-supereffective|p1b: Gliscor|1
|-damage|p1b: Gliscor|0 fnt
|faint|p1b: Gliscor
|
|-weather|Sandstorm|[upkeep]
|-damage|p2a: Primarina|55/100|[from] Sandstorm
|upkeep
|
|t:|1784746868
|switch|p1b: Gengar|Gengar, L50, M, shiny|100/100
|switch|p1a: Excadrill|Excadrill, L50, F|100/100
|turn|4
|
|t:|1784746896
|move|p2a: Primarina|Protect|p2a: Primarina
|-singleturn|p2a: Primarina|Protect
|move|p1a: Excadrill|Iron Head|p2a: Primarina
|-activate|p2a: Primarina|move: Protect
|move|p1b: Gengar|Will-O-Wisp|p2b: Excadrill
|-status|p2b: Excadrill|brn
|move|p2b: Excadrill|Earthquake|p1a: Excadrill|[spread] p1a,p1b
|-activate|p2a: Primarina|move: Protect
|-supereffective|p1a: Excadrill|1
|-supereffective|p1b: Gengar|1
|-damage|p1a: Excadrill|41/100
|-damage|p1b: Gengar|38/100
|
|-weather|Sandstorm|[upkeep]
|-damage|p1b: Gengar|32/100|[from] Sandstorm
|-damage|p2a: Primarina|49/100|[from] Sandstorm
|-damage|p2b: Excadrill|1/100 brn|[from] brn
|-sideend|p1: notoank|move: Tailwind
|upkeep
|turn|5
|
|t:|1784746927
|move|p2b: Excadrill|Earthquake|p1a: Excadrill|[spread] p2a,p1a,p1b
|-supereffective|p1a: Excadrill|1
|-supereffective|p1b: Gengar|1
|-damage|p2a: Primarina|23/100
|-damage|p1a: Excadrill|0 fnt
|-damage|p1b: Gengar|0 fnt
|faint|p1a: Excadrill
|faint|p1b: Gengar
|
|win|iebilish
