|j|☆Garmas
|j|☆Fireplay25
|html|GarmasFireplay25    
|uhtml|bestof|Game 2 of a best-of-3
|t:|1757016963
|gametype|doubles
|player|p1|Garmas|ethan|1069
|player|p2|Fireplay25|2|1006
|gen|9
|tier|[Gen 9] VGC 2025 Reg H (Bo3)
|rated|
|rule|Species Clause: Limit one of each Pokémon
|rule|Item Clause: Limit 1 of each item
|clearpoke
|poke|p1|Incineroar, L50, F|
|poke|p1|Amoonguss, L50, M|
|poke|p1|Ursaluna-Bloodmoon, L50, M|
|poke|p1|Sneasler, L50, F|
|poke|p1|Gholdengo, L50|
|poke|p1|Dragonite, L50, F|
|poke|p2|Archaludon, L50, F|
|poke|p2|Kingdra, L50, M|
|poke|p2|Politoed, L50, F|
|poke|p2|Incineroar, L50, F|
|poke|p2|Gothitelle, L50, M|
|poke|p2|Amoonguss, L50, M|
|teampreview|4
|showteam|p1|Incineroar||SafetyGoggles|Intimidate|FlareBlitz,KnockOff,PartingShot,FakeOut|||F|||50|,,,,,Ghost]Amoonguss||SitrusBerry|Regenerator|Spore,RagePowder,PollenPuff,Protect|||M|||50|,,,,,Psychic]Ursaluna-Bloodmoon||AssaultVest|MindsEye|HyperVoice,BloodMoon,EarthPower,VacuumWave|||M|||50|,,,,,Water]Sneasler||FocusSash|Unburden|CloseCombat,DireClaw,ThroatChop,Protect|||F|||50|,,,,,Stellar]Gholdengo||LifeOrb|GoodasGold|MakeItRain,ShadowBall,NastyPlot,Protect||||||50|,,,,,Water]Dragonite||LoadedDice|Multiscale|ScaleShot,Tailwind,Haze,Protect|||F|||50|,,,,,Fairy
|showteam|p2|Archaludon||PowerHerb|Sturdy|Protect,ElectroShot,FlashCannon,DragonPulse|||F|||50|,,,,,Electric]Kingdra||LifeOrb|SwiftSwim|Protect,DracoMeteor,WeatherBall,MuddyWater|||M|||50|,,,,,Stellar]Politoed||Leftovers|Drizzle|Protect,WeatherBall,PerishSong,Encore|||F|||50|,,,,,Grass]Incineroar||SafetyGoggles|Intimidate|FakeOut,KnockOff,PartingShot,Protect|||F|||50|,,,,,Ghost]Gothitelle||SitrusBerry|ShadowTag|Protect,Psychic,FakeOut,TrickRoom|||M|||50|,,,,,Dark]Amoonguss||EjectButton|Regenerator|Protect,RagePowder,Spore,PollenPuff|||M|||50|,,,,,Fairy
|
|t:|1757016984
|teamsize|p1|4
|teamsize|p2|4
|start
|switch|p1a: Gholdengo|Gholdengo, L50|100/100
|switch|p1b: Incineroar|Incineroar, L50, F|100/100
|switch|p2a: Incineroar|Incineroar, L50, F|100/100
|switch|p2b: Politoed|Politoed, L50, F|100/100
|-weather|RainDance|[from] ability: Drizzle|[of] p2b: Politoed
|-ability|p1b: Incineroar|Intimidate|boost
|-unboost|p2a: Incineroar|atk|1
|-unboost|p2b: Politoed|atk|1
|-ability|p2a: Incineroar|Intimidate|boost
|-unboost|p1a: Gholdengo|atk|1
|-unboost|p1b: Incineroar|atk|1
|turn|1
|
|t:|1757017038
|move|p1b: Incineroar|Fake Out|p2a: Incineroar
|-damage|p2a: Incineroar|94/100
|move|p1a: Gholdengo|Nasty Plot|p1a: Gholdengo
|-boost|p1a: Gholdengo|spa|2
|move|p2b: Politoed|Weather Ball|p1a: Gholdengo
|-crit|p1a: Gholdengo
|-damage|p1a: Gholdengo|29/100
|cant|p2a: Incineroar|flinch
|
|-weather|RainDance|[upkeep]
|upkeep
|turn|2
|
|t:|1757017102
|move|p1a: Gholdengo|Shadow Ball|p2b: Politoed
|-damage|p2b: Politoed|15/100
|-damage|p1a: Gholdengo|19/100|[from] item: Life Orb
|move|p2b: Politoed|Encore|p1b: Incineroar
|-start|p1b: Incineroar|Encore
|move|p1b: Incineroar|Fake Out||[still]
|-hint|Fake Out only works on your first turn out.
|-fail|p1b: Incineroar
|move|p2a: Incineroar|Knock Off|p1a: Gholdengo
|-supereffective|p1a: Gholdengo
|-damage|p1a: Gholdengo|0 fnt
|-enditem|p1a: Gholdengo|Life Orb|[from] move: Knock Off|[of] p2a: Incineroar
|faint|p1a: Gholdengo
|
|-weather|RainDance|[upkeep]
|-heal|p2b: Politoed|21/100|[from] item: Leftovers
|upkeep
|
|t:|1757017116
|switch|p1a: Sneasler|Sneasler, L50, F|100/100
|turn|3
|
|t:|1757017155
|switch|p1b: Ursaluna|Ursaluna-Bloodmoon, L50, M|100/100
|move|p1a: Sneasler|Dire Claw|p2b: Politoed
|-damage|p2b: Politoed|0 fnt
|faint|p2b: Politoed
|move|p2a: Incineroar|Parting Shot|p1a: Sneasler
|-unboost|p1a: Sneasler|atk|1
|-unboost|p1a: Sneasler|spa|1
|
|t:|1757017175
|switch|p2a: Kingdra|Kingdra, L50, M|100/100|[from] Parting Shot
|
|-weather|RainDance|[upkeep]
|upkeep
|
|t:|1757017189
|switch|p2b: Gothitelle|Gothitelle, L50, M|100/100
|turn|4
|
|t:|1757017264
|-terastallize|p2a: Kingdra|Stellar
|-terastallize|p1b: Ursaluna|Water
|move|p1a: Sneasler|Protect|p1a: Sneasler
|-singleturn|p1a: Sneasler|Protect
|move|p2b: Gothitelle|Fake Out|p1a: Sneasler
|-activate|p1a: Sneasler|move: Protect
|move|p2a: Kingdra|Draco Meteor|p1b: Ursaluna
|-damage|p1b: Ursaluna|34/100
|-unboost|p2a: Kingdra|spa|2
|-damage|p2a: Kingdra|91/100|[from] item: Life Orb
|move|p1b: Ursaluna|Blood Moon|p2a: Kingdra
|-damage|p2a: Kingdra|0 fnt
|faint|p2a: Kingdra
|
|-weather|RainDance|[upkeep]
|upkeep
|
|t:|1757017277
|switch|p2a: Incineroar|Incineroar, L50, F|94/100
|-ability|p2a: Incineroar|Intimidate|boost
|-unboost|p1a: Sneasler|atk|1
|-unboost|p1b: Ursaluna|atk|1
|turn|5
|
|t:|1757017303
|move|p2a: Incineroar|Fake Out|p1b: Ursaluna
|-damage|p1b: Ursaluna|26/100
|move|p1a: Sneasler|Dire Claw|p2a: Incineroar
|-damage|p2a: Incineroar|73/100
|cant|p1b: Ursaluna|flinch
|move|p2b: Gothitelle|Trick Room|p2b: Gothitelle
|-fieldstart|move: Trick Room|[of] p2b: Gothitelle
|
|-weather|none
|upkeep
|turn|6
|
|t:|1757017332
|move|p2a: Incineroar|Knock Off|p1b: Ursaluna
|-damage|p1b: Ursaluna|0 fnt
|-enditem|p1b: Ursaluna|Assault Vest|[from] move: Knock Off|[of] p2a: Incineroar
|faint|p1b: Ursaluna
|move|p2b: Gothitelle|Psychic|p1a: Sneasler
|-supereffective|p1a: Sneasler
|-enditem|p1a: Sneasler|Focus Sash
|-damage|p1a: Sneasler|1/100
|move|p1a: Sneasler|Dire Claw|p2a: Incineroar
|-damage|p2a: Incineroar|52/100
|-status|p2a: Incineroar|slp
|
|upkeep
|
|t:|1757017343
|switch|p1b: Incineroar|Incineroar, L50, F|100/100
|-ability|p1b: Incineroar|Intimidate|boost
|-unboost|p2a: Incineroar|atk|1
|-unboost|p2b: Gothitelle|atk|1
|turn|7
|
|t:|1757017367
|move|p2b: Gothitelle|Protect|p2b: Gothitelle
|-singleturn|p2b: Gothitelle|Protect
|move|p1b: Incineroar|Fake Out|p2b: Gothitelle
|-activate|p2b: Gothitelle|move: Protect
|cant|p2a: Incineroar|slp
|move|p1a: Sneasler|Close Combat|p2a: Incineroar
|-supereffective|p2a: Incineroar
|-damage|p2a: Incineroar|0 fnt
|-unboost|p1a: Sneasler|def|1
|-unboost|p1a: Sneasler|spd|1
|faint|p2a: Incineroar
|
|upkeep
|turn|8
|-message|Fireplay25 forfeited.
|
|win|Garmas
|raw|Garmas's rating: 1069 → 1093(+24 for winning)
|raw|Fireplay25's rating: 1006 → 1000(-6 for losing)
|l|☆Fireplay25
|player|p2|
|c|☆Garmas|gg
