|j|☆PugBurro
|j|☆giocostorto
|html|PugBurrogiocostorto    
|uhtml|bestof|Game 3 of a best-of-3
|t:|1756995220
|gametype|doubles
|player|p1|PugBurro|red|
|player|p2|giocostorto|palmer|
|gen|9
|tier|[Gen 9] VGC 2025 Reg H (Bo3)
|rule|Species Clause: Limit one of each Pokémon
|rule|Item Clause: Limit 1 of each item
|clearpoke
|poke|p1|Archaludon, L50, F|
|poke|p1|Pelipper, L50, M|
|poke|p1|Basculegion, L50, M|
|poke|p1|Sneasler, L50, F|
|poke|p1|Amoonguss, L50, F|
|poke|p1|Maushold, L50|
|poke|p2|Misdreavus, L50, M|
|poke|p2|Gothitelle, L50, M|
|poke|p2|Amoonguss, L50, F|
|poke|p2|Incineroar, L50, M|
|poke|p2|Primarina, L50, M|
|poke|p2|Ursaluna, L50, F|
|teampreview|4
|showteam|p1|Archaludon||AssaultVest|Stamina|ElectroShot,DracoMeteor,FlashCannon,BodyPress|||F|||50|,,,,,Bug]Pelipper||CovertCloak|Drizzle|WeatherBall,Hurricane,Tailwind,Protect|||M|||50|,,,,,Steel]Basculegion||MysticWater|SwiftSwim|WaveCrash,LastRespects,AquaJet,FlipTurn|||M|||50|,,,,,Grass]Sneasler||FocusSash|Unburden|CloseCombat,DireClaw,FakeOut,Protect|||F|||50|,,,,,Stellar]Amoonguss||SitrusBerry|Regenerator|Spore,RagePowder,PollenPuff,ClearSmog|||F|||50|,,,,,Dark]Maushold||WideLens|Technician|PopulationBomb,FollowMe,Taunt,Protect||||||50|,,,,,Ghost
|showteam|p2|Misdreavus||Eviolite|Levitate|Protect,PerishSong,TrickRoom,ShadowBall|||M|||50|,,,,,Fire]Gothitelle||SafetyGoggles|ShadowTag|Protect,Psychic,TrickRoom,FakeOut|||M|||50|,,,,,Water]Amoonguss||MentalHerb|Regenerator|Protect,Spore,RagePowder,PollenPuff|||F|||50|,,,,,Dark]Incineroar||MirrorHerb|Intimidate|Protect,FlareBlitz,FakeOut,PartingShot|||M|||50|,,,,,Grass]Primarina||SitrusBerry|LiquidVoice|Protect,Moonblast,PerishSong,HyperVoice|||M|||50|,,,,,Steel]Ursaluna||FlameOrb|Guts|Protect,HeadlongRush,Earthquake,Facade|||F|||50|,,,,,Ghost
|inactive|Battle timer is ON: inactive players will automatically lose when time's up. (requested by giocostorto)
|
|t:|1756995249
|teamsize|p1|4
|teamsize|p2|4
|start
|switch|p1a: Basculegion|Basculegion, L50, M, shiny|100/100
|switch|p1b: Pelipper|Pelipper, L50, M, shiny|100/100
|switch|p2a: Gothitelle|Gothitelle, L50, M|100/100
|switch|p2b: Amoonguss|Amoonguss, L50, F|100/100
|-weather|RainDance|[from] ability: Drizzle|[of] p1b: Pelipper
|turn|1
|
|t:|1756995272
|-terastallize|p1a: Basculegion|Grass
|-terastallize|p2a: Gothitelle|Water
|move|p1a: Basculegion|Wave Crash|p2a: Gothitelle
|-resisted|p2a: Gothitelle
|-damage|p2a: Gothitelle|51/100
|-damage|p1a: Basculegion|86/100|[from] Recoil
|move|p1b: Pelipper|Hurricane|p2b: Amoonguss
|-supereffective|p2b: Amoonguss
|-damage|p2b: Amoonguss|15/100
|move|p2b: Amoonguss|Spore|p1b: Pelipper
|-status|p1b: Pelipper|slp|[from] move: Spore
|move|p2a: Gothitelle|Trick Room|p2a: Gothitelle
|-fieldstart|move: Trick Room|[of] p2a: Gothitelle
|
|-weather|RainDance|[upkeep]
|upkeep
|turn|2
|inactive|PugBurro has 30 seconds left.
|inactive|PugBurro has 20 seconds left.
|
|t:|1756995310
|cant|p1b: Pelipper|slp
|move|p2b: Amoonguss|Pollen Puff|p2a: Gothitelle
|-heal|p2a: Gothitelle|100/100
|move|p2a: Gothitelle|Psychic|p1a: Basculegion
|-damage|p1a: Basculegion|49/100
|move|p1a: Basculegion|Flip Turn|p2b: Amoonguss
|-resisted|p2b: Amoonguss
|-damage|p2b: Amoonguss|0 fnt
|faint|p2b: Amoonguss
|
|t:|1756995313
|switch|p1a: Amoonguss|Amoonguss, L50, F, shiny|100/100|[from] Flip Turn
|
|-weather|RainDance|[upkeep]
|upkeep
|
|t:|1756995335
|switch|p2b: Misdreavus|Misdreavus, L50, M|100/100
|turn|3
|inactive|PugBurro has 30 seconds left.
|inactive|PugBurro has 20 seconds left.
|inactive|PugBurro has 15 seconds left.
|
|t:|1756995375
|switch|p2a: Ursaluna|Ursaluna, L50, F|100/100
|move|p2b: Misdreavus|Protect|p2b: Misdreavus
|-singleturn|p2b: Misdreavus|Protect
|move|p1a: Amoonguss|Spore|p2a: Ursaluna
|-status|p2a: Ursaluna|slp|[from] move: Spore
|cant|p1b: Pelipper|slp
|
|-weather|RainDance|[upkeep]
|upkeep
|turn|4
|inactive|giocostorto has 30 seconds left.
|inactive|giocostorto has 20 seconds left.
|
|t:|1756995413
|switch|p2a: Gothitelle|Gothitelle, L50, M, tera:Water|100/100
|move|p1a: Amoonguss|Spore|p2b: Misdreavus
|-status|p2b: Misdreavus|slp|[from] move: Spore
|-curestatus|p1b: Pelipper|slp|[msg]
|move|p1b: Pelipper|Weather Ball|p2a: Gothitelle
|-resisted|p2a: Gothitelle
|-damage|p2a: Gothitelle|75/100
|cant|p2b: Misdreavus|slp
|
|-weather|RainDance|[upkeep]
|upkeep
|turn|5
|
|t:|1756995424
|move|p1a: Amoonguss|Spore|p2a: Gothitelle
|-activate|p2a: Gothitelle|item: Safety Goggles|Spore
|move|p2a: Gothitelle|Psychic|p1a: Amoonguss
|-supereffective|p1a: Amoonguss
|-damage|p1a: Amoonguss|49/100
|-unboost|p1a: Amoonguss|spd|1
|-enditem|p1a: Amoonguss|Sitrus Berry|[eat]
|-heal|p1a: Amoonguss|74/100|[from] item: Sitrus Berry
|move|p1b: Pelipper|Tailwind|p1b: Pelipper
|-sidestart|p1: PugBurro|move: Tailwind
|-curestatus|p2b: Misdreavus|slp|[msg]
|move|p2b: Misdreavus|Shadow Ball|p1a: Amoonguss
|-damage|p1a: Amoonguss|44/100
|
|-weather|none
|-fieldend|move: Trick Room
|upkeep
|turn|6
|inactive|PugBurro has 30 seconds left.
|
|t:|1756995455
|move|p1b: Pelipper|Hurricane|p2a: Gothitelle
|-damage|p2a: Gothitelle|38/100
|move|p1a: Amoonguss|Spore|p2b: Misdreavus
|-status|p2b: Misdreavus|slp|[from] move: Spore
|move|p2a: Gothitelle|Psychic|p1a: Amoonguss
|-supereffective|p1a: Amoonguss
|-damage|p1a: Amoonguss|0 fnt
|faint|p1a: Amoonguss
|cant|p2b: Misdreavus|slp
|
|upkeep
|
|t:|1756995462
|switch|p1a: Basculegion|Basculegion, L50, M, shiny, tera:Grass|49/100
|turn|7
|
|t:|1756995483
|move|p2a: Gothitelle|Protect|p2a: Gothitelle
|-singleturn|p2a: Gothitelle|Protect
|move|p1a: Basculegion|Flip Turn|p2b: Misdreavus
|-damage|p2b: Misdreavus|71/100 slp
|
|t:|1756995500
|switch|p1a: Archaludon|Archaludon, L50, F, shiny|100/100|[from] Flip Turn
|move|p1b: Pelipper|Hurricane|p2a: Gothitelle
|-activate|p2a: Gothitelle|move: Protect
|cant|p2b: Misdreavus|slp
|
|upkeep
|turn|8
|
|t:|1756995511
|switch|p2a: Ursaluna|Ursaluna, L50, F|100/100 slp
|move|p1a: Archaludon|Draco Meteor|p2b: Misdreavus
|-damage|p2b: Misdreavus|24/100 slp
|-unboost|p1a: Archaludon|spa|2
|move|p1b: Pelipper|Hurricane|p2b: Misdreavus
|-damage|p2b: Misdreavus|0 fnt
|faint|p2b: Misdreavus
|
|-sideend|p1: PugBurro|move: Tailwind
|upkeep
|
|t:|1756995519
|switch|p2b: Gothitelle|Gothitelle, L50, M, tera:Water|38/100
|turn|9
|inactive|giocostorto has 30 seconds left.
|inactive|giocostorto has 20 seconds left.
|
|t:|1756995559
|move|p1a: Archaludon|Body Press|p2a: Ursaluna
|-supereffective|p2a: Ursaluna
|-damage|p2a: Ursaluna|64/100 slp
|move|p1b: Pelipper|Hurricane|p2a: Ursaluna|[miss]
|-miss|p1b: Pelipper|p2a: Ursaluna
|cant|p2a: Ursaluna|slp
|move|p2b: Gothitelle|Trick Room|p2b: Gothitelle
|-fieldstart|move: Trick Room|[of] p2b: Gothitelle
|
|upkeep
|turn|10
|inactive|PugBurro has 30 seconds left.
|
|t:|1756995584
|cant|p2a: Ursaluna|slp
|move|p2b: Gothitelle|Psychic|p1b: Pelipper
|-damage|p1b: Pelipper|54/100
|move|p1b: Pelipper|Hurricane|p2a: Ursaluna
|-damage|p2a: Ursaluna|17/100 slp
|move|p1a: Archaludon|Body Press|p2a: Ursaluna
|-supereffective|p2a: Ursaluna
|-damage|p2a: Ursaluna|0 fnt
|faint|p2a: Ursaluna
|
|upkeep
|turn|11
|c|☆PugBurro|ggs
|c|☆giocostorto|gg
|-message|giocostorto forfeited.
|
|win|PugBurro
