|j|☆jngldiff
|j|☆Pietplezier7
|html|jngldiffPietplezier7    
|uhtml|bestof|Game 1 of a best-of-3
|t:|1756739109
|gametype|doubles
|player|p1|jngldiff|102|1208
|player|p2|Pietplezier7|grimsley-gen7|1292
|gen|9
|tier|[Gen 9] VGC 2025 Reg H (Bo3)
|rated|
|rule|Species Clause: Limit one of each Pokémon
|rule|Item Clause: Limit 1 of each item
|clearpoke
|poke|p1|Sneasler, L50, F|
|poke|p1|Dragonite, L50, M|
|poke|p1|Rillaboom, L50, F|
|poke|p1|Basculegion, L50, M|
|poke|p1|Volcarona, L50, M|
|poke|p1|Kingambit, L50, M|
|poke|p2|Charizard, L50, M|
|poke|p2|Torkoal, L50, F|
|poke|p2|Porygon2, L50|
|poke|p2|Incineroar, L50, M|
|poke|p2|Jumpluff, L50, M|
|poke|p2|Ursaluna, L50, M|
|teampreview|4
|showteam|p1|Sneasler||FocusSash|Unburden|CloseCombat,DireClaw,Coaching,Protect|||F|||50|,,,,,Ghost]Dragonite||LoadedDice|Multiscale|ScaleShot,ExtremeSpeed,Haze,Protect|||M|||50|,,,,,Fairy]Rillaboom||MiracleSeed|GrassySurge|WoodHammer,GrassyGlide,Taunt,FakeOut|||F|||50|,,,,,Fire]Basculegion||ChoiceScarf|Adaptability|WaveCrash,FlipTurn,LastRespects,AquaJet|||M|||50|,,,,,Water]Volcarona||CovertCloak|FlameBody|HeatWave,TeraBlast,QuiverDance,Protect|||M|||50|,,,,,Fairy]Kingambit||AssaultVest|Defiant|KowtowCleave,SuckerPunch,IronHead,LowKick|||M|||50|,,,,,Dragon
|showteam|p2|Charizard||ChoiceSpecs|SolarPower|HeatWave,Overheat,WeatherBall,AirSlash|||M|||50|,,,,,Ghost]Torkoal||EjectPack|Drought|Eruption,Overheat,HelpingHand,Protect|||F|||50|,,,,,Fire]Porygon2||Eviolite|Download|IceBeam,TeraBlast,TrickRoom,Recover||||||50|,,,,,Fighting]Incineroar||SitrusBerry|Intimidate|FlareBlitz,KnockOff,FakeOut,PartingShot|||M|||50|,,,,,Ghost]Jumpluff||CovertCloak|Chlorophyll|SleepPowder,SunnyDay,RagePowder,Tailwind|||M|||50|,,,,,Water]Ursaluna||FlameOrb|Guts|HeadlongRush,Facade,Earthquake,Protect|||M|||50|,,,,,Ghost
|inactive|Battle timer is ON: inactive players will automatically lose when time's up. (requested by Pietplezier7)
|inactive|jngldiff has 60 seconds left.
|inactive|Pietplezier7 has 60 seconds left.
|
|t:|1756739147
|teamsize|p1|4
|teamsize|p2|4
|start
|switch|p1a: Dragonite|Dragonite, L50, M|100/100
|switch|p1b: Kingambit|Kingambit, L50, M|100/100
|switch|p2a: Porygon2|Porygon2, L50|100/100
|switch|p2b: Incineroar|Incineroar, L50, M|100/100
|-ability|p2b: Incineroar|Intimidate|boost
|-unboost|p1a: Dragonite|atk|1
|-unboost|p1b: Kingambit|atk|1
|-ability|p1b: Kingambit|Defiant|boost
|-boost|p1b: Kingambit|atk|2
|-ability|p2a: Porygon2|Download|boost
|-boost|p2a: Porygon2|spa|1
|turn|1
|inactive|jngldiff has 30 seconds left.
|
|t:|1756739181
|-terastallize|p1b: Kingambit|Dragon
|move|p2b: Incineroar|Fake Out|p1b: Kingambit
|-damage|p1b: Kingambit|92/100
|move|p1a: Dragonite|Scale Shot|p2a: Porygon2|[miss]
|-miss|p1a: Dragonite|p2a: Porygon2
|cant|p1b: Kingambit|flinch
|move|p2a: Porygon2|Trick Room|p2a: Porygon2
|-fieldstart|move: Trick Room|[of] p2a: Porygon2
|
|upkeep
|turn|2
|inactive|jngldiff has 30 seconds left.
|inactive|Pietplezier7 has 30 seconds left.
|
|t:|1756739212
|switch|p2b: Ursaluna|Ursaluna, L50, M|100/100
|move|p1b: Kingambit|Low Kick|p2b: Ursaluna
|-supereffective|p2b: Ursaluna
|-damage|p2b: Ursaluna|0 fnt
|faint|p2b: Ursaluna
|move|p2a: Porygon2|Ice Beam|p1b: Kingambit
|-supereffective|p1b: Kingambit
|-damage|p1b: Kingambit|34/100
|move|p1a: Dragonite|Scale Shot|p2a: Porygon2|[miss]
|-miss|p1a: Dragonite|p2a: Porygon2
|
|upkeep
|
|t:|1756739227
|switch|p2b: Torkoal|Torkoal, L50, F|100/100
|-weather|SunnyDay|[from] ability: Drought|[of] p2b: Torkoal
|turn|3
|inactive|jngldiff has 30 seconds left.
|
|t:|1756739258
|move|p2b: Torkoal|Protect|p2b: Torkoal
|-singleturn|p2b: Torkoal|Protect
|move|p1a: Dragonite|Extreme Speed|p2b: Torkoal
|-activate|p2b: Torkoal|move: Protect
|move|p1b: Kingambit|Sucker Punch|p2a: Porygon2
|-damage|p2a: Porygon2|61/100
|move|p2a: Porygon2|Ice Beam|p1b: Kingambit
|-supereffective|p1b: Kingambit
|-damage|p1b: Kingambit|0 fnt
|faint|p1b: Kingambit
|
|-weather|SunnyDay|[upkeep]
|upkeep
|
|t:|1756739282
|switch|p1b: Sneasler|Sneasler, L50, F|100/100
|turn|4
|
|t:|1756739304
|move|p1a: Dragonite|Extreme Speed|p2b: Torkoal
|-damage|p2b: Torkoal|85/100
|move|p2b: Torkoal|Eruption|p1b: Sneasler|[spread] p1a,p1b
|-resisted|p1a: Dragonite
|-damage|p1a: Dragonite|85/100
|-damage|p1b: Sneasler|11/100
|move|p2a: Porygon2|Ice Beam|p1b: Sneasler
|-damage|p1b: Sneasler|0 fnt
|faint|p1b: Sneasler
|
|-weather|SunnyDay|[upkeep]
|upkeep
|
|t:|1756739316
|switch|p1b: Basculegion|Basculegion, L50, M|100/100
|turn|5
|
|t:|1756739336
|switch|p2b: Incineroar|Incineroar, L50, M|100/100
|-ability|p2b: Incineroar|Intimidate|boost
|-unboost|p1a: Dragonite|atk|1
|-unboost|p1b: Basculegion|atk|1
|move|p1a: Dragonite|Protect|p1a: Dragonite
|-singleturn|p1a: Dragonite|Protect
|move|p2a: Porygon2|Recover|p2a: Porygon2
|-heal|p2a: Porygon2|100/100
|move|p1b: Basculegion|Wave Crash|p2b: Incineroar
|-supereffective|p2b: Incineroar
|-crit|p2b: Incineroar
|-damage|p2b: Incineroar|0 fnt
|faint|p2b: Incineroar
|-damage|p1b: Basculegion|66/100|[from] Recoil
|
|-weather|SunnyDay|[upkeep]
|-fieldend|move: Trick Room
|upkeep
|
|t:|1756739347
|switch|p2b: Torkoal|Torkoal, L50, F|85/100
|turn|6
|
|t:|1756739358
|move|p2b: Torkoal|Protect|p2b: Torkoal
|-singleturn|p2b: Torkoal|Protect
|move|p1b: Basculegion|Wave Crash|p2b: Torkoal
|-activate|p2b: Torkoal|move: Protect
|move|p1a: Dragonite|Haze|p1a: Dragonite
|-clearallboost
|move|p2a: Porygon2|Trick Room|p2a: Porygon2
|-fieldstart|move: Trick Room|[of] p2a: Porygon2
|
|-weather|SunnyDay|[upkeep]
|upkeep
|turn|7
|
|t:|1756739378
|-terastallize|p2b: Torkoal|Fire
|move|p1a: Dragonite|Protect|p1a: Dragonite
|-singleturn|p1a: Dragonite|Protect
|move|p2b: Torkoal|Overheat|p1b: Basculegion
|-resisted|p1b: Basculegion
|-damage|p1b: Basculegion|6/100
|-unboost|p2b: Torkoal|spa|2
|move|p2a: Porygon2|Ice Beam|p1a: Dragonite
|-activate|p1a: Dragonite|move: Protect
|move|p1b: Basculegion|Wave Crash|p2b: Torkoal
|-supereffective|p2b: Torkoal
|-damage|p2b: Torkoal|29/100
|-damage|p1b: Basculegion|0 fnt|[from] Recoil
|faint|p1b: Basculegion
|
|-weather|none
|upkeep
|turn|8
|
|t:|1756739394
|move|p2b: Torkoal|Helping Hand|p2a: Porygon2
|-singleturn|p2a: Porygon2|Helping Hand|[of] p2b: Torkoal
|move|p2a: Porygon2|Ice Beam|p1a: Dragonite
|-supereffective|p1a: Dragonite
|-damage|p1a: Dragonite|0 fnt
|faint|p1a: Dragonite
|
|win|Pietplezier7
||Pietplezier7 is ready for game 2.
||jngldiff is ready for game 2.
|uhtml|next|Next: Game 2 of 3
