|j|☆gluttorn
|j|☆doomgrapes
|html|gluttorndoomgrapes    
|uhtml|bestof|Game 1 of a best-of-3
|t:|1782489055
|gametype|doubles
|player|p1|gluttorn|266|1114
|player|p2|doomgrapes|170|1098
|gen|9
|tier|[Gen 9 Champions] VGC 2026 Reg M-B (Bo3)
|rated|
|rule|Species Clause: Limit one of each Pokémon
|rule|Item Clause: Limit 1 of each item
|clearpoke
|poke|p1|Scrafty, L50, F|
|poke|p1|Torkoal, L50, M|
|poke|p1|Farigiraf, L50, M|
|poke|p1|Hatterene, L50, F|
|poke|p1|Vileplume, L50, F|
|poke|p1|Archaludon, L50, F|
|poke|p2|Metagross, L50|
|poke|p2|Incineroar, L50, F|
|poke|p2|Whimsicott, L50, M|
|poke|p2|Gholdengo, L50|
|poke|p2|Raichu, L50, M|
|poke|p2|Milotic, L50, F|
|teampreview|4
|showteam|p1|Scrafty||Scraftinite|Intimidate|FakeOut,KnockOff,DrainPunch,RockSlide|Brave||F|||50|]Torkoal||Charcoal|Drought|EarthPower,HeatWave,Eruption,Protect|Quiet||M|||50|]Farigiraf||MentalHerb|ArmorTail|Protect,HelpingHand,TrickRoom,Psychic|Calm||M|||50|]Hatterene||LifeOrb|MagicBounce|DazzlingGleam,Psychic,TrickRoom,Protect|Modest||F|||50|]Vileplume||FocusSash|Chlorophyll|AfterYou,Protect,EnergyBall,SludgeBomb|Timid||F|||50|]Archaludon||ChoiceScarf|Sturdy|Thunderbolt,DragonPulse,FlashCannon,BrickBreak|Timid||F|||50|
|showteam|p2|Metagross||Metagrossite|ClearBody|MeteorMash,PsychicFangs,BrickBreak,Protect|Jolly|||||50|]Incineroar||ChopleBerry|Intimidate|DarkestLariat,FakeOut,FlareBlitz,PartingShot|Adamant||F|||50|]Whimsicott||FocusSash|Prankster|Moonblast,Encore,Tailwind,WorrySeed|Timid||M|||50|]Gholdengo||LifeOrb|GoodasGold|DazzlingGleam,MakeItRain,ShadowBall,NastyPlot|Timid|||||50|]Raichu||RaichuniteY|LightningRod|FakeOut,FocusBlast,ZapCannon,Protect|Modest||M|||50|]Milotic|||Competitive|IceBeam,IcyWind,Scald,AlluringVoice|Calm||F|||50|
|inactive|Battle timer is ON: inactive players will automatically lose when time's up. (requested by doomgrapes)
|inactive|gluttorn has 60 seconds left.
|
|t:|1782489149
|teamsize|p1|4
|teamsize|p2|4
|start
|switch|p1a: Farigiraf|Farigiraf, L50, M|100/100
|switch|p1b: Vileplume|Vileplume, L50, F|100/100
|switch|p2a: Milotic|Milotic, L50, F|100/100
|switch|p2b: Whimsicott|Whimsicott, L50, M|100/100
|turn|1
|inactive|gluttorn has 30 seconds left.
|
|t:|1782489179
|move|p2b: Whimsicott|Worry Seed||[still]
|cant|p1a: Farigiraf|ability: Armor Tail|Worry Seed|[of] p2b: Whimsicott
|move|p2a: Milotic|Ice Beam|p1b: Vileplume
|-supereffective|p1b: Vileplume|1
|-damage|p1b: Vileplume|31/100
|move|p1b: Vileplume|Energy Ball|p2a: Milotic
|-supereffective|p2a: Milotic|1
|-damage|p2a: Milotic|35/100
|move|p1a: Farigiraf|Trick Room|p1a: Farigiraf
|-fieldstart|move: Trick Room|[of] p1a: Farigiraf
|
|upkeep
|turn|2
|inactive|gluttorn has 30 seconds left.
|inactive|doomgrapes has 30 seconds left.
|inactive|gluttorn has 20 seconds left.
|
|t:|1782489216
|switch|p1a: Torkoal|Torkoal, L50, M|100/100
|-weather|SunnyDay|[from] ability: Drought|[of] p1a: Torkoal
|switch|p2a: Incineroar|Incineroar, L50, F|100/100
|-ability|p2a: Incineroar|Intimidate|boost
|-unboost|p1a: Torkoal|atk|1
|-unboost|p1b: Vileplume|atk|1
|move|p2b: Whimsicott|Moonblast|p1a: Torkoal
|-resisted|p1a: Torkoal|1
|-damage|p1a: Torkoal|77/100
|move|p1b: Vileplume|Energy Ball|p2a: Incineroar
|-resisted|p2a: Incineroar|1
|-damage|p2a: Incineroar|80/100
|
|-weather|SunnyDay|[upkeep]
|upkeep
|turn|3
|
|t:|1782489240
|switch|p2b: Milotic|Milotic, L50, F|35/100
|switch|p1b: Farigiraf|Farigiraf, L50, M|100/100
|move|p1a: Torkoal|Eruption|p2a: Incineroar|[spread] p2a,p2b
|-resisted|p2a: Incineroar|1
|-resisted|p2b: Milotic|1
|-damage|p2a: Incineroar|46/100
|-damage|p2b: Milotic|7/100
|move|p2a: Incineroar|Flare Blitz|p1b: Farigiraf
|-damage|p1b: Farigiraf|11/100
|-damage|p2a: Incineroar|12/100|[from] Recoil
|
|-weather|SunnyDay|[upkeep]
|upkeep
|turn|4
|inactive|gluttorn has 30 seconds left.
|
|t:|1782489270
|switch|p1b: Vileplume|Vileplume, L50, F|31/100
|move|p1a: Torkoal|Eruption|p2b: Milotic|[spread] p2a,p2b
|-resisted|p2a: Incineroar|1
|-resisted|p2b: Milotic|1
|-damage|p2a: Incineroar|0 fnt
|-damage|p2b: Milotic|0 fnt
|faint|p2a: Incineroar
|faint|p2b: Milotic
|
|-weather|SunnyDay|[upkeep]
|upkeep
|
|t:|1782489281
|switch|p2a: Whimsicott|Whimsicott, L50, M|100/100
|switch|p2b: Metagross|Metagross, L50|100/100
|turn|5
|inactive|doomgrapes has 30 seconds left.
|
|t:|1782489314
|detailschange|p2b: Metagross|Metagross-Mega, L50
|-mega|p2b: Metagross|Metagross|Metagrossite
|move|p2b: Metagross|Protect|p2b: Metagross
|-singleturn|p2b: Metagross|Protect
|move|p1b: Vileplume|Protect|p1b: Vileplume
|-singleturn|p1b: Vileplume|Protect
|move|p1a: Torkoal|Eruption|p2b: Metagross|[spread] p2a
|-activate|p2b: Metagross|move: Protect
|-supereffective|p2a: Whimsicott|1
|-enditem|p2a: Whimsicott|Focus Sash
|-damage|p2a: Whimsicott|1/100
|move|p2a: Whimsicott|Moonblast|p1a: Torkoal
|-resisted|p1a: Torkoal|1
|-damage|p1a: Torkoal|53/100
|
|-weather|SunnyDay|[upkeep]
|-fieldend|move: Trick Room
|upkeep
|turn|6
|inactive|doomgrapes has 30 seconds left.
|
|t:|1782489346
|switch|p1a: Scrafty|Scrafty, L50, F|100/100
|-ability|p1a: Scrafty|Intimidate|boost
|-unboost|p2a: Whimsicott|atk|1
|-unboost|p2b: Metagross|atk|1
|move|p2a: Whimsicott|Encore|p1b: Vileplume
|-start|p1b: Vileplume|Encore
|move|p1b: Vileplume|Protect||[still]
|-fail|p1b: Vileplume
|move|p2b: Metagross|Psychic Fangs|p1a: Scrafty
|-immune|p1a: Scrafty
|
|-weather|none
|upkeep
|turn|7
|inactive|gluttorn has 30 seconds left.
|
|t:|1782489377
|switch|p1b: Farigiraf|Farigiraf, L50, M|11/100
|detailschange|p1a: Scrafty|Scrafty-Mega, L50, F
|-mega|p1a: Scrafty|Scrafty|Scraftinite
|-ability|p1a: Scrafty|Intimidate|boost
|-unboost|p2a: Whimsicott|atk|1
|-unboost|p2b: Metagross|atk|1
|move|p1a: Scrafty|Fake Out|p2a: Whimsicott
|-damage|p2a: Whimsicott|0 fnt
|faint|p2a: Whimsicott
|move|p2b: Metagross|Brick Break|p1a: Scrafty
|-supereffective|p1a: Scrafty|1
|-damage|p1a: Scrafty|70/100
|
|upkeep
|turn|8
|l|☆doomgrapes
|inactive|doomgrapes disconnected and has a minute to reconnect!
|player|p2|
|inactive|gluttorn has 30 seconds left.
|inactive|doomgrapes has 30 seconds left.
|inactive|gluttorn has 20 seconds left.
|inactive|doomgrapes has 20 seconds left.
|inactive|doomgrapes has 15 seconds left.
|inactive|doomgrapes has 10 seconds left.
|inactive|gluttorn has 15 seconds left.
|inactive|doomgrapes has 5 seconds left.
|-message|doomgrapes lost due to inactivity.
|
|win|gluttorn
