|j|☆Gyaradostyranitar
|j|☆dambro222
|html|Gyaradostyranitardambro222    
|uhtml|bestof|Game 1 of a best-of-3
|t:|1756284989
|gametype|doubles
|player|p1|Gyaradostyranitar|adaman|1159
|player|p2|dambro222|ethan|1161
|gen|9
|tier|[Gen 9] VGC 2025 Reg H (Bo3)
|rated|
|rule|Species Clause: Limit one of each Pokémon
|rule|Item Clause: Limit 1 of each item
|clearpoke
|poke|p1|Sneasler, L50, M|
|poke|p1|Electabuzz, L50, M|
|poke|p1|Kingambit, L50, M|
|poke|p1|Rillaboom, L50, M|
|poke|p1|Volcarona, L50, F|
|poke|p1|Dragonite, L50, M|
|poke|p2|Dragonite, L50, M|
|poke|p2|Volcarona, L50, F|
|poke|p2|Sneasler, L50, M|
|poke|p2|Rillaboom, L50, M|
|poke|p2|Electabuzz, L50, M|
|poke|p2|Kingambit, L50, M|
|teampreview|4
|showteam|p1|Sneasler||FocusSash|PoisonTouch|DireClaw,Coaching,Protect,CloseCombat|||M|||50|,,,,,Stellar]Electabuzz||Eviolite|VitalSpirit|FollowMe,Electroweb,Taunt,Protect|||M|||50|,,,,,Ghost]Kingambit||BlackGlasses|Defiant|KowtowCleave,SwordsDance,SuckerPunch,Protect|||M|||50|,,,,,Dark]Rillaboom||AssaultVest|GrassySurge|WoodHammer,Uturn,GrassyGlide,FakeOut|||M|||50|,,,,,Water]Volcarona||CovertCloak|FlameBody|HeatWave,TeraBlast,QuiverDance,Protect|||F|||50|,,,,,Fairy]Dragonite||LoadedDice|Multiscale|ScaleShot,Haze,Tailwind,Protect|||M|||50|,,,,,Steel
|showteam|p2|Dragonite||LoadedDice|Multiscale|ScaleShot,ExtremeSpeed,Haze,Protect|||M|||50|,,,,,Fairy]Volcarona||CovertCloak|FlameBody|HeatWave,TeraBlast,QuiverDance,Protect|||F|||50|,,,,,Fairy]Sneasler||FocusSash|Unburden|CloseCombat,DireClaw,Coaching,Protect|||M|||50|,,,,,Stellar]Rillaboom||AssaultVest|GrassySurge|WoodHammer,GrassyGlide,HighHorsepower,FakeOut|||M|||50|,,,,,Water]Electabuzz||Eviolite|VitalSpirit|Electroweb,FollowMe,Taunt,Protect|||M|||50|,,,,,Ghost]Kingambit||BlackGlasses|Defiant|KowtowCleave,SuckerPunch,SwordsDance,Protect|||M|||50|,,,,,Dark
|inactive|Battle timer is ON: inactive players will automatically lose when time's up. (requested by Gyaradostyranitar)
|inactive|dambro222 also wants the timer to be on.
|c|☆dambro222|lol
|inactive|Gyaradostyranitar has 60 seconds left.
|inactive|dambro222 has 60 seconds left.
|
|t:|1756285032
|teamsize|p1|4
|teamsize|p2|4
|start
|switch|p1a: Volcarona|Volcarona, L50, F|100/100
|switch|p1b: Electabuzz|Electabuzz, L50, M|100/100
|switch|p2a: Volcarona|Volcarona, L50, F|100/100
|switch|p2b: Electabuzz|Electabuzz, L50, M|100/100
|turn|1
|
|t:|1756285053
|move|p2a: Volcarona|Quiver Dance|p2a: Volcarona
|-boost|p2a: Volcarona|spa|1
|-boost|p2a: Volcarona|spd|1
|-boost|p2a: Volcarona|spe|1
|move|p2b: Electabuzz|Taunt|p1a: Volcarona
|-start|p1a: Volcarona|move: Taunt
|cant|p1a: Volcarona|move: Taunt|Quiver Dance
|move|p1b: Electabuzz|Taunt|p2b: Electabuzz
|-start|p2b: Electabuzz|move: Taunt
|
|upkeep
|turn|2
|
|t:|1756285073
|move|p2a: Volcarona|Quiver Dance|p2a: Volcarona
|-boost|p2a: Volcarona|spa|1
|-boost|p2a: Volcarona|spd|1
|-boost|p2a: Volcarona|spe|1
|move|p2b: Electabuzz|Electroweb|p1a: Volcarona|[spread] p1a,p1b
|-resisted|p1b: Electabuzz
|-damage|p1a: Volcarona|87/100
|-damage|p1b: Electabuzz|95/100
|-unboost|p1b: Electabuzz|spe|1
|move|p1a: Volcarona|Heat Wave|p2b: Electabuzz|[spread] p2a,p2b
|-damage|p2a: Volcarona|82/100
|-damage|p2b: Electabuzz|75/100
|move|p1b: Electabuzz|Taunt|p2a: Volcarona
|-start|p2a: Volcarona|move: Taunt
|
|upkeep
|turn|3
|
|t:|1756285095
|move|p2a: Volcarona|Heat Wave|p1b: Electabuzz|[spread] p1a,p1b
|-damage|p1a: Volcarona|23/100
|-damage|p1b: Electabuzz|34/100
|-status|p1b: Electabuzz|brn
|move|p2b: Electabuzz|Electroweb|p1a: Volcarona|[spread] p1a,p1b
|-resisted|p1b: Electabuzz
|-damage|p1a: Volcarona|11/100
|-damage|p1b: Electabuzz|29/100 brn
|-unboost|p1b: Electabuzz|spe|1
|move|p1a: Volcarona|Heat Wave|p2b: Electabuzz|[spread] p2a,p2b
|-damage|p2a: Volcarona|66/100
|-damage|p2b: Electabuzz|47/100
|move|p1b: Electabuzz|Electroweb|p2b: Electabuzz|[spread] p2a,p2b
|-resisted|p2b: Electabuzz
|-damage|p2a: Volcarona|58/100
|-damage|p2b: Electabuzz|41/100
|-unboost|p2b: Electabuzz|spe|1
|
|-damage|p1b: Electabuzz|23/100 brn|[from] brn
|-end|p1a: Volcarona|move: Taunt
|upkeep
|turn|4
|
|t:|1756285116
|move|p1a: Volcarona|Protect|p1a: Volcarona
|-singleturn|p1a: Volcarona|Protect
|move|p2a: Volcarona|Heat Wave|p1a: Volcarona|[spread] p1b
|-activate|p1a: Volcarona|move: Protect
|-damage|p1b: Electabuzz|0 fnt
|faint|p1b: Electabuzz
|move|p2b: Electabuzz|Electroweb|p1a: Volcarona
|-activate|p1a: Volcarona|move: Protect
|
|-end|p2b: Electabuzz|move: Taunt
|upkeep
|
|t:|1756285121
|switch|p1b: Dragonite|Dragonite, L50, M|100/100
|turn|5
|
|t:|1756285145
|-terastallize|p2a: Volcarona|Fairy
|move|p1a: Volcarona|Protect||[still]
|-fail|p1a: Volcarona
|move|p2a: Volcarona|Heat Wave|p1a: Volcarona|[spread] p1a,p1b
|-resisted|p1b: Dragonite
|-damage|p1a: Volcarona|0 fnt
|-damage|p1b: Dragonite|81/100
|faint|p1a: Volcarona
|move|p1b: Dragonite|Haze|p1b: Dragonite
|-clearallboost
|move|p2b: Electabuzz|Electroweb|p1b: Dragonite
|-damage|p1b: Dragonite|62/100
|-unboost|p1b: Dragonite|spe|1
|
|-end|p2a: Volcarona|move: Taunt
|upkeep
|
|t:|1756285153
|switch|p1a: Sneasler|Sneasler, L50, M|100/100
|turn|6
|
|t:|1756285170
|move|p2b: Electabuzz|Follow Me|p2b: Electabuzz
|-singleturn|p2b: Electabuzz|move: Follow Me
|move|p1a: Sneasler|Dire Claw|p2b: Electabuzz
|-damage|p2b: Electabuzz|8/100
|move|p2a: Volcarona|Tera Blast|p1b: Dragonite|[anim] Tera Blast Fairy
|-supereffective|p1b: Dragonite
|-damage|p1b: Dragonite|0 fnt
|faint|p1b: Dragonite
|
|upkeep
|turn|7
|-message|Gyaradostyranitar forfeited.
|
|win|dambro222
|l|☆Gyaradostyranitar
|player|p1|
||Gyaradostyranitar is ready for game 2.
||dambro222 is ready for game 2.
|uhtml|next|Next: Game 2 of 3
