|j|☆climatico_30281
|j|☆Vitchini
|html|climatico_30281Vitchini    
|uhtml|bestof|Game 1 of a best-of-3
|t:|1784447295
|gametype|doubles
|player|p1|climatico_30281|volkner|1000
|player|p2|Vitchini|101|1000
|gen|9
|tier|[Gen 9 Champions] VGC 2026 Reg M-B (Bo3)
|rated|
|rule|Species Clause: Limit one of each Pokémon
|rule|Item Clause: Limit 1 of each item
|clearpoke
|poke|p1|Annihilape, L50, F|
|poke|p1|Whimsicott, L50, M, shiny|
|poke|p1|Maushold-Four, L50|
|poke|p1|Farigiraf, L50, F|
|poke|p1|Sneasler, L50, F|
|poke|p1|Clawitzer, L50, M|
|poke|p2|Kangaskhan, L50, F|
|poke|p2|Basculegion, L50, M|
|poke|p2|Talonflame, L50, M|
|poke|p2|Archaludon, L50, M|
|poke|p2|Hydreigon, L50, F|
|poke|p2|Farigiraf, L50, F|
|teampreview|4
|showteam|p1|Annihilape||LumBerry|Defiant|RageFist,DrainPunch,Rest,BulkUp|Adamant||F|||50|]Whimsicott||FocusSash|Prankster|Moonblast,Tailwind,Encore,Protect|Modest||M|||50|]Maushold-Four||SitrusBerry|FriendGuard|BeatUp,Protect,PopulationBomb,FollowMe|Adamant|||||50|]Farigiraf||ColburBerry|ArmorTail|HyperVoice,Imprison,Protect,Psychic|Calm||F|||50|]Sneasler||FocusBand|PoisonTouch|CloseCombat,FakeOut,DireClaw,Protect|Jolly||F|||50|]Clawitzer||LifeOrb|MegaLauncher|AuraSphere,DarkPulse,WaterPulse,Protect|Timid||M|||50|
|showteam|p2|Kangaskhan||Kangaskhanite|Scrappy|DoubleEdge,FakeOut,SuckerPunch,DrainPunch|Adamant||F|||50|]Basculegion||FocusSash|Adaptability|AquaJet,LastRespects,WaveCrash,Protect|Adamant||M|||50|]Talonflame|||GaleWings|Acrobatics,FlareBlitz,Tailwind,Protect|Jolly||M|||50|]Archaludon||Leftovers|Stamina|DracoMeteor,ElectroShot,FlashCannon,Protect|Modest||M|||50|]Hydreigon||ChoiceScarf|Levitate|DarkPulse,EarthPower,Snarl,DracoMeteor|Timid||F|||50|]Farigiraf||SitrusBerry|ArmorTail|TrickRoom,Psychic,RainDance,Thunderbolt|Bold||F|||50|
|inactive|Battle timer is ON: inactive players will automatically lose when time's up. (requested by climatico_30281)
|inactive|climatico_30281 has 60 seconds left.
|inactive|Vitchini has 60 seconds left.
|inactive|climatico_30281 has 30 seconds left.
|inactive|climatico_30281 has 20 seconds left.
|inactive|climatico_30281 has 15 seconds left.
|inactive|climatico_30281 has 10 seconds left.
|
|t:|1784447390
|teamsize|p1|4
|teamsize|p2|4
|start
|switch|p1a: Annihilape|Annihilape, L50, F|100/100
|switch|p1b: Farigiraf|Farigiraf, L50, F|100/100
|switch|p2a: Kangaskhan|Kangaskhan, L50, F|100/100
|switch|p2b: Talonflame|Talonflame, L50, M|100/100
|turn|1
|inactive|Vitchini has 30 seconds left.
|inactive|Vitchini has 20 seconds left.
|inactive|Vitchini has 15 seconds left.
|inactive|Vitchini has 10 seconds left.
|inactive|Vitchini has 5 seconds left.
|
|t:|1784447444
|move|p2b: Talonflame|Protect|p2b: Talonflame
|-singleturn|p2b: Talonflame|Protect
|move|p1a: Annihilape|Drain Punch|p2a: Kangaskhan
|-supereffective|p2a: Kangaskhan|1
|-damage|p2a: Kangaskhan|26/100
|move|p2a: Kangaskhan|Double-Edge|p1b: Farigiraf
|-damage|p1b: Farigiraf|51/100
|-damage|p2a: Kangaskhan|9/100|[from] Recoil
|move|p1b: Farigiraf|Hyper Voice|p2b: Talonflame|[spread] p2a
|-activate|p2b: Talonflame|move: Protect
|-damage|p2a: Kangaskhan|0 fnt
|faint|p2a: Kangaskhan
|
|upkeep
|
|t:|1784447459
|switch|p2a: Archaludon|Archaludon, L50, M|100/100
|turn|2
|inactive|climatico_30281 has 30 seconds left.
|inactive|Vitchini has 30 seconds left.
|
|t:|1784447493
|switch|p1b: Whimsicott|Whimsicott, L50, M, shiny|100/100
|move|p2b: Talonflame|Flare Blitz|p1b: Whimsicott
|-supereffective|p1b: Whimsicott|1
|-enditem|p1b: Whimsicott|Focus Sash
|-damage|p1b: Whimsicott|1/100
|-damage|p2b: Talonflame|71/100|[from] Recoil
|move|p1a: Annihilape|Bulk Up|p1a: Annihilape
|-boost|p1a: Annihilape|atk|1
|-boost|p1a: Annihilape|def|1
|move|p2a: Archaludon|Electro Shot||[still]
|-prepare|p2a: Archaludon|Electro Shot
|-boost|p2a: Archaludon|spa|1
|
|upkeep
|turn|3
|inactive|climatico_30281 has 30 seconds left.
|
|t:|1784447522
|move|p1b: Whimsicott|Tailwind|p1b: Whimsicott
|-sidestart|p1: climatico_30281|move: Tailwind
|move|p1a: Annihilape|Rage Fist|p2b: Talonflame
|-damage|p2b: Talonflame|12/100
|move|p2b: Talonflame|Acrobatics|p1a: Annihilape
|-supereffective|p1a: Annihilape|1
|-damage|p1a: Annihilape|39/100
|move|p2a: Archaludon|Electro Shot|p1b: Whimsicott|[from] lockedmove
|-resisted|p1b: Whimsicott|1
|-damage|p1b: Whimsicott|0 fnt
|faint|p1b: Whimsicott
|
|upkeep
|
|t:|1784447537
|switch|p1b: Clawitzer|Clawitzer, L50, M|100/100
|turn|4
|inactive|climatico_30281 has 30 seconds left.
|
|t:|1784447563
|switch|p2b: Hydreigon|Hydreigon, L50, F|100/100
|move|p2a: Archaludon|Protect|p2a: Archaludon
|-singleturn|p2a: Archaludon|Protect
|move|p1a: Annihilape|Rest|p1a: Annihilape
|-status|p1a: Annihilape|slp|[from] move: Rest
|-enditem|p1a: Annihilape|Lum Berry|[eat]
|-curestatus|p1a: Annihilape|slp|[msg]
|-heal|p1a: Annihilape|100/100|[silent]
|move|p1b: Clawitzer|Aura Sphere|p2a: Archaludon
|-activate|p2a: Archaludon|move: Protect
|
|upkeep
|turn|5
|inactive|climatico_30281 has 30 seconds left.
|inactive|Vitchini has 30 seconds left.
|
|t:|1784447598
|move|p1a: Annihilape|Drain Punch|p2a: Archaludon
|-supereffective|p2a: Archaludon|1
|-damage|p2a: Archaludon|1/100
|-ability|p2a: Archaludon|Stamina|boost
|-boost|p2a: Archaludon|def|1
|move|p2b: Hydreigon|Dark Pulse|p1a: Annihilape
|-damage|p1a: Annihilape|64/100
|move|p1b: Clawitzer|Aura Sphere|p2a: Archaludon
|-supereffective|p2a: Archaludon|1
|-damage|p2a: Archaludon|0 fnt
|faint|p2a: Archaludon
|-damage|p1b: Clawitzer|90/100|[from] item: Life Orb
|
|upkeep
|
|t:|1784447608
|switch|p2a: Talonflame|Talonflame, L50, M|12/100
|turn|6
|
|t:|1784447618
|move|p1a: Annihilape|Drain Punch|p2b: Hydreigon
|-supereffective|p2b: Hydreigon|1
|-damage|p2b: Hydreigon|0 fnt
|-heal|p1a: Annihilape|100/100|[from] drain|[of] p2b: Hydreigon
|faint|p2b: Hydreigon
|move|p1b: Clawitzer|Water Pulse|p2a: Talonflame
|-supereffective|p2a: Talonflame|1
|-damage|p2a: Talonflame|0 fnt
|faint|p2a: Talonflame
|-damage|p1b: Clawitzer|80/100|[from] item: Life Orb
|
|win|climatico_30281
||Vitchini is ready for game 2.
|inactive|climatico_30281 has 30 seconds to confirm battle start!
|l|☆Vitchini
|player|p2|
