|j|☆Arnauz10
|j|☆Markingdra
|html|Arnauz10Markingdra    
|uhtml|bestof|Game 1 of a best-of-3
|t:|1756151635
|gametype|doubles
|player|p1|Arnauz10|ghetsis|1132
|player|p2|Markingdra|bugcatcher-gen4dp|1199
|gen|9
|tier|[Gen 9] VGC 2025 Reg H (Bo3)
|rated|
|rule|Species Clause: Limit one of each Pokémon
|rule|Item Clause: Limit 1 of each item
|clearpoke
|poke|p1|Annihilape, L50, F|
|poke|p1|Dragonite, L50, M|
|poke|p1|Gholdengo, L50|
|poke|p1|Porygon2, L50|
|poke|p1|Ursaluna, L50, F|
|poke|p1|Incineroar, L50, F|
|poke|p2|Archaludon, L50, M|
|poke|p2|Rillaboom, L50, M|
|poke|p2|Basculegion, L50, M|
|poke|p2|Kingambit, L50, M|
|poke|p2|Pelipper, L50, M|
|poke|p2|Electabuzz, L50, F|
|teampreview|4
|showteam|p1|Annihilape||FocusSash|Defiant|RageFist,CloseCombat,Coaching,Taunt|||F|||50|,,,,,Stellar]Dragonite||LoadedDice|Multiscale|ScaleShot,Haze,Tailwind,Protect|||M|||50|,,,,,Fairy]Gholdengo||LifeOrb|GoodasGold|ShadowBall,MakeItRain,NastyPlot,Protect||||||50|,,,,,Water]Porygon2||Eviolite|Download|IceBeam,TeraBlast,Recover,TrickRoom||||||50|,,,,,Fighting]Ursaluna||FlameOrb|Guts|Facade,Earthquake,HeadlongRush,Protect|||F|||50|,,,,,Ghost]Incineroar||SafetyGoggles|Intimidate|FakeOut,KnockOff,FlareBlitz,PartingShot|||F|||50|,,,,,Ghost
|showteam|p2|Archaludon||AssaultVest|Stamina|ElectroShot,DracoMeteor,FlashCannon,BodyPress|||M|||50|,,,,,Bug]Rillaboom||LoadedDice|GrassySurge|BulletSeed,GrassyGlide,FakeOut,HighHorsepower|||M|||50|,,,,,Fire]Basculegion||ChoiceBand|SwiftSwim|WaveCrash,LastRespects,FlipTurn,AquaJet|||M|||50|,,,,,Grass]Kingambit||BlackGlasses|Defiant|KowtowCleave,SuckerPunch,SwordsDance,Protect|||M|||50|,,,,,Dark]Pelipper||FocusSash|Drizzle|WeatherBall,Hurricane,Tailwind,Protect|||M|||50|,,,,,Ghost]Electabuzz||Eviolite|VitalSpirit|Electroweb,Taunt,FollowMe,Protect|||F|||50|,,,,,Ghost
|inactive|Battle timer is ON: inactive players will automatically lose when time's up. (requested by Markingdra)
|
|t:|1756151687
|teamsize|p1|4
|teamsize|p2|4
|start
|switch|p1a: Annihilape|Annihilape, L50, F|100/100
|switch|p1b: Gholdengo|Gholdengo, L50|100/100
|switch|p2a: Electabuzz|Electabuzz, L50, F, shiny|100/100
|switch|p2b: Kingambit|Kingambit, L50, M, shiny|100/100
|turn|1
|
|t:|1756151712
|-terastallize|p2a: Electabuzz|Ghost
|move|p1b: Gholdengo|Protect|p1b: Gholdengo
|-singleturn|p1b: Gholdengo|Protect
|move|p2a: Electabuzz|Follow Me|p2a: Electabuzz
|-singleturn|p2a: Electabuzz|move: Follow Me
|move|p1a: Annihilape|Taunt|p2a: Electabuzz
|-start|p2a: Electabuzz|move: Taunt
|move|p2b: Kingambit|Swords Dance|p2b: Kingambit
|-boost|p2b: Kingambit|atk|2
|
|upkeep
|turn|2
|inactive|Arnauz10 has 30 seconds left.
|inactive|Arnauz10 has 20 seconds left.
|
|t:|1756151748
|switch|p1b: Dragonite|Dragonite, L50, M|100/100
|move|p2b: Kingambit|Sucker Punch||[still]
|-fail|p2b: Kingambit
|move|p1a: Annihilape|Coaching|p1b: Dragonite
|-boost|p1b: Dragonite|atk|1
|-boost|p1b: Dragonite|def|1
|move|p2a: Electabuzz|Electroweb|p1a: Annihilape|[spread] p1b
|-miss|p2a: Electabuzz|p1a: Annihilape
|-damage|p1b: Dragonite|92/100
|-unboost|p1b: Dragonite|spe|1
|
|upkeep
|turn|3
|inactive|Arnauz10 has 30 seconds left.
|inactive|Arnauz10 has 20 seconds left.
|inactive|Arnauz10 has 15 seconds left.
|
|t:|1756151789
|-terastallize|p1b: Dragonite|Fairy
|move|p1a: Annihilape|Taunt|p2b: Kingambit
|-start|p2b: Kingambit|move: Taunt
|move|p2a: Electabuzz|Electroweb|p1b: Dragonite|[spread] p1b
|-miss|p2a: Electabuzz|p1a: Annihilape
|-damage|p1b: Dragonite|76/100
|-unboost|p1b: Dragonite|spe|1
|move|p2b: Kingambit|Kowtow Cleave|p1a: Annihilape
|-enditem|p1a: Annihilape|Focus Sash
|-damage|p1a: Annihilape|1/100
|move|p1b: Dragonite|Scale Shot|p2b: Kingambit
|-resisted|p2b: Kingambit
|-damage|p2b: Kingambit|92/100
|-resisted|p2b: Kingambit
|-damage|p2b: Kingambit|83/100
|-resisted|p2b: Kingambit
|-damage|p2b: Kingambit|76/100
|-resisted|p2b: Kingambit
|-damage|p2b: Kingambit|69/100
|-resisted|p2b: Kingambit
|-damage|p2b: Kingambit|60/100
|-hitcount|p2b: Kingambit|5
|-unboost|p1b: Dragonite|def|1
|-boost|p1b: Dragonite|spe|1
|
|upkeep
|turn|4
|inactive|Arnauz10 has 30 seconds left.
|inactive|Arnauz10 has 20 seconds left.
|inactive|Arnauz10 has 15 seconds left.
|
|t:|1756151834
|switch|p1a: Porygon2|Porygon2, L50|100/100
|-ability|p1a: Porygon2|Download|boost
|-boost|p1a: Porygon2|spa|1
|move|p2a: Electabuzz|Electroweb|p1b: Dragonite|[spread] p1a,p1b
|-damage|p1a: Porygon2|91/100
|-damage|p1b: Dragonite|62/100
|-unboost|p1a: Porygon2|spe|1
|-unboost|p1b: Dragonite|spe|1
|move|p2b: Kingambit|Kowtow Cleave|p1b: Dragonite
|-resisted|p1b: Dragonite
|-damage|p1b: Dragonite|0 fnt
|faint|p1b: Dragonite
|
|-end|p2a: Electabuzz|move: Taunt
|upkeep
|
|t:|1756151847
|switch|p1b: Gholdengo|Gholdengo, L50|100/100
|turn|5
|inactive|Arnauz10 has 30 seconds left.
|
|t:|1756151880
|move|p2a: Electabuzz|Taunt|p1a: Porygon2
|-start|p1a: Porygon2|move: Taunt
|move|p1b: Gholdengo|Make It Rain|p2b: Kingambit|[spread] p2a,p2b
|-resisted|p2b: Kingambit
|-damage|p2a: Electabuzz|54/100
|-damage|p2b: Kingambit|29/100
|-unboost|p1b: Gholdengo|spa|1
|-damage|p1b: Gholdengo|91/100|[from] item: Life Orb
|move|p2b: Kingambit|Kowtow Cleave|p1b: Gholdengo
|-supereffective|p1b: Gholdengo
|-damage|p1b: Gholdengo|0 fnt
|faint|p1b: Gholdengo
|move|p1a: Porygon2|Ice Beam|p2b: Kingambit
|-resisted|p2b: Kingambit
|-damage|p2b: Kingambit|9/100
|
|-end|p2b: Kingambit|move: Taunt
|upkeep
|
|t:|1756151891
|switch|p1b: Annihilape|Annihilape, L50, F|1/100
|turn|6
|
|t:|1756151901
|move|p1b: Annihilape|Rage Fist|p2b: Kingambit
|-resisted|p2b: Kingambit
|-damage|p2b: Kingambit|0 fnt
|faint|p2b: Kingambit
|move|p2a: Electabuzz|Electroweb|p1a: Porygon2|[spread] p1a,p1b
|-crit|p1a: Porygon2
|-crit|p1b: Annihilape
|-damage|p1a: Porygon2|78/100
|-damage|p1b: Annihilape|0 fnt
|-unboost|p1a: Porygon2|spe|1
|faint|p1b: Annihilape
|move|p1a: Porygon2|Ice Beam|p2a: Electabuzz
|-damage|p2a: Electabuzz|24/100
|
|upkeep
|
|t:|1756151909
|switch|p2b: Pelipper|Pelipper, L50, M|100/100
|-weather|RainDance|[from] ability: Drizzle|[of] p2b: Pelipper
|turn|7
|
|t:|1756151913
|move|p2a: Electabuzz|Electroweb|p1a: Porygon2
|-damage|p1a: Porygon2|66/100
|-unboost|p1a: Porygon2|spe|1
|move|p2b: Pelipper|Weather Ball|p1a: Porygon2
|-damage|p1a: Porygon2|22/100
|move|p1a: Porygon2|Ice Beam|p2b: Pelipper
|-damage|p2b: Pelipper|28/100
|
|-weather|RainDance|[upkeep]
|-end|p1a: Porygon2|move: Taunt
|upkeep
|turn|8
|
|t:|1756151917
|move|p2a: Electabuzz|Taunt|p1a: Porygon2
|-start|p1a: Porygon2|move: Taunt
|move|p2b: Pelipper|Weather Ball|p1a: Porygon2
|-damage|p1a: Porygon2|0 fnt
|faint|p1a: Porygon2
|
|win|Markingdra
