|j|☆darthmorton
|j|☆RoadToWorlds44
|html|darthmortonRoadToWorlds44    
|uhtml|bestof|Game 2 of a best-of-3
|t:|1754686738
|gametype|doubles
|player|p1|darthmorton|ingo|1237
|player|p2|RoadToWorlds44|169|1254
|gen|9
|tier|[Gen 9] VGC 2025 Reg H (Bo3)
|rated|
|rule|Species Clause: Limit one of each Pokémon
|rule|Item Clause: Limit 1 of each item
|clearpoke
|poke|p1|Charizard, L50, F|
|poke|p1|Torkoal, L50, M|
|poke|p1|Porygon2, L50|
|poke|p1|Incineroar, L50, M|
|poke|p1|Jumpluff, L50, M|
|poke|p1|Ursaluna, L50, M|
|poke|p2|Sneasler, L50, M|
|poke|p2|Whimsicott, L50, F|
|poke|p2|Indeedee, L50, M|
|poke|p2|Delphox, L50, F|
|poke|p2|Ninetales-Alola, L50, F|
|poke|p2|Basculegion, L50, M|
|teampreview|4
|showteam|p1|Charizard||ChoiceSpecs|SolarPower|HeatWave,Overheat,WeatherBall,AirSlash|||F|||50|,,,,,Ghost]Torkoal||EjectPack|Drought|Eruption,Overheat,HelpingHand,Protect|||M|||50|,,,,,Fire]Porygon2||Eviolite|Download|TeraBlast,IceBeam,Recover,TrickRoom||||||50|,,,,,Fighting]Incineroar||SitrusBerry|Intimidate|FlareBlitz,KnockOff,FakeOut,PartingShot|||M|||50|,,,,,Ghost]Jumpluff||CovertCloak|Chlorophyll|SleepPowder,SunnyDay,RagePowder,Tailwind|||M|||50|,,,,,Water]Ursaluna||FlameOrb|Guts|HeadlongRush,Facade,Earthquake,Protect|||M|||50|,,,,,Ghost
|showteam|p2|Sneasler||PsychicSeed|Unburden|CloseCombat,DireClaw,ThroatChop,Protect|||M|||50|,,,,,Dark]Whimsicott||CovertCloak|Prankster|Moonblast,SunnyDay,Tailwind,HelpingHand|||F|||50|,,,,,Water]Indeedee||FocusSash|PsychicSurge|ExpandingForce,TeraBlast,Imprison,TrickRoom|||M|||50|,,,,,Fighting]Delphox||LifeOrb|Magician|HeatWave,ExpandingForce,DazzlingGleam,Protect|||F|||50|,,,,,Fairy]Ninetales-Alola||NeverMeltIce|SnowWarning|Blizzard,Protect,Moonblast,FreezeDry|||F|||50|,,,,,Fire]Basculegion||ChoiceScarf|Adaptability|WaveCrash,LastRespects,TeraBlast,FlipTurn|||M|||50|,,,,,Grass
|inactive|Battle timer is ON: inactive players will automatically lose when time's up. (requested by darthmorton)
|
|t:|1754686766
|teamsize|p1|4
|teamsize|p2|4
|start
|switch|p1a: Jumpluff|Jumpluff, L50, M|100/100
|switch|p1b: Incineroar|Incineroar, L50, M|100/100
|switch|p2a: Whimsicott|Whimsicott, L50, F|100/100
|switch|p2b: Delphox|Delphox, L50, F|100/100
|-ability|p1b: Incineroar|Intimidate|boost
|-unboost|p2a: Whimsicott|atk|1
|-unboost|p2b: Delphox|atk|1
|turn|1
|inactive|darthmorton has 30 seconds left.
|
|t:|1754686792
|switch|p1a: Torkoal|Torkoal, L50, M|100/100
|-weather|SunnyDay|[from] ability: Drought|[of] p1a: Torkoal
|move|p2a: Whimsicott|Tailwind|p2a: Whimsicott
|-sidestart|p2: RoadToWorlds44|move: Tailwind
|move|p2b: Delphox|Heat Wave|p1a: Torkoal|[spread] p1a,p1b
|-resisted|p1a: Torkoal
|-resisted|p1b: Incineroar
|-damage|p1a: Torkoal|54/100
|-damage|p1b: Incineroar|68/100
|-damage|p2b: Delphox|91/100|[from] item: Life Orb
|move|p1b: Incineroar|Knock Off|p2b: Delphox
|-supereffective|p2b: Delphox
|-crit|p2b: Delphox
|-damage|p2b: Delphox|0 fnt
|-enditem|p2b: Delphox|Life Orb|[from] move: Knock Off|[of] p1b: Incineroar
|faint|p2b: Delphox
|
|-weather|SunnyDay|[upkeep]
|upkeep
|
|t:|1754686816
|switch|p2b: Ninetales|Ninetales-Alola, L50, F|100/100
|-weather|Snowscape|[from] ability: Snow Warning|[of] p2b: Ninetales
|turn|2
|
|t:|1754686837
|-terastallize|p2b: Ninetales|Fire
|move|p2a: Whimsicott|Helping Hand|p2b: Ninetales
|-singleturn|p2b: Ninetales|Helping Hand|[of] p2a: Whimsicott
|move|p2b: Ninetales|Blizzard|p1a: Torkoal|[spread] p1a,p1b
|-resisted|p1a: Torkoal
|-resisted|p1b: Incineroar
|-damage|p1a: Torkoal|23/100
|-damage|p1b: Incineroar|47/100
|-enditem|p1b: Incineroar|Sitrus Berry|[eat]
|-heal|p1b: Incineroar|71/100|[from] item: Sitrus Berry
|move|p1b: Incineroar|Parting Shot|p2b: Ninetales
|-unboost|p2b: Ninetales|atk|1
|-unboost|p2b: Ninetales|spa|1
|
|t:|1754686851
|switch|p1b: Charizard|Charizard, L50, F|100/100|[from] Parting Shot
|move|p1a: Torkoal|Overheat|p2b: Ninetales|[miss]
|-miss|p1a: Torkoal|p2b: Ninetales
|
|-weather|Snowscape|[upkeep]
|upkeep
|turn|3
|
|t:|1754686876
|switch|p1a: Incineroar|Incineroar, L50, M|71/100
|-ability|p1a: Incineroar|Intimidate|boost
|-unboost|p2a: Whimsicott|atk|1
|-unboost|p2b: Ninetales|atk|1
|move|p2a: Whimsicott|Helping Hand|p2b: Ninetales
|-singleturn|p2b: Ninetales|Helping Hand|[of] p2a: Whimsicott
|move|p2b: Ninetales|Blizzard|p1a: Incineroar|[spread] p1a,p1b
|-resisted|p1a: Incineroar
|-damage|p1a: Incineroar|55/100
|-damage|p1b: Charizard|59/100
|move|p1b: Charizard|Heat Wave|p2a: Whimsicott|[spread] p2a,p2b
|-supereffective|p2a: Whimsicott
|-resisted|p2b: Ninetales
|-damage|p2a: Whimsicott|0 fnt
|-damage|p2b: Ninetales|71/100
|faint|p2a: Whimsicott
|
|-weather|Snowscape|[upkeep]
|upkeep
|
|t:|1754686890
|switch|p2a: Sneasler|Sneasler, L50, M|100/100
|turn|4
|inactive|RoadToWorlds44 has 30 seconds left.
|
|t:|1754686918
|switch|p1b: Torkoal|Torkoal, L50, M|23/100
|-weather|SunnyDay|[from] ability: Drought|[of] p1b: Torkoal
|move|p2b: Ninetales|Protect|p2b: Ninetales
|-singleturn|p2b: Ninetales|Protect
|move|p2a: Sneasler|Protect|p2a: Sneasler
|-singleturn|p2a: Sneasler|Protect
|move|p1a: Incineroar|Fake Out|p2b: Ninetales
|-activate|p2b: Ninetales|move: Protect
|
|-weather|SunnyDay|[upkeep]
|-sideend|p2: RoadToWorlds44|move: Tailwind
|upkeep
|turn|5
|inactive|RoadToWorlds44 has 30 seconds left.
|inactive|RoadToWorlds44 has 20 seconds left.
|inactive|RoadToWorlds44 has 15 seconds left.
|
|t:|1754686958
|-terastallize|p1a: Incineroar|Ghost
|move|p2b: Ninetales|Moonblast|p1a: Incineroar
|-damage|p1a: Incineroar|36/100
|move|p2a: Sneasler|Dire Claw|p1b: Torkoal
|-damage|p1b: Torkoal|0 fnt
|faint|p1b: Torkoal
|move|p1a: Incineroar|Parting Shot|p2a: Sneasler
|-unboost|p2a: Sneasler|atk|1
|-unboost|p2a: Sneasler|spa|1
|
|t:|1754686969
|switch|p1a: Jumpluff|Jumpluff, L50, M|100/100|[from] Parting Shot
|
|-weather|SunnyDay|[upkeep]
|upkeep
|
|t:|1754686971
|switch|p1b: Incineroar|Incineroar, L50, M, tera:Ghost|36/100
|-ability|p1b: Incineroar|Intimidate|boost
|-unboost|p2a: Sneasler|atk|1
|-unboost|p2b: Ninetales|atk|1
|turn|6
|
|t:|1754686994
|move|p2a: Sneasler|Protect|p2a: Sneasler
|-singleturn|p2a: Sneasler|Protect
|move|p1a: Jumpluff|Tailwind|p1a: Jumpluff
|-sidestart|p1: darthmorton|move: Tailwind
|move|p1b: Incineroar|Flare Blitz|p2a: Sneasler
|-activate|p2a: Sneasler|move: Protect
|move|p2b: Ninetales|Blizzard|p1b: Incineroar|[spread] p1b
|-miss|p2b: Ninetales|p1a: Jumpluff
|-damage|p1b: Incineroar|16/100
|
|-weather|SunnyDay|[upkeep]
|upkeep
|turn|7
|inactive|RoadToWorlds44 has 30 seconds left.
|
|t:|1754687027
|move|p2a: Sneasler|Protect||[still]
|-fail|p2a: Sneasler
|move|p1a: Jumpluff|Sleep Powder|p2b: Ninetales
|-status|p2b: Ninetales|slp|[from] move: Sleep Powder
|move|p1b: Incineroar|Flare Blitz|p2a: Sneasler
|-damage|p2a: Sneasler|0 fnt
|faint|p2a: Sneasler
|-damage|p1b: Incineroar|0 fnt|[from] Recoil
|faint|p1b: Incineroar
|cant|p2b: Ninetales|slp
|
|-weather|SunnyDay|[upkeep]
|upkeep
|
|t:|1754687034
|switch|p1b: Charizard|Charizard, L50, F|59/100
|turn|8
|
|t:|1754687042
|move|p1a: Jumpluff|Rage Powder|p1a: Jumpluff
|-singleturn|p1a: Jumpluff|move: Rage Powder
|move|p1b: Charizard|Weather Ball|p2b: Ninetales
|-resisted|p2b: Ninetales
|-damage|p2b: Ninetales|0 fnt
|faint|p2b: Ninetales
|
|win|darthmorton
|raw|darthmorton's rating: 1237 → 1263(+26 for winning)
|raw|RoadToWorlds44's rating: 1254 → 1228(-26 for losing)
|l|☆RoadToWorlds44
|player|p2|
|l|☆darthmorton
|player|p1|
|j|☆darthmorton
|player|p1|darthmorton|ingo|
