|j|☆purpen
|j|☆DinisDenis
|html|purpenDinisDenis    
|uhtml|bestof|Game 3 of a best-of-3
|t:|1783373422
|gametype|doubles
|player|p1|purpen|169|
|player|p2|DinisDenis|fisherman-gen4|
|gen|9
|tier|[Gen 9 Champions] VGC 2026 Reg M-B (Bo3)
|rule|Species Clause: Limit one of each Pokémon
|rule|Item Clause: Limit 1 of each item
|clearpoke
|poke|p1|Farigiraf, L50, M|
|poke|p1|Scovillain, L50, M|
|poke|p1|Kommo-o, L50, M|
|poke|p1|Gengar, L50, M|
|poke|p1|Weavile, L50, F|
|poke|p1|Reuniclus, L50, F|
|poke|p2|Sylveon, L50, F|
|poke|p2|Talonflame, L50, F|
|poke|p2|Basculegion, L50, M|
|poke|p2|Aggron, L50, F|
|poke|p2|Lopunny, L50, F|
|poke|p2|Bellibolt, L50, F|
|teampreview|4
|showteam|p1|Farigiraf||ColburBerry|ArmorTail|Psychic,HelpingHand,AllySwitch,TrickRoom|Serious||M|||50|]Scovillain||Scovillainite|Moody|Overheat,SuperFang,Protect,RagePowder|Bold||M|||50|]Kommo-o||Leftovers|Soundproof|Protect,ClangingScales,AuraSphere,ClangorousSoul|Timid||M|||50|]Gengar||ChoiceScarf|CursedBody|ShadowBall,SludgeBomb,IcyWind,AcidSpray|Modest||M|||50|]Weavile||FocusSash|Pressure|IcicleCrash,KnockOff,Protect,FakeOut|Jolly||F|||50|]Reuniclus||LifeOrb|MagicGuard|Psychic,FocusBlast,Protect,TrickRoom|Quiet||F|||50|
|showteam|p2|Sylveon||LifeOrb|Pixilate|HyperBeam,HyperVoice,CalmMind,QuickAttack|Quiet||F|||50|]Talonflame||Charcoal|GaleWings|Overheat,Tailwind,WillOWisp,Taunt|Timid||F|||50|]Basculegion||ChoiceScarf|Adaptability|FlipTurn,AquaJet,LastRespects,WaveCrash|Jolly||M|||50|]Aggron||Aggronite|Sturdy|IronDefense,BodyPress,HeavySlam,Protect|Careful||F|||50|]Lopunny||Lopunnite|CuteCharm|FakeOut,CloseCombat,QuickAttack,Protect|Jolly||F|||50|]Bellibolt||Leftovers|Electromorphosis|SlackOff,Thunderbolt,AcidSpray,WeatherBall|Modest||F|||50|
|j| NiightFuryy
|j| JVoid
|j| enzothegamer
|l| enzothegamer
|j| enzothegamer
|inactive|Battle timer is ON: inactive players will automatically lose when time's up. (requested by DinisDenis)
|
|t:|1783373488
|teamsize|p1|4
|teamsize|p2|4
|start
|switch|p1a: Scovillain|Scovillain, L50, M|100/100
|switch|p1b: Reuniclus|Reuniclus, L50, F|100/100
|switch|p2a: Basculegion|Basculegion, L50, M|100/100
|switch|p2b: Bellibolt|Bellibolt, L50, F|100/100
|turn|1
|inactiveoff|Battle timer is now OFF.
|c|☆DinisDenis|afk
|inactive|Battle timer is ON: inactive players will automatically lose when time's up. (requested by DinisDenis)
|
|t:|1783373599
|switch|p1b: Gengar|Gengar, L50, M|100/100
|detailschange|p1a: Scovillain|Scovillain-Mega, L50, M
|-mega|p1a: Scovillain|Scovillain|Scovillainite
|move|p1a: Scovillain|Rage Powder|p1a: Scovillain
|-singleturn|p1a: Scovillain|move: Rage Powder
|move|p2a: Basculegion|Wave Crash|p1a: Scovillain
|-damage|p1a: Scovillain|30/100
|-status|p2a: Basculegion|brn|[from] ability: Spicy Spray|[of] p1a: Scovillain
|-damage|p2a: Basculegion|79/100 brn|[from] Recoil
|move|p2b: Bellibolt|Thunderbolt|p1a: Scovillain
|-resisted|p1a: Scovillain|1
|-damage|p1a: Scovillain|8/100
|-status|p2b: Bellibolt|brn|[from] ability: Spicy Spray|[of] p1a: Scovillain
|
|-damage|p2a: Basculegion|73/100 brn|[from] brn
|-damage|p2b: Bellibolt|93/100 brn|[from] brn
|upkeep
|turn|2
|inactive|purpen has 30 seconds left.
|inactive|DinisDenis has 30 seconds left.
|
|t:|1783373628
|switch|p2a: Lopunny|Lopunny, L50, F|100/100
|move|p1b: Gengar|Shadow Ball|p2a: Lopunny
|-immune|p2a: Lopunny
|move|p1a: Scovillain|Super Fang|p2b: Bellibolt
|-damage|p2b: Bellibolt|47/100 brn
|-start|p2b: Bellibolt|Charge|Super Fang|[from] ability: Electromorphosis
|move|p2b: Bellibolt|Thunderbolt|p1b: Gengar
|-crit|p1b: Gengar
|-damage|p1b: Gengar|0 fnt
|faint|p1b: Gengar
|-end|p2b: Bellibolt|Charge|[silent]
|
|-heal|p2b: Bellibolt|53/100 brn|[from] item: Leftovers
|-damage|p2b: Bellibolt|47/100 brn|[from] brn
|upkeep
|
|t:|1783373644
|switch|p1b: Reuniclus|Reuniclus, L50, F|100/100
|turn|3
|inactive|DinisDenis has 30 seconds left.
|inactive|DinisDenis has 20 seconds left.
|inactive|DinisDenis has 15 seconds left.
|
|t:|1783373688
|detailschange|p2a: Lopunny|Lopunny-Mega, L50, F
|-mega|p2a: Lopunny|Lopunny|Lopunnite
|move|p1a: Scovillain|Protect|p1a: Scovillain
|-singleturn|p1a: Scovillain|Protect
|move|p1b: Reuniclus|Protect|p1b: Reuniclus
|-singleturn|p1b: Reuniclus|Protect
|move|p2a: Lopunny|Fake Out|p1b: Reuniclus
|-activate|p1b: Reuniclus|move: Protect
|move|p2b: Bellibolt|Thunderbolt|p1a: Scovillain
|-activate|p1a: Scovillain|move: Protect
|
|-heal|p2b: Bellibolt|53/100 brn|[from] item: Leftovers
|-damage|p2b: Bellibolt|47/100 brn|[from] brn
|upkeep
|turn|4
|inactive|DinisDenis has 30 seconds left.
|
|t:|1783373718
|move|p2a: Lopunny|Protect|p2a: Lopunny
|-singleturn|p2a: Lopunny|Protect
|move|p1a: Scovillain|Rage Powder|p1a: Scovillain
|-singleturn|p1a: Scovillain|move: Rage Powder
|move|p2b: Bellibolt|Acid Spray|p1a: Scovillain
|-supereffective|p1a: Scovillain|1
|-damage|p1a: Scovillain|0 fnt
|faint|p1a: Scovillain
|move|p1b: Reuniclus|Trick Room|p1b: Reuniclus
|-fieldstart|move: Trick Room|[of] p1b: Reuniclus
|
|-heal|p2b: Bellibolt|53/100 brn|[from] item: Leftovers
|-damage|p2b: Bellibolt|47/100 brn|[from] brn
|upkeep
|
|t:|1783373728
|switch|p1a: Farigiraf|Farigiraf, L50, M|100/100
|turn|5
|inactive|DinisDenis has 30 seconds left.
|inactive|DinisDenis has 20 seconds left.
|inactive|DinisDenis has 15 seconds left.
|inactive|DinisDenis has 10 seconds left.
|
|t:|1783373778
|switch|p2a: Basculegion|Basculegion, L50, M|73/100 brn
|move|p1b: Reuniclus|Psychic|p2a: Basculegion
|-damage|p2a: Basculegion|0 fnt
|faint|p2a: Basculegion
|move|p2b: Bellibolt|Slack Off|p2b: Bellibolt
|-heal|p2b: Bellibolt|97/100 brn
|move|p1a: Farigiraf|Psychic|p2b: Bellibolt
|-damage|p2b: Bellibolt|62/100 brn
|-start|p2b: Bellibolt|Charge|Psychic|[from] ability: Electromorphosis
|
|-heal|p2b: Bellibolt|68/100 brn|[from] item: Leftovers
|-damage|p2b: Bellibolt|62/100 brn|[from] brn
|upkeep
|
|t:|1783373789
|switch|p2a: Sylveon|Sylveon, L50, F|100/100
|turn|6
|
|t:|1783373811
|move|p1a: Farigiraf|Helping Hand|p1b: Reuniclus
|-singleturn|p1b: Reuniclus|Helping Hand|[of] p1a: Farigiraf
|move|p1b: Reuniclus|Psychic|p2a: Sylveon
|-damage|p2a: Sylveon|34/100
|move|p2b: Bellibolt|Thunderbolt|p1b: Reuniclus
|-damage|p1b: Reuniclus|17/100
|-end|p2b: Bellibolt|Charge|[silent]
|move|p2a: Sylveon|Hyper Voice|p1b: Reuniclus|[spread] p1a,p1b
|-damage|p1a: Farigiraf|41/100
|-damage|p1b: Reuniclus|0 fnt
|faint|p1b: Reuniclus
|-damage|p2a: Sylveon|24/100|[from] item: Life Orb
|
|-heal|p2b: Bellibolt|68/100 brn|[from] item: Leftovers
|-damage|p2b: Bellibolt|62/100 brn|[from] brn
|upkeep
|turn|7
|
|t:|1783373831
|move|p2b: Bellibolt|Thunderbolt|p1a: Farigiraf
|-damage|p1a: Farigiraf|0 fnt
|faint|p1a: Farigiraf
|
|win|DinisDenis
|c| NiightFuryy|gg
|c|☆purpen|gg
|l| enzothegamer
|c|☆DinisDenis|ggs wp
|l|☆purpen
|player|p1|
|j| enzothegamer
|l| NiightFuryy
|c| enzothegamer|Dinis i knew you had it
|l| enzothegamer
|j| rat2
|l| rat2
