|j|☆bearlover997
|j|☆PaquitoelBollito
|html|bearlover997PaquitoelBollito    
|uhtml|bestof|Game 1 of a best-of-3
|t:|1786118445
|gametype|doubles
|player|p1|bearlover997|sage|1100
|player|p2|PaquitoelBollito|102|1125
|gen|9
|tier|[Gen 9 Champions] VGC 2026 Reg M-B (Bo3)
|rated|
|rule|Species Clause: Limit one of each Pokémon
|rule|Item Clause: Limit 1 of each item
|clearpoke
|poke|p1|Dragalge, L50, F, shiny|
|poke|p1|Sinistcha, L50|
|poke|p1|Incineroar, L50, F|
|poke|p1|Grimmsnarl, L50, M|
|poke|p1|Lopunny, L50, F, shiny|
|poke|p1|Volcarona, L50, M|
|poke|p2|Aerodactyl, L50, M|
|poke|p2|Kingambit, L50, M|
|poke|p2|Garchomp, L50, F|
|poke|p2|Farigiraf, L50, M|
|poke|p2|Charizard, L50, M|
|poke|p2|Sylveon, L50, M|
|teampreview|4
|showteam|p1|Dragalge||Dragalgite|PoisonPoint|DracoMeteor,SludgeBomb,FlipTurn,Toxic|Calm||F|||50|]Sinistcha||ColburBerry|Hospitality|MatchaGotcha,StrengthSap,RagePowder,Protect|Bold|||||50|]Incineroar||SitrusBerry|Intimidate|FakeOut,PartingShot,WillOWisp,FlareBlitz|Adamant||F|||50|]Grimmsnarl||LightClay|Prankster|LightScreen,Reflect,PartingShot,SpiritBreak|Careful||M|||50|]Lopunny||Lopunnite|Limber|CloseCombat,Encore,FakeOut,Uturn|Jolly||F|||50|]Volcarona||Leftovers|FlameBody|QuiverDance,HeatWave,BugBuzz,Protect|Modest||M|||50|
|showteam|p2|Aerodactyl||Aerodactylite|Unnerve|Tailwind,DualWingbeat,IceFang,RockSlide|Jolly||M|||50|]Kingambit||BlackGlasses|Defiant|SuckerPunch,KowtowCleave,IronHead,LowKick|Adamant||M|||50|]Garchomp||LifeOrb|RoughSkin|Protect,DragonClaw,RockSlide,StompingTantrum|Jolly||F|||50|]Farigiraf||SitrusBerry|ArmorTail|TwinBeam,Thunderbolt,TrickRoom,SunnyDay|Relaxed||M|||50|]Charizard||CharizarditeY|Blaze|Protect,HeatWave,WeatherBall,SolarBeam|Modest||M|||50|]Sylveon||FairyFeather|Pixilate|HyperVoice,Protect,QuickAttack,HyperBeam|Modest||M|||50|
|inactive|Battle timer is ON: inactive players will automatically lose when time's up. (requested by bearlover997)
|inactive|PaquitoelBollito also wants the timer to be on.
|
|t:|1786118465
|teamsize|p1|4
|teamsize|p2|4
|start
|switch|p1a: Dragalge|Dragalge, L50, F, shiny|100/100
|switch|p1b: Grimmsnarl|Grimmsnarl, L50, M|100/100
|switch|p2a: Kingambit|Kingambit, L50, M|100/100
|switch|p2b: Farigiraf|Farigiraf, L50, M|100/100
|turn|1
|inactive|PaquitoelBollito has 30 seconds left.
|inactive|bearlover997 has 30 seconds left.
|
|t:|1786118496
|detailschange|p1a: Dragalge|Dragalge-Mega, L50, F, shiny
|-mega|p1a: Dragalge|Dragalge|Dragalgite
|move|p1b: Grimmsnarl|Reflect|p1b: Grimmsnarl
|-sidestart|p1: bearlover997|Reflect
|move|p2a: Kingambit|Kowtow Cleave|p1a: Dragalge
|-damage|p1a: Dragalge|56/100
|move|p1a: Dragalge|Sludge Bomb|p2b: Farigiraf
|-damage|p2b: Farigiraf|62/100
|-status|p2b: Farigiraf|psn
|move|p2b: Farigiraf|Trick Room|p2b: Farigiraf
|-fieldstart|move: Trick Room|[of] p2b: Farigiraf
|
|-damage|p2b: Farigiraf|50/100g psn|[from] psn
|upkeep
|turn|2
|inactive|PaquitoelBollito has 30 seconds left.
|
|t:|1786118525
|-heal|p1a: Dragalge|89/100|[from] ability: Regenerator|[silent]
|switch|p1a: Volcarona|Volcarona, L50, M|100/100
|move|p2b: Farigiraf|Twin Beam|p1a: Volcarona
|-damage|p1a: Volcarona|83/100
|-damage|p1a: Volcarona|65/100
|-hitcount|p1a: Volcarona|2
|move|p1b: Grimmsnarl|Spirit Break|p2b: Farigiraf
|-damage|p2b: Farigiraf|28/100 psn
|-unboost|p2b: Farigiraf|spa|1
|-enditem|p2b: Farigiraf|Sitrus Berry|[eat]
|-heal|p2b: Farigiraf|53/100 psn|[from] item: Sitrus Berry
|move|p2a: Kingambit|Kowtow Cleave|p1a: Volcarona
|-damage|p1a: Volcarona|0 fnt
|faint|p1a: Volcarona
|
|-damage|p2b: Farigiraf|40/100 psn|[from] psn
|upkeep
|
|t:|1786118545
|switch|p1a: Dragalge|Dragalge-Mega, L50, F, shiny|89/100
|turn|3
|
|t:|1786118556
|move|p1a: Dragalge|Draco Meteor|p2a: Kingambit
|-resisted|p2a: Kingambit|1
|-damage|p2a: Kingambit|68/100
|-unboost|p1a: Dragalge|spa|2
|move|p2b: Farigiraf|Twin Beam|p1a: Dragalge
|-supereffective|p1a: Dragalge|1
|-damage|p1a: Dragalge|79/100
|-supereffective|p1a: Dragalge|1
|-damage|p1a: Dragalge|68/100
|-hitcount|p1a: Dragalge|2
|move|p1b: Grimmsnarl|Spirit Break|p2b: Farigiraf
|-damage|p2b: Farigiraf|19/100 psn
|-unboost|p2b: Farigiraf|spa|1
|move|p2a: Kingambit|Iron Head|p1a: Dragalge
|-damage|p1a: Dragalge|37/100
|
|-damage|p2b: Farigiraf|6/100 psn|[from] psn
|upkeep
|turn|4
|inactive|PaquitoelBollito has 30 seconds left.
|
|t:|1786118588
|-heal|p1a: Dragalge|70/100|[from] ability: Regenerator|[silent]
|switch|p1a: Incineroar|Incineroar, L50, F|100/100
|-ability|p1a: Incineroar|Intimidate|boost
|-unboost|p2a: Kingambit|atk|1
|-ability|p2a: Kingambit|Defiant|boost
|-boost|p2a: Kingambit|atk|2
|-unboost|p2b: Farigiraf|atk|1
|move|p2b: Farigiraf|Thunderbolt|p1b: Grimmsnarl
|-damage|p1b: Grimmsnarl|91/100
|move|p1b: Grimmsnarl|Spirit Break|p2a: Kingambit
|-damage|p2a: Kingambit|42/100
|-unboost|p2a: Kingambit|spa|1
|-ability|p2a: Kingambit|Defiant|boost
|-boost|p2a: Kingambit|atk|2
|move|p2a: Kingambit|Iron Head|p1a: Incineroar
|-resisted|p1a: Incineroar|1
|-damage|p1a: Incineroar|66/100
|
|-damage|p2b: Farigiraf|0 fnt|[from] psn
|faint|p2b: Farigiraf
|upkeep
|
|t:|1786118601
|switch|p2b: Sylveon|Sylveon, L50, M|100/100
|turn|5
|
|t:|1786118616
|move|p1a: Incineroar|Fake Out|p2a: Kingambit
|-resisted|p2a: Kingambit|1
|-damage|p2a: Kingambit|37/100
|move|p1b: Grimmsnarl|Parting Shot|p2b: Sylveon
|-unboost|p2b: Sylveon|atk|1
|-unboost|p2b: Sylveon|spa|1
|
|t:|1786118620
|switch|p1b: Dragalge|Dragalge-Mega, L50, F, shiny|70/100|[from] Parting Shot
|move|p2b: Sylveon|Hyper Beam|p1a: Incineroar
|-damage|p1a: Incineroar|17/100
|-mustrecharge|p2b: Sylveon
|-enditem|p1a: Incineroar|Sitrus Berry|[eat]
|-heal|p1a: Incineroar|42/100|[from] item: Sitrus Berry
|cant|p2a: Kingambit|flinch
|
|-fieldend|move: Trick Room
|upkeep
|turn|6
|
|t:|1786118636
|move|p2a: Kingambit|Sucker Punch|p1b: Dragalge
|-damage|p1b: Dragalge|0 fnt
|faint|p1b: Dragalge
|cant|p2b: Sylveon|recharge
|move|p1a: Incineroar|Flare Blitz|p2a: Kingambit
|-supereffective|p2a: Kingambit|1
|-damage|p2a: Kingambit|0 fnt
|faint|p2a: Kingambit
|-damage|p1a: Incineroar|31/100|[from] Recoil
|
|upkeep
|
|t:|1786118644
|switch|p2a: Charizard|Charizard, L50, M|100/100
|switch|p1b: Grimmsnarl|Grimmsnarl, L50, M|91/100
|turn|7
|
|t:|1786118663
|detailschange|p2a: Charizard|Charizard-Mega-Y, L50, M
|-mega|p2a: Charizard|Charizard|Charizardite Y
|-weather|SunnyDay|[from] ability: Drought|[of] p2a: Charizard
|move|p2a: Charizard|Heat Wave|p1a: Incineroar|[spread] p1a
|-miss|p2a: Charizard|p1b: Grimmsnarl
|-resisted|p1a: Incineroar|1
|-damage|p1a: Incineroar|7/100
|move|p2b: Sylveon|Hyper Voice|p1b: Grimmsnarl|[spread] p1a,p1b
|-supereffective|p1b: Grimmsnarl|1
|-damage|p1a: Incineroar|0 fnt
|-damage|p1b: Grimmsnarl|41/100
|faint|p1a: Incineroar
|move|p1b: Grimmsnarl|Spirit Break|p2a: Charizard
|-resisted|p2a: Charizard|1
|-damage|p2a: Charizard|85/100
|-unboost|p2a: Charizard|spa|1
|
|-weather|SunnyDay|[upkeep]
|upkeep
|turn|8
|
|t:|1786118675
|move|p2a: Charizard|Weather Ball|p1b: Grimmsnarl
|-damage|p1b: Grimmsnarl|0 fnt
|faint|p1b: Grimmsnarl
|
|win|PaquitoelBollito
