|j|☆Como Se Dice Ben
|j|☆dracojackson
|html|Como Se Dice Bendracojackson    
|uhtml|bestof|Game 1 of a best-of-3
|t:|1756749020
|gametype|doubles
|player|p1|Como Se Dice Ben|toddsnap2|
|player|p2|dracojackson|hilbert|
|gen|9
|tier|[Gen 9] VGC 2025 Reg H (Bo3)
|rule|Species Clause: Limit one of each Pokémon
|rule|Item Clause: Limit 1 of each item
|clearpoke
|poke|p1|Weezing-Galar, L50, M|
|poke|p1|Toedscruel, L50, F|
|poke|p1|Annihilape, L50, F|
|poke|p1|Typhlosion-Hisui, L50, F|
|poke|p1|Sneasler, L50, F|
|poke|p1|Corviknight, L50, M|
|poke|p2|Porygon2, L50|
|poke|p2|Incineroar, L50, M|
|poke|p2|Ursaluna, L50, M|
|poke|p2|Amoonguss, L50, F|
|poke|p2|Gholdengo, L50|
|poke|p2|Dragonite, L50, M|
|teampreview|4
|showteam|p1|Weezing-Galar||ChoiceSpecs|NeutralizingGas|DazzlingGleam,SludgeBomb,StrangeSteam,Flamethrower|||M|||50|,,,,,Flying]Toedscruel||CovertCloak|MyceliumMight|Spore,EarthPower,AcidSpray,BulletSeed|||F|||50|,,,,,Water]Annihilape||AssaultVest|Defiant|RageFist,DrainPunch,CloseCombat,FinalGambit|||F|||50|,,,,,Fire]Typhlosion-Hisui||ChoiceScarf|Frisk|Eruption,HeatWave,Overheat,InfernalParade|||F|||50|,,,,,Fire]Sneasler||LifeOrb|PoisonTouch|DireClaw,CloseCombat,ThroatChop,Protect|||F|||50|,,,,,Stellar]Corviknight||SitrusBerry|MirrorArmor|BraveBird,Tailwind,Roost,Protect|||M|||50|,,,,,Dragon
|showteam|p2|Porygon2||Eviolite|Download|TeraBlast,IceBeam,Recover,TrickRoom||||||50|,,,,,Fighting]Incineroar||SafetyGoggles|Intimidate|FakeOut,KnockOff,FlareBlitz,PartingShot|||M|||50|,,,,,Ghost]Ursaluna||FlameOrb|Guts|HeadlongRush,Facade,Earthquake,Protect|||M|||50|,,,,,Ghost]Amoonguss||SitrusBerry|Regenerator|PollenPuff,Spore,RagePowder,Protect|||F|||50|,,,,,Water]Gholdengo||LifeOrb|GoodasGold|MakeItRain,ShadowBall,NastyPlot,Protect||||||50|,,,,,Dragon]Dragonite||LoadedDice|Multiscale|ScaleShot,Haze,Tailwind,Protect|||M|||50|,,,,,Steel
|c|☆dracojackson|Glhf!
|c|☆Como Se Dice Ben|u2 pookie
|
|t:|1756749133
|teamsize|p1|4
|teamsize|p2|4
|start
|switch|p1a: Weezing|Weezing-Galar, L50, M|100/100
|switch|p1b: Toedscruel|Toedscruel, L50, F|100/100
|switch|p2a: IGOR|Ursaluna, L50, M, shiny|100/100
|switch|p2b: LaFawnduh|Amoonguss, L50, F, shiny|100/100
|-ability|p1a: Weezing|Neutralizing Gas
|turn|1
|
|t:|1756749158
|-terastallize|p1a: Weezing|Flying
|move|p2a: IGOR|Protect|p2a: IGOR
|-singleturn|p2a: IGOR|Protect
|move|p1b: Toedscruel|Acid Spray|p2b: LaFawnduh
|-damage|p2b: LaFawnduh|94/100
|-unboost|p2b: LaFawnduh|spd|2
|move|p1a: Weezing|Sludge Bomb|p2b: LaFawnduh
|-damage|p2b: LaFawnduh|0 fnt
|faint|p2b: LaFawnduh
|
|-status|p2a: IGOR|brn|[from] item: Flame Orb
|upkeep
|
|t:|1756749170
|switch|p2b: Dingus|Gholdengo, L50, shiny|100/100
|turn|2
|
|t:|1756749193
|move|p2b: Dingus|Protect|p2b: Dingus
|-singleturn|p2b: Dingus|Protect
|move|p1b: Toedscruel|Acid Spray|p2a: IGOR
|-resisted|p2a: IGOR
|-damage|p2a: IGOR|96/100 brn
|-unboost|p2a: IGOR|spd|2
|move|p1a: Weezing|Sludge Bomb|p2a: IGOR
|-resisted|p2a: IGOR
|-damage|p2a: IGOR|45/100 brn
|move|p2a: IGOR|Facade|p1b: Toedscruel
|-damage|p1b: Toedscruel|5/100
|
|-damage|p2a: IGOR|40/100 brn|[from] brn
|upkeep
|turn|3
|
|t:|1756749208
|move|p2a: IGOR|Protect|p2a: IGOR
|-singleturn|p2a: IGOR|Protect
|move|p1b: Toedscruel|Spore|p2b: Dingus
|-status|p2b: Dingus|slp|[from] move: Spore
|cant|p2b: Dingus|slp
|move|p1a: Weezing|Sludge Bomb|p2a: IGOR
|-activate|p2a: IGOR|move: Protect
|
|-damage|p2a: IGOR|34/100 brn|[from] brn
|upkeep
|turn|4
|
|t:|1756749215
|switch|p2a: Clanker|Porygon2, L50|100/100
|move|p1b: Toedscruel|Earth Power|p2b: Dingus
|-supereffective|p2b: Dingus
|-damage|p2b: Dingus|47/100 slp
|cant|p2b: Dingus|slp
|move|p1a: Weezing|Sludge Bomb|p2a: Clanker
|-crit|p2a: Clanker
|-damage|p2a: Clanker|47/100
|
|upkeep
|turn|5
|
|t:|1756749235
|-terastallize|p2b: Dingus|Dragon
|move|p1b: Toedscruel|Acid Spray|p2a: Clanker
|-damage|p2a: Clanker|42/100
|-unboost|p2a: Clanker|spd|2
|cant|p2b: Dingus|slp
|move|p1a: Weezing|Sludge Bomb|p2a: Clanker
|-damage|p2a: Clanker|0 fnt
|faint|p2a: Clanker
|
|upkeep
|
|t:|1756749240
|switch|p2a: IGOR|Ursaluna, L50, M, shiny|34/100 brn
|turn|6
|
|t:|1756749251
|move|p1b: Toedscruel|Earth Power|p2a: IGOR
|-damage|p2a: IGOR|8/100 brn
|-curestatus|p2b: Dingus|slp|[msg]
|move|p2b: Dingus|Make It Rain|p1a: Weezing|[spread] p1a,p1b
|-crit|p1a: Weezing
|-damage|p1a: Weezing|0 fnt
|-damage|p1b: Toedscruel|0 fnt
|-unboost|p2b: Dingus|spa|1
|faint|p1a: Weezing
|-end|p1a: Weezing|ability: Neutralizing Gas
|faint|p1b: Toedscruel
|-damage|p2b: Dingus|37/100|[from] item: Life Orb
|move|p2a: IGOR|Facade|p1: Weezing|[notarget]
|-fail|p2a: IGOR
|
|-damage|p2a: IGOR|2/100 brn|[from] brn
|upkeep
|
|t:|1756749255
|switch|p1b: Annihilape|Annihilape, L50, F, shiny|100/100
|switch|p1a: Corviknight|Corviknight, L50, M, shiny|100/100
|turn|7
|
|t:|1756749272
|move|p1b: Annihilape|Final Gambit|p2b: Dingus
|-damage|p2b: Dingus|0 fnt
|faint|p1b: Annihilape
|faint|p2b: Dingus
|move|p1a: Corviknight|Brave Bird|p2a: IGOR
|-damage|p2a: IGOR|0 fnt
|faint|p2a: IGOR
|-damage|p1a: Corviknight|99/100|[from] Recoil
|
|win|Como Se Dice Ben
||dracojackson is ready for game 2.
||Como Se Dice Ben is ready for game 2.
|uhtml|next|Next: Game 2 of 3
