|j|☆ldifwheofih
|j|☆AbadanRiyi92
|html|ldifwheofihAbadanRiyi92    
|uhtml|bestof|Game 2 of a best-of-3
|t:|1785444432
|gametype|doubles
|player|p1|ldifwheofih|2|1040
|player|p2|AbadanRiyi92|colress|1198
|gen|9
|tier|[Gen 9 Champions] VGC 2026 Reg M-B (Bo3)
|rated|
|rule|Species Clause: Limit one of each Pokémon
|rule|Item Clause: Limit 1 of each item
|clearpoke
|poke|p1|Staraptor, L50, F, shiny|
|poke|p1|Gholdengo, L50, shiny|
|poke|p1|Maushold-Four, L50, shiny|
|poke|p1|Krookodile, L50, M, shiny|
|poke|p1|Whimsicott, L50, F|
|poke|p1|Rampardos, L50, F, shiny|
|poke|p2|Gengar, L50, F, shiny|
|poke|p2|Maushold-Four, L50|
|poke|p2|Annihilape, L50, M|
|poke|p2|Incineroar, L50, M|
|poke|p2|Politoed, L50, F, shiny|
|poke|p2|Archaludon, L50, M|
|teampreview|4
|showteam|p1|Staraptor||Staraptite|Intimidate|BraveBird,CloseCombat,Protect,Tailwind|Jolly||F|||50|]Gholdengo||MetalCoat|GoodasGold|MakeItRain,Protect,ShadowBall,NastyPlot|Timid|||||50|]Maushold-Four||FocusSash|FriendGuard|Protect,Taunt,FollowMe,PopulationBomb|Jolly|||||50|]Krookodile||Leftovers|Intimidate|KnockOff,HighHorsepower,RockSlide,Protect|Adamant||M|||50|]Whimsicott||MentalHerb|Prankster|Taunt,Protect,Moonblast,Tailwind|Bold||F|||50|]Rampardos||LifeOrb|SheerForce|RockSlide,Protect,StoneEdge,Crunch|Adamant||F|||50|
|showteam|p2|Gengar||Gengarite|CursedBody|ShadowBall,Disable,PerishSong,Protect|Timid||F|||50|]Maushold-Four||FocusSash|FriendGuard|FollowMe,Encore,BeatUp,Protect|Jolly|||||50|]Annihilape||RoseliBerry|Defiant|RageFist,CloseCombat,Encore,Protect|Jolly||M|||50|]Incineroar||PasshoBerry|Intimidate|PartingShot,ThroatChop,Protect,FakeOut|Sassy||M|||50|]Politoed||SitrusBerry|Drizzle|WeatherBall,Encore,PerishSong,Protect|Calm||F|||50|]Archaludon||Leftovers|Stamina|DragonPulse,FlashCannon,ElectroShot,Protect|Bold||M|||50|
|
|t:|1785444454
|teamsize|p1|4
|teamsize|p2|4
|start
|switch|p1a: Krookodile|Krookodile, L50, M, shiny|100/100
|switch|p1b: Staraptor|Staraptor, L50, F, shiny|100/100
|switch|p2a: Gengar|Gengar, L50, F, shiny|100/100
|switch|p2b: Incineroar|Incineroar, L50, M|100/100
|-ability|p1b: Staraptor|Intimidate|boost
|-unboost|p2a: Gengar|atk|1
|-unboost|p2b: Incineroar|atk|1
|-ability|p1a: Krookodile|Intimidate|boost
|-unboost|p2a: Gengar|atk|1
|-unboost|p2b: Incineroar|atk|1
|-ability|p2b: Incineroar|Intimidate|boost
|-unboost|p1a: Krookodile|atk|1
|-unboost|p1b: Staraptor|atk|1
|turn|1
|
|t:|1785444470
|detailschange|p2a: Gengar|Gengar-Mega, L50, F, shiny
|-mega|p2a: Gengar|Gengar|Gengarite
|detailschange|p1b: Staraptor|Staraptor-Mega, L50, F, shiny
|-mega|p1b: Staraptor|Staraptor|Staraptite
|move|p2b: Incineroar|Fake Out|p1a: Krookodile
|-damage|p1a: Krookodile|94/100
|move|p2a: Gengar|Perish Song|p2a: Gengar
|-start|p1a: Krookodile|perish3|[silent]
|-start|p1b: Staraptor|perish3|[silent]
|-start|p2a: Gengar|perish3|[silent]
|-start|p2b: Incineroar|perish3|[silent]
|-fieldactivate|move: Perish Song
|move|p1b: Staraptor|Close Combat|p2b: Incineroar
|-supereffective|p2b: Incineroar|1
|-damage|p2b: Incineroar|22/100
|-boost|p1b: Staraptor|def|1
|-boost|p1b: Staraptor|spd|1
|cant|p1a: Krookodile|flinch
|
|-heal|p1a: Krookodile|100/100|[from] item: Leftovers
|-start|p2a: Gengar|perish3
|-start|p1b: Staraptor|perish3
|-start|p1a: Krookodile|perish3
|-start|p2b: Incineroar|perish3
|upkeep
|turn|2
|
|t:|1785444502
|move|p2a: Gengar|Protect|p2a: Gengar
|-singleturn|p2a: Gengar|Protect
|move|p2b: Incineroar|Protect|p2b: Incineroar
|-singleturn|p2b: Incineroar|Protect
|move|p1b: Staraptor|Tailwind|p1b: Staraptor
|-sidestart|p1: ldifwheofih|move: Tailwind
|move|p1a: Krookodile|Rock Slide|p2b: Incineroar|[spread] 
|-activate|p2a: Gengar|move: Protect
|-activate|p2b: Incineroar|move: Protect
|
|-start|p1b: Staraptor|perish2
|-start|p1a: Krookodile|perish2
|-start|p2a: Gengar|perish2
|-start|p2b: Incineroar|perish2
|upkeep
|turn|3
|
|t:|1785444525
|switch|p2a: Maushold|Maushold-Four, L50|100/100
|move|p1b: Staraptor|Close Combat|p2b: Incineroar
|-supereffective|p2b: Incineroar|1
|-damage|p2b: Incineroar|0 fnt
|-boost|p1b: Staraptor|def|1
|-boost|p1b: Staraptor|spd|1
|faint|p2b: Incineroar
|move|p1a: Krookodile|High Horsepower|p2a: Maushold
|-damage|p2a: Maushold|62/100
|
|-start|p1b: Staraptor|perish1
|-start|p1a: Krookodile|perish1
|upkeep
|
|t:|1785444537
|switch|p2b: Annihilape|Annihilape, L50, M|100/100
|turn|4
|
|t:|1785444554
|switch|p1b: Gholdengo|Gholdengo, L50, shiny|100/100
|switch|p1a: Whimsicott|Whimsicott, L50, F|100/100
|move|p2a: Maushold|Beat Up|p2b: Annihilape
|-damage|p2b: Annihilape|97/100
|-damage|p2b: Annihilape|95/100
|-damage|p2b: Annihilape|93/100
|-hitcount|p2b: Annihilape|3
|move|p2b: Annihilape|Rage Fist|p1a: Whimsicott
|-damage|p1a: Whimsicott|11/100
|
|upkeep
|turn|5
|
|t:|1785444579
|move|p1a: Whimsicott|Protect|p1a: Whimsicott
|-singleturn|p1a: Whimsicott|Protect
|move|p1b: Gholdengo|Protect|p1b: Gholdengo
|-singleturn|p1b: Gholdengo|Protect
|move|p2a: Maushold|Follow Me|p2a: Maushold
|-singleturn|p2a: Maushold|move: Follow Me
|move|p2b: Annihilape|Rage Fist|p1b: Gholdengo
|-activate|p1b: Gholdengo|move: Protect
|
|-sideend|p1: ldifwheofih|move: Tailwind
|upkeep
|turn|6
|
|t:|1785444626
|move|p2a: Maushold|Follow Me|p2a: Maushold
|-singleturn|p2a: Maushold|move: Follow Me
|move|p1a: Whimsicott|Tailwind|p1a: Whimsicott
|-sidestart|p1: ldifwheofih|move: Tailwind
|move|p1b: Gholdengo|Nasty Plot|p1b: Gholdengo
|-boost|p1b: Gholdengo|spa|2
|move|p2b: Annihilape|Rage Fist|p1b: Gholdengo
|-supereffective|p1b: Gholdengo|1
|-damage|p1b: Gholdengo|0 fnt
|faint|p1b: Gholdengo
|
|upkeep
|
|t:|1785444639
|switch|p1b: Krookodile|Krookodile, L50, M, shiny|100/100
|-ability|p1b: Krookodile|Intimidate|boost
|-unboost|p2a: Maushold|atk|1
|-unboost|p2b: Annihilape|atk|1
|-ability|p2b: Annihilape|Defiant|boost
|-boost|p2b: Annihilape|atk|2
|turn|7
|
|t:|1785444660
|move|p2a: Maushold|Follow Me|p2a: Maushold
|-singleturn|p2a: Maushold|move: Follow Me
|move|p1a: Whimsicott|Taunt|p2a: Maushold
|-start|p2a: Maushold|move: Taunt
|move|p1b: Krookodile|Knock Off|p2a: Maushold
|-crit|p2a: Maushold
|-damage|p2a: Maushold|0 fnt
|-enditem|p2a: Maushold|Focus Sash|[from] move: Knock Off|[of] p1b: Krookodile
|faint|p2a: Maushold
|move|p2b: Annihilape|Close Combat|p1b: Krookodile
|-supereffective|p1b: Krookodile|1
|-damage|p1b: Krookodile|0 fnt
|-unboost|p2b: Annihilape|def|1
|-unboost|p2b: Annihilape|spd|1
|faint|p1b: Krookodile
|
|upkeep
|
|t:|1785444674
|switch|p2a: Gengar|Gengar-Mega, L50, F, shiny|100/100
|switch|p1b: Staraptor|Staraptor-Mega, L50, F, shiny|100/100
|turn|8
|inactive|Battle timer is ON: inactive players will automatically lose when time's up. (requested by ldifwheofih)
|
|t:|1785444707
|move|p1a: Whimsicott|Taunt|p2a: Gengar
|-start|p2a: Gengar|move: Taunt
|move|p1b: Staraptor|Brave Bird|p2b: Annihilape
|-supereffective|p2b: Annihilape|1
|-damage|p2b: Annihilape|0 fnt
|faint|p2b: Annihilape
|-damage|p1b: Staraptor|66/100|[from] Recoil
|cant|p2a: Gengar|move: Taunt|Disable
|
|upkeep
|turn|9
|
|t:|1785444730
|move|p1b: Staraptor|Brave Bird|p2a: Gengar
|-damage|p2a: Gengar|23/100
|-damage|p1b: Staraptor|41/100|[from] Recoil
|move|p1a: Whimsicott|Moonblast|p2a: Gengar
|-resisted|p2a: Gengar|1
|-damage|p2a: Gengar|9/100
|-unboost|p2a: Gengar|spa|1
|move|p2a: Gengar|Shadow Ball|p1b: Staraptor
|-damage|p1b: Staraptor|8/100
|-boost|p1b: Staraptor|spd|1
|
|-sideend|p1: ldifwheofih|move: Tailwind
|upkeep
|turn|10
|
|t:|1785444748
|move|p2a: Gengar|Shadow Ball|p1b: Staraptor
|-damage|p1b: Staraptor|0 fnt
|faint|p1b: Staraptor
|move|p1a: Whimsicott|Moonblast|p2a: Gengar
|-resisted|p2a: Gengar|1
|-damage|p2a: Gengar|0 fnt
|faint|p2a: Gengar
|
|win|ldifwheofih
