|j|☆15Hugs
|j|☆TEXAS1992
|html|15HugsTEXAS1992    
|uhtml|bestof|Game 1 of a best-of-3
|t:|1786033414
|gametype|doubles
|player|p1|15Hugs|ingo|1094
|player|p2|TEXAS1992|169|1000
|gen|9
|tier|[Gen 9 Champions] VGC 2026 Reg M-B (Bo3)
|rated|
|rule|Species Clause: Limit one of each Pokémon
|rule|Item Clause: Limit 1 of each item
|clearpoke
|poke|p1|Mawile, L50, M|
|poke|p1|Sneasler, L50, M|
|poke|p1|Raichu, L50, F|
|poke|p1|Hydreigon, L50, F|
|poke|p1|Farigiraf, L50, F, shiny|
|poke|p1|Sinistcha, L50|
|poke|p2|Staraptor, L50, M, shiny|
|poke|p2|Basculegion, L50, M, shiny|
|poke|p2|Incineroar, L50, M, shiny|
|poke|p2|Sneasler, L50, M, shiny|
|poke|p2|Whimsicott, L50, F, shiny|
|poke|p2|Raichu, L50, M, shiny|
|teampreview|4
|showteam|p1|Mawile||Mawilite|Intimidate|Protect,PlayRough,IronHead,SuckerPunch|Brave||M|||50|]Sneasler||WhiteHerb|Unburden|FakeOut,RockTomb,CloseCombat,DireClaw|Jolly||M|||50|]Raichu||RaichuniteY|LightningRod|Protect,FakeOut,ZapCannon,FocusBlast|Timid||F|||50|]Hydreigon||ChoiceScarf|Levitate|DracoMeteor,Snarl,DarkPulse,EarthPower|Timid||F|||50|]Farigiraf||SitrusBerry|ArmorTail|TrickRoom,HelpingHand,FoulPlay,Psychic|Quiet||F|||50|]Sinistcha||KasibBerry|Hospitality|TrickRoom,Hex,MatchaGotcha,RagePowder|Modest|||||50|
|showteam|p2|Staraptor||Staraptite|Intimidate|CloseCombat,BraveBird,BlazeKick,Thief|Jolly||M|||50|]Basculegion||ExpertBelt|SwiftSwim|WaveCrash,LastRespects,IceFang,AquaJet|Adamant||M|||50|]Incineroar||SitrusBerry|Intimidate|CrossChop,DarkestLariat,FakeOut,BlazeKick|Adamant||M|||50|]Sneasler||WhiteHerb|Unburden|CloseCombat,DireClaw,Acrobatics,FakeOut|Adamant||M|||50|]Whimsicott||FocusSash|Prankster|Charm,DazzlingGleam,EnergyBall,Tailwind|Timid||F|||50|]Raichu||RaichuniteY|LightningRod|FocusBlast,ZapCannon,DazzlingGleam,ChargeBeam|Modest||M|||50|
|inactive|Battle timer is ON: inactive players will automatically lose when time's up. (requested by 15Hugs)
|
|t:|1786033437
|teamsize|p1|4
|teamsize|p2|4
|start
|switch|p1a: Sneasler|Sneasler, L50, M|100/100
|switch|p1b: Hydreigon|Hydreigon, L50, F|100/100
|switch|p2a: Basculegion|Basculegion, L50, M, shiny|100/100
|switch|p2b: Sneasler|Sneasler, L50, M, shiny|100/100
|turn|1
|inactive|TEXAS1992 has 30 seconds left.
|inactive|15Hugs has 30 seconds left.
|
|t:|1786033471
|move|p1a: Sneasler|Fake Out|p2b: Sneasler
|-damage|p2b: Sneasler|76/100
|move|p1b: Hydreigon|Dark Pulse|p2a: Basculegion
|-supereffective|p2a: Basculegion|1
|-damage|p2a: Basculegion|3/100
|cant|p2b: Sneasler|flinch
|move|p2a: Basculegion|Ice Fang|p1b: Hydreigon
|-supereffective|p1b: Hydreigon|1
|-damage|p1b: Hydreigon|36/100
|
|upkeep
|turn|2
|inactive|15Hugs has 30 seconds left.
|inactive|TEXAS1992 has 30 seconds left.
|
|t:|1786033499
|move|p1b: Hydreigon|Dark Pulse|p2a: Basculegion
|-supereffective|p2a: Basculegion|1
|-damage|p2a: Basculegion|0 fnt
|faint|p2a: Basculegion
|move|p1a: Sneasler|Close Combat|p2b: Sneasler
|-resisted|p2b: Sneasler|1
|-damage|p2b: Sneasler|30/100
|-unboost|p1a: Sneasler|def|1
|-unboost|p1a: Sneasler|spd|1
|-enditem|p1a: Sneasler|White Herb
|-clearnegativeboost|p1a: Sneasler|[silent]
|move|p2b: Sneasler|Close Combat|p1b: Hydreigon
|-supereffective|p1b: Hydreigon|1
|-damage|p1b: Hydreigon|0 fnt
|-unboost|p2b: Sneasler|def|1
|-unboost|p2b: Sneasler|spd|1
|faint|p1b: Hydreigon
|-enditem|p2b: Sneasler|White Herb
|-clearnegativeboost|p2b: Sneasler|[silent]
|
|upkeep
|
|t:|1786033516
|switch|p1b: Raichu|Raichu, L50, F|100/100
|switch|p2a: Incineroar|Incineroar, L50, M, shiny|100/100
|-ability|p2a: Incineroar|Intimidate|boost
|-unboost|p1a: Sneasler|atk|1
|-unboost|p1b: Raichu|atk|1
|turn|3
|
|t:|1786033531
|switch|p1b: Farigiraf|Farigiraf, L50, F, shiny|100/100
|move|p2a: Incineroar|Fake Out||[still]
|cant|p1b: Farigiraf|ability: Armor Tail|Fake Out|[of] p2a: Incineroar
|move|p1a: Sneasler|Close Combat|p2a: Incineroar
|-supereffective|p2a: Incineroar|1
|-damage|p2a: Incineroar|19/100
|-unboost|p1a: Sneasler|def|1
|-unboost|p1a: Sneasler|spd|1
|-enditem|p2a: Incineroar|Sitrus Berry|[eat]
|-heal|p2a: Incineroar|44/100|[from] item: Sitrus Berry
|move|p2b: Sneasler|Acrobatics|p1a: Sneasler
|-supereffective|p1a: Sneasler|1
|-damage|p1a: Sneasler|0 fnt
|faint|p1a: Sneasler
|
|upkeep
|
|t:|1786033543
|switch|p1a: Raichu|Raichu, L50, F|100/100
|turn|4
|inactive|TEXAS1992 has 30 seconds left.
|inactive|TEXAS1992 has 20 seconds left.
|inactive|TEXAS1992 has 15 seconds left.
|inactive|TEXAS1992 has 10 seconds left.
|inactive|TEXAS1992 has 5 seconds left.
|
|t:|1786033598
|detailschange|p1a: Raichu|Raichu-Mega-Y, L50, F
|-mega|p1a: Raichu|Raichu|Raichunite Y
|move|p1a: Raichu|Fake Out|p2a: Incineroar
|-damage|p2a: Incineroar|36/100
|move|p2b: Sneasler|Close Combat|p1b: Farigiraf
|-damage|p1b: Farigiraf|40/100
|-unboost|p2b: Sneasler|def|1
|-unboost|p2b: Sneasler|spd|1
|-enditem|p1b: Farigiraf|Sitrus Berry|[eat]
|-heal|p1b: Farigiraf|65/100|[from] item: Sitrus Berry
|cant|p2a: Incineroar|flinch
|move|p1b: Farigiraf|Psychic|p2b: Sneasler
|-supereffective|p2b: Sneasler|2
|-damage|p2b: Sneasler|0 fnt
|faint|p2b: Sneasler
|
|upkeep
|
|t:|1786033618
|switch|p2b: Raichu|Raichu, L50, M, shiny|100/100
|turn|5
|
|t:|1786033640
|move|p1a: Raichu|Focus Blast|p2a: Incineroar
|-supereffective|p2a: Incineroar|1
|-damage|p2a: Incineroar|0 fnt
|faint|p2a: Incineroar
|move|p2b: Raichu|Dazzling Gleam|p1b: Farigiraf|[spread] p1a,p1b
|-damage|p1a: Raichu|71/100
|-damage|p1b: Farigiraf|48/100
|move|p1b: Farigiraf|Psychic|p2b: Raichu
|-damage|p2b: Raichu|39/100
|
|upkeep
|turn|6
|
|t:|1786033649
|move|p1a: Raichu|Focus Blast|p2b: Raichu
|-damage|p2b: Raichu|0 fnt
|faint|p2b: Raichu
|
|win|15Hugs
|l|☆TEXAS1992
|player|p2|
