|j|☆Miilanz
|j|☆Minedea101
|html|MiilanzMinedea101    
|uhtml|bestof|Game 1 of a best-of-3
|t:|1782644391
|gametype|doubles
|player|p1|Miilanz|caitlin|
|player|p2|Minedea101|skyla|
|gen|9
|tier|[Gen 9 Champions] VGC 2026 Reg M-B (Bo3)
|rule|Species Clause: Limit one of each Pokémon
|rule|Item Clause: Limit 1 of each item
|clearpoke
|poke|p1|Incineroar, L50, M|
|poke|p1|Mawile, L50, F|
|poke|p1|Farigiraf, L50, M|
|poke|p1|Delphox, L50, F|
|poke|p1|Sneasler, L50, M|
|poke|p1|Aerodactyl, L50, F|
|poke|p2|Eelektross, L50, M|
|poke|p2|Whimsicott, L50, F, shiny|
|poke|p2|Garchomp, L50, M|
|poke|p2|Basculegion, L50, M|
|poke|p2|Kingambit, L50, M|
|poke|p2|Charizard, L50, M, shiny|
|teampreview|4
|showteam|p1|Incineroar||Charcoal|Intimidate|FlareBlitz,PartingShot,FakeOut,ThroatChop|Adamant||M|||50|]Mawile||Mawilite|HyperCutter|PlayRough,SuckerPunch,IronHead,Protect|Adamant||F|||50|]Farigiraf||ColburBerry|ArmorTail|Psychic,Protect,TrickRoom,HyperVoice|Modest||M|||50|]Delphox||Delphoxite|Blaze|HeatWave,Psyshock,NastyPlot,Protect|Timid||F|||50|]Sneasler||WhiteHerb|Unburden|DireClaw,CloseCombat,FakeOut,Protect|Adamant||M|||50|]Aerodactyl||FocusSash|Unnerve|Tailwind,RockSlide,DualWingbeat,Protect|Jolly||F|||50|
|showteam|p2|Eelektross||Eelektrossite|Levitate|Coil,DrainPunch,Protect,WildCharge|Careful||M|||50|]Whimsicott||FairyFeather|Prankster|Tailwind,Encore,Protect,Moonblast|Timid||F|||50|]Garchomp||LifeOrb|RoughSkin|ScaleShot,Protect,Earthquake,RockSlide|Jolly||M|||50|]Basculegion||SitrusBerry|Adaptability|AquaJet,LastRespects,Protect,WaveCrash|Adamant||M|||50|]Kingambit||FocusSash|Defiant|IronHead,LowKick,KowtowCleave,SuckerPunch|Adamant||M|||50|]Charizard||CharizarditeY|Blaze|SolarBeam,HeatWave,WeatherBall,Protect|Modest||M|||50|
|inactive|Battle timer is ON: inactive players will automatically lose when time's up. (requested by Minedea101)
|inactiveoff|Battle timer is now OFF.
|j| celaerity
|
|t:|1782644515
|teamsize|p1|4
|teamsize|p2|4
|start
|switch|p1a: Sneasler|Sneasler, L50, M|100/100
|switch|p1b: Aerodactyl|Aerodactyl, L50, F|100/100
|switch|p2a: Asbestos|Whimsicott, L50, F, shiny|100/100
|switch|p2b: The Eel Deal|Eelektross, L50, M|100/100
|-ability|p1b: Aerodactyl|Unnerve
|turn|1
|inactive|Battle timer is ON: inactive players will automatically lose when time's up. (requested by Minedea101)
|inactive|Minedea101 has 30 seconds left.
|inactive|Minedea101 has 20 seconds left.
|inactive|Minedea101 has 15 seconds left.
|inactive|Minedea101 has 10 seconds left.
|inactive|Minedea101 has 5 seconds left.
|
|t:|1782644569
|detailschange|p2b: The Eel Deal|Eelektross-Mega, L50, M
|-mega|p2b: The Eel Deal|Eelektross|Eelektrossite
|move|p2a: Asbestos|Protect|p2a: Asbestos
|-singleturn|p2a: Asbestos|Protect
|move|p1a: Sneasler|Fake Out|p2b: The Eel Deal
|-damage|p2b: The Eel Deal|81/100
|move|p1b: Aerodactyl|Dual Wingbeat|p2a: Asbestos
|-activate|p2a: Asbestos|move: Protect
|cant|p2b: The Eel Deal|flinch
|
|upkeep
|turn|2
|inactive|Minedea101 has 30 seconds left.
|inactive|Minedea101 has 20 seconds left.
|inactive|Minedea101 has 15 seconds left.
|inactive|Minedea101 has 10 seconds left.
|
|t:|1782644617
|switch|p1a: Incineroar|Incineroar, L50, M|100/100
|-ability|p1a: Incineroar|Intimidate|boost
|-unboost|p2a: Asbestos|atk|1
|-unboost|p2b: The Eel Deal|atk|1
|move|p2a: Asbestos|Tailwind|p2a: Asbestos
|-sidestart|p2: Minedea101|move: Tailwind
|move|p2b: The Eel Deal|Coil|p2b: The Eel Deal
|-boost|p2b: The Eel Deal|atk|1
|-boost|p2b: The Eel Deal|def|1
|-boost|p2b: The Eel Deal|accuracy|1
|move|p1b: Aerodactyl|Tailwind|p1b: Aerodactyl
|-sidestart|p1: Miilanz|move: Tailwind
|
|upkeep
|turn|3
|inactive|Miilanz has 30 seconds left.
|inactive|Minedea101 has 30 seconds left.
|inactive|Minedea101 has 20 seconds left.
|inactive|Minedea101 has 15 seconds left.
|inactive|Minedea101 has 10 seconds left.
|inactive|Minedea101 has 5 seconds left.
|
|t:|1782644669
|move|p2b: The Eel Deal|Protect|p2b: The Eel Deal
|-singleturn|p2b: The Eel Deal|Protect
|move|p1a: Incineroar|Fake Out|p2a: Asbestos
|-damage|p2a: Asbestos|81/100
|cant|p2a: Asbestos|flinch
|move|p1b: Aerodactyl|Rock Slide|p2b: The Eel Deal|[spread] p2a
|-activate|p2b: The Eel Deal|move: Protect
|-damage|p2a: Asbestos|39/100
|
|upkeep
|turn|4
|inactive|Minedea101 has 30 seconds left.
|
|t:|1782644701
|move|p1b: Aerodactyl|Rock Slide|p2b: The Eel Deal|[spread] p2a,p2b
|-damage|p2a: Asbestos|4/100
|-damage|p2b: The Eel Deal|57/100
|cant|p2a: Asbestos|flinch
|move|p2b: The Eel Deal|Coil|p2b: The Eel Deal
|-boost|p2b: The Eel Deal|atk|1
|-boost|p2b: The Eel Deal|def|1
|-boost|p2b: The Eel Deal|accuracy|1
|move|p1a: Incineroar|Parting Shot|p2b: The Eel Deal
|-unboost|p2b: The Eel Deal|atk|1
|-unboost|p2b: The Eel Deal|spa|1
|
|t:|1782644711
|switch|p1a: Delphox|Delphox, L50, F|100/100|[from] Parting Shot
|
|upkeep
|turn|5
|inactive|Minedea101 has 30 seconds left.
|inactive|Minedea101 has 20 seconds left.
|inactive|Minedea101 has 15 seconds left.
|inactive|Minedea101 has 10 seconds left.
|inactive|Minedea101 has 5 seconds left.
|
|t:|1782644765
|detailschange|p1a: Delphox|Delphox-Mega, L50, F
|-mega|p1a: Delphox|Delphox|Delphoxite
|move|p1a: Delphox|Heat Wave|p2b: The Eel Deal|[spread] 
|-miss|p1a: Delphox|p2a: Asbestos
|-miss|p1a: Delphox|p2b: The Eel Deal
|move|p1b: Aerodactyl|Rock Slide|p2b: The Eel Deal|[spread] p2b
|-miss|p1b: Aerodactyl|p2a: Asbestos
|-damage|p2b: The Eel Deal|40/100
|move|p2a: Asbestos|Moonblast|p1b: Aerodactyl
|-damage|p1b: Aerodactyl|42/100
|move|p2b: The Eel Deal|Wild Charge|p1b: Aerodactyl
|-supereffective|p1b: Aerodactyl|1
|-damage|p1b: Aerodactyl|0 fnt
|faint|p1b: Aerodactyl
|-ability|p2b: The Eel Deal|Eelevate|boost
|-boost|p2b: The Eel Deal|atk|1
|-damage|p2b: The Eel Deal|29/100|[from] Recoil
|
|-sideend|p1: Miilanz|move: Tailwind
|-sideend|p2: Minedea101|move: Tailwind
|upkeep
|c|☆Miilanz|well thats a shame
|
|t:|1782644783
|switch|p1b: Incineroar|Incineroar, L50, M|100/100
|-ability|p1b: Incineroar|Intimidate|boost
|-unboost|p2a: Asbestos|atk|1
|-unboost|p2b: The Eel Deal|atk|1
|turn|6
|c| celaerity|OOF
|inactive|Minedea101 has 30 seconds left.
|
|t:|1782644811
|move|p2a: Asbestos|Protect|p2a: Asbestos
|-singleturn|p2a: Asbestos|Protect
|move|p2b: The Eel Deal|Protect|p2b: The Eel Deal
|-singleturn|p2b: The Eel Deal|Protect
|move|p1b: Incineroar|Fake Out|p2a: Asbestos
|-activate|p2a: Asbestos|move: Protect
|move|p1a: Delphox|Heat Wave|p2b: The Eel Deal|[spread] 
|-activate|p2a: Asbestos|move: Protect
|-activate|p2b: The Eel Deal|move: Protect
|
|upkeep
|turn|7
|c|☆Minedea101|never punished
|
|t:|1782644832
|move|p2a: Asbestos|Tailwind|p2a: Asbestos
|-sidestart|p2: Minedea101|move: Tailwind
|move|p2b: The Eel Deal|Drain Punch|p1b: Incineroar
|-supereffective|p1b: Incineroar|1
|-damage|p1b: Incineroar|54/100
|-heal|p2b: The Eel Deal|57/100|[from] drain|[of] p1b: Incineroar
|move|p1a: Delphox|Heat Wave|p2b: The Eel Deal|[spread] p2a,p2b
|-supereffective|p2a: Asbestos|1
|-damage|p2a: Asbestos|0 fnt
|-damage|p2b: The Eel Deal|21/100
|faint|p2a: Asbestos
|move|p1b: Incineroar|Parting Shot|p2b: The Eel Deal
|-unboost|p2b: The Eel Deal|atk|1
|-unboost|p2b: The Eel Deal|spa|1
|
|t:|1782644843
|switch|p1b: Sneasler|Sneasler, L50, M|100/100|[from] Parting Shot
|
|upkeep
|inactive|Minedea101 has 30 seconds left.
|inactive|Minedea101 has 20 seconds left.
|inactive|Minedea101 has 15 seconds left.
|inactive|Minedea101 has 10 seconds left.
|inactive|Minedea101 has 5 seconds left.
|
|t:|1782644898
|switch|p2a: 410bn dead cops|Garchomp, L50, M|100/100
|turn|8
|inactive|Minedea101 has 30 seconds left.
|inactive|Minedea101 has 20 seconds left.
|inactive|Minedea101 has 15 seconds left.
|inactive|Minedea101 has 10 seconds left.
|inactive|Minedea101 has 5 seconds left.
|
|t:|1782644951
|move|p2a: 410bn dead cops|Protect|p2a: 410bn dead cops
|-singleturn|p2a: 410bn dead cops|Protect
|move|p1b: Sneasler|Fake Out|p2a: 410bn dead cops
|-activate|p2a: 410bn dead cops|move: Protect
|move|p2b: The Eel Deal|Drain Punch|p1a: Delphox
|-resisted|p1a: Delphox|1
|-damage|p1a: Delphox|88/100
|-heal|p2b: The Eel Deal|28/100|[from] drain|[of] p1a: Delphox
|move|p1a: Delphox|Nasty Plot|p1a: Delphox
|-boost|p1a: Delphox|spa|2
|
|upkeep
|turn|9
|inactive|Minedea101 has 30 seconds left.
|
|t:|1782644978
|switch|p1b: Incineroar|Incineroar, L50, M|54/100
|-ability|p1b: Incineroar|Intimidate|boost
|-unboost|p2a: 410bn dead cops|atk|1
|-unboost|p2b: The Eel Deal|atk|1
|move|p1a: Delphox|Protect|p1a: Delphox
|-singleturn|p1a: Delphox|Protect
|move|p2a: 410bn dead cops|Rock Slide|p1a: Delphox|[spread] p1b
|-activate|p1a: Delphox|move: Protect
|-supereffective|p1b: Incineroar|1
|-damage|p1b: Incineroar|28/100
|-damage|p2a: 410bn dead cops|90/100|[from] item: Life Orb
|move|p2b: The Eel Deal|Wild Charge|p1a: Delphox
|-activate|p1a: Delphox|move: Protect
|
|upkeep
|turn|10
|inactive|Minedea101 has 25 seconds left this turn.
|inactive|Minedea101 has 20 seconds left.
|inactive|Minedea101 has 15 seconds left.
|inactive|Minedea101 has 10 seconds left.
|j| Combustandy
|inactive|Minedea101 has 5 seconds left.
|
|t:|1782645003
|move|p2a: 410bn dead cops|Protect|p2a: 410bn dead cops
|-singleturn|p2a: 410bn dead cops|Protect
|move|p1b: Incineroar|Fake Out|p2a: 410bn dead cops
|-activate|p2a: 410bn dead cops|move: Protect
|move|p2b: The Eel Deal|Drain Punch|p1a: Delphox
|-resisted|p1a: Delphox|1
|-damage|p1a: Delphox|79/100
|-heal|p2b: The Eel Deal|33/100|[from] drain|[of] p1a: Delphox
|move|p1a: Delphox|Heat Wave|p2b: The Eel Deal|[spread] 
|-activate|p2a: 410bn dead cops|move: Protect
|-miss|p1a: Delphox|p2b: The Eel Deal
|
|-sideend|p2: Minedea101|move: Tailwind
|upkeep
|turn|11
|inactive|Minedea101 has 5 seconds left this turn.
|-message|Minedea101 lost due to inactivity.
|
|win|Miilanz
|inactive|Miilanz has 30 seconds to confirm battle start!
|inactive|Minedea101 has 30 seconds to confirm battle start!
|l|☆Minedea101
|player|p2|
||Miilanz is ready for game 2.
||Minedea101 is ready for game 2.
|uhtml|next|Next: Game 2 of 3
|l| Combustandy
|j| Combustandy
|l| Combustandy
