|j|☆Moraakami-Sama
|j|☆Kojay
|html|Moraakami-SamaKojay    
|uhtml|bestof|Game 1 of a best-of-3
|t:|1783744516
|gametype|doubles
|player|p1|Moraakami-Sama|2|1007
|player|p2|Kojay|drayton|1000
|gen|9
|tier|[Gen 9 Champions] VGC 2026 Reg M-B (Bo3)
|rated|
|rule|Species Clause: Limit one of each Pokémon
|rule|Item Clause: Limit 1 of each item
|clearpoke
|poke|p1|Ceruledge, L50, F, shiny|
|poke|p1|Raichu, L50, F, shiny|
|poke|p1|Scizor, L50, F, shiny|
|poke|p1|Milotic, L50, F, shiny|
|poke|p1|Kleavor, L50, M, shiny|
|poke|p1|Weavile, L50, F, shiny|
|poke|p2|Sneasler, L50, F|
|poke|p2|Sinistcha, L50|
|poke|p2|Incineroar, L50, M|
|poke|p2|Kingambit, L50, M, shiny|
|poke|p2|Blastoise, L50, M|
|poke|p2|Sableye, L50, F|
|teampreview|4
|showteam|p1|Ceruledge||ColburBerry|FlashFire|Protect,BitterBlade,ShadowSneak,BulkUp|Adamant||F|||50|]Raichu||RaichuniteY|Static|FakeOut,Protect,ZapCannon,FocusBlast|Timid||F|||50|]Scizor||Scizorite|Technician|BulletPunch,SwordsDance,Protect,KnockOff|Careful||F|||50|]Milotic||Leftovers|Competitive|Scald,LifeDew,IcyWind,Protect|Calm||F|||50|]Kleavor||LifeOrb|SheerForce|RockSlide,Tailwind,BrickBreak,Protect|Adamant||M|||50|]Weavile||FocusSash|Pickpocket|KnockOff,FakeOut,Taunt,IcicleSpear|Adamant||F|||50|
|showteam|p2|Sneasler||FocusSash|PoisonTouch|FakeOut,PoisonJab,CloseCombat,QuickGuard|Jolly||F|||50|]Sinistcha||SitrusBerry|Hospitality|MatchaGotcha,RagePowder,LifeDew,TrickRoom|Bold|||||50|]Incineroar||ChopleBerry|Intimidate|FlareBlitz,HelpingHand,PartingShot,FakeOut|Impish||M|||50|]Kingambit||BlackGlasses|Defiant|KowtowCleave,SuckerPunch,SwordsDance,Protect|Adamant||M|||50|]Blastoise||Blastoisinite|Torrent|WaterSpout,DarkPulse,ShellSmash,Protect|Modest||M|||50|]Sableye||RoseliBerry|Prankster|WillOWisp,Quash,RainDance,FakeOut|Calm||F|||50|
|inactive|Battle timer is ON: inactive players will automatically lose when time's up. (requested by Kojay)
|
|t:|1783744585
|teamsize|p1|4
|teamsize|p2|4
|start
|switch|p1a: Milotic|Milotic, L50, F, shiny|100/100
|switch|p1b: Raichu|Raichu, L50, F, shiny|100/100
|switch|p2a: Sneasler|Sneasler, L50, F|100/100
|switch|p2b: Blastoise|Blastoise, L50, M|100/100
|turn|1
|inactive|Moraakami-Sama has 30 seconds left.
|inactive|Kojay has 30 seconds left.
|inactive|Moraakami-Sama has 20 seconds left.
|inactive|Kojay has 20 seconds left.
|inactive|Moraakami-Sama has 15 seconds left.
|inactive|Kojay has 15 seconds left.
|inactive|Moraakami-Sama has 10 seconds left.
|inactive|Moraakami-Sama has 5 seconds left.
|
|t:|1783744638
|detailschange|p1b: Raichu|Raichu-Mega-Y, L50, F, shiny
|-mega|p1b: Raichu|Raichu|Raichunite Y
|detailschange|p2b: Blastoise|Blastoise-Mega, L50, M
|-mega|p2b: Blastoise|Blastoise|Blastoisinite
|move|p1b: Raichu|Fake Out|p2b: Blastoise
|-damage|p2b: Blastoise|92/100
|move|p2a: Sneasler|Fake Out|p1b: Raichu
|-damage|p1b: Raichu|80/100
|-status|p1b: Raichu|psn|[from] ability: Poison Touch|[of] p2a: Sneasler
|cant|p2b: Blastoise|flinch
|move|p1a: Milotic|Scald|p2a: Sneasler
|-damage|p2a: Sneasler|59/100
|
|-damage|p1b: Raichu|68/100 psn|[from] psn
|upkeep
|turn|2
|inactive|Moraakami-Sama has 30 seconds left.
|
|t:|1783744668
|switch|p2b: Sinistcha|Sinistcha, L50|100/100
|-heal|p2a: Sneasler|84/100|[from] ability: Hospitality|[of] p2b: Sinistcha
|move|p1b: Raichu|Zap Cannon|p2b: Sinistcha
|-resisted|p2b: Sinistcha|1
|-damage|p2b: Sinistcha|69/100
|-status|p2b: Sinistcha|par
|move|p2a: Sneasler|Close Combat|p1b: Raichu
|-damage|p1b: Raichu|0 fnt
|-unboost|p2a: Sneasler|def|1
|-unboost|p2a: Sneasler|spd|1
|faint|p1b: Raichu
|move|p1a: Milotic|Icy Wind|p2a: Sneasler|[spread] p2a,p2b
|-supereffective|p2b: Sinistcha|1
|-damage|p2a: Sneasler|66/100
|-damage|p2b: Sinistcha|47/100 par
|-unboost|p2a: Sneasler|spe|1
|-unboost|p2b: Sinistcha|spe|1
|-enditem|p2b: Sinistcha|Sitrus Berry|[eat]
|-heal|p2b: Sinistcha|71/100 par|[from] item: Sitrus Berry
|
|upkeep
|inactive|Moraakami-Sama has 30 seconds left.
|
|t:|1783744695
|switch|p1b: Ceruledge|Ceruledge, L50, F, shiny|100/100
|turn|3
|inactive|Moraakami-Sama has 30 seconds left.
|inactive|Moraakami-Sama has 20 seconds left.
|inactive|Moraakami-Sama has 15 seconds left.
|inactive|Moraakami-Sama has 10 seconds left.
|inactive|Moraakami-Sama has 5 seconds left.
|
|t:|1783744750
|switch|p2a: Sableye|Sableye, L50, F|100/100
|switch|p2b: Blastoise|Blastoise-Mega, L50, M|92/100
|move|p1b: Ceruledge|Protect|p1b: Ceruledge
|-singleturn|p1b: Ceruledge|Protect
|move|p1a: Milotic|Scald|p2a: Sableye
|-damage|p2a: Sableye|69/100
|-status|p2a: Sableye|brn
|
|-damage|p2a: Sableye|63/100 brn|[from] brn
|upkeep
|turn|4
|inactive|Moraakami-Sama has 30 seconds left.
|inactive|Moraakami-Sama has 20 seconds left.
|inactive|Moraakami-Sama has 15 seconds left.
|
|t:|1783744792
|switch|p2a: Sinistcha|Sinistcha, L50|71/100 par
|-heal|p2b: Blastoise|100/100|[from] ability: Hospitality|[of] p2a: Sinistcha
|move|p1b: Ceruledge|Shadow Sneak|p2b: Blastoise
|-damage|p2b: Blastoise|79/100
|move|p2b: Blastoise|Shell Smash|p2b: Blastoise
|-unboost|p2b: Blastoise|def|1
|-unboost|p2b: Blastoise|spd|1
|-boost|p2b: Blastoise|atk|2
|-boost|p2b: Blastoise|spa|2
|-boost|p2b: Blastoise|spe|2
|move|p1a: Milotic|Icy Wind|p2a: Sinistcha|[spread] p2a,p2b
|-supereffective|p2a: Sinistcha|1
|-resisted|p2b: Blastoise|1
|-damage|p2a: Sinistcha|52/100 par
|-damage|p2b: Blastoise|71/100
|-unboost|p2a: Sinistcha|spe|1
|-unboost|p2b: Blastoise|spe|1
|
|upkeep
|turn|5
|inactive|Moraakami-Sama has 30 seconds left.
|
|t:|1783744822
|switch|p2a: Sneasler|Sneasler, L50, F|66/100
|move|p1b: Ceruledge|Protect|p1b: Ceruledge
|-singleturn|p1b: Ceruledge|Protect
|move|p2b: Blastoise|Water Spout|p1a: Milotic|[spread] p1a
|-activate|p1b: Ceruledge|move: Protect
|-resisted|p1a: Milotic|1
|-damage|p1a: Milotic|70/100
|move|p1a: Milotic|Icy Wind|p2a: Sneasler|[spread] p2a,p2b
|-resisted|p2b: Blastoise|1
|-damage|p2a: Sneasler|52/100
|-damage|p2b: Blastoise|65/100
|-unboost|p2a: Sneasler|spe|1
|-unboost|p2b: Blastoise|spe|1
|
|-heal|p1a: Milotic|76/100|[from] item: Leftovers
|upkeep
|turn|6
|inactive|Moraakami-Sama has 30 seconds left.
|inactive|Moraakami-Sama has 20 seconds left.
|inactive|Moraakami-Sama has 15 seconds left.
|inactive|Moraakami-Sama has 10 seconds left.
|
|t:|1783744869
|switch|p2a: Sinistcha|Sinistcha, L50|52/100 par
|-heal|p2b: Blastoise|90/100|[from] ability: Hospitality|[of] p2a: Sinistcha
|move|p2b: Blastoise|Water Spout|p1b: Ceruledge|[spread] p1a,p1b
|-resisted|p1a: Milotic|1
|-supereffective|p1b: Ceruledge|1
|-damage|p1a: Milotic|36/100
|-damage|p1b: Ceruledge|0 fnt
|faint|p1b: Ceruledge
|move|p1a: Milotic|Icy Wind|p2a: Sinistcha|[spread] p2a
|-miss|p1a: Milotic|p2b: Blastoise
|-supereffective|p2a: Sinistcha|1
|-damage|p2a: Sinistcha|33/100 par
|-unboost|p2a: Sinistcha|spe|1
|
|-heal|p1a: Milotic|42/100|[from] item: Leftovers
|upkeep
|
|t:|1783744886
|switch|p1b: Kleavor|Kleavor, L50, M, shiny|100/100
|turn|7
|
|t:|1783744910
|switch|p2a: Sableye|Sableye, L50, F|63/100 brn
|move|p2b: Blastoise|Protect|p2b: Blastoise
|-singleturn|p2b: Blastoise|Protect
|move|p1b: Kleavor|Rock Slide|p2a: Sableye|[spread] 
|-activate|p2b: Blastoise|move: Protect
|-miss|p1b: Kleavor|p2a: Sableye
|move|p1a: Milotic|Scald|p2b: Blastoise
|-activate|p2b: Blastoise|move: Protect
|
|-heal|p1a: Milotic|48/100|[from] item: Leftovers
|-damage|p2a: Sableye|57/100 brn|[from] brn
|upkeep
|turn|8
|inactive|Moraakami-Sama has 30 seconds left.
|inactive|Moraakami-Sama has 20 seconds left.
|
|t:|1783744948
|move|p2a: Sableye|Fake Out|p1b: Kleavor
|-resisted|p1b: Kleavor|1
|-damage|p1b: Kleavor|98/100
|move|p2b: Blastoise|Water Spout|p1b: Kleavor|[spread] p1a,p1b
|-resisted|p1a: Milotic|1
|-supereffective|p1b: Kleavor|1
|-damage|p1a: Milotic|10/100
|-damage|p1b: Kleavor|0 fnt
|faint|p1b: Kleavor
|move|p1a: Milotic|Scald|p2b: Blastoise
|-resisted|p2b: Blastoise|1
|-damage|p2b: Blastoise|70/100
|
|-heal|p1a: Milotic|16/100|[from] item: Leftovers
|-damage|p2a: Sableye|52/100 brn|[from] brn
|upkeep
|turn|9
|-message|Moraakami-Sama forfeited.
|raw|Moraakami-Sama's rating: 1007 → 1000(-7 for losing)
|raw|Kojay's rating: 1000 → 1041(+41 for winning)
|
|win|Kojay
