|j|☆Mumblin'Penguin
|j|☆Bullshit Format
|html|Mumblin'PenguinBullshit Format    
|uhtml|bestof|Game 1 of a best-of-3
|t:|1756300316
|gametype|doubles
|player|p1|Mumblin'Penguin|gambler|1187
|player|p2|Bullshit Format|cynthia|1196
|gen|9
|tier|[Gen 9] VGC 2025 Reg H (Bo3)
|rated|
|rule|Species Clause: Limit one of each Pokémon
|rule|Item Clause: Limit 1 of each item
|clearpoke
|poke|p1|Ursaluna-Bloodmoon, L50, M|
|poke|p1|Gholdengo, L50|
|poke|p1|Dragonite, L50, F|
|poke|p1|Sneasler, L50, M|
|poke|p1|Incineroar, L50, F|
|poke|p1|Amoonguss, L50, M|
|poke|p2|Pelipper, L50, F|
|poke|p2|Basculegion, L50, M|
|poke|p2|Archaludon, L50, M|
|poke|p2|Amoonguss, L50, M|
|poke|p2|Indeedee-F, L50, F|
|poke|p2|Sneasler, L50, F|
|teampreview|4
|showteam|p1|Ursaluna-Bloodmoon||AssaultVest|MindsEye|BloodMoon,EarthPower,VacuumWave,HyperVoice|||M|||50|,,,,,Water]Gholdengo||LifeOrb|GoodasGold|Protect,MakeItRain,ShadowBall,NastyPlot||||||50|,,,,,Water]Dragonite||LoadedDice|Multiscale|ScaleShot,Tailwind,Haze,Protect|||F|||50|,,,,,Fairy]Sneasler||FocusSash|Unburden|Protect,DireClaw,CloseCombat,ThroatChop|||M|||50|,,,,,Stellar]Incineroar||SafetyGoggles|Intimidate|KnockOff,PartingShot,FlareBlitz,FakeOut|||F|||50|,,,,,Ghost]Amoonguss||SitrusBerry|Regenerator|RagePowder,Spore,PollenPuff,Protect|||M|||50|,,,,,Psychic
|showteam|p2|Pelipper||FocusSash|Drizzle|Hurricane,Protect,WeatherBall,Tailwind|||F|||50|,,,,,Grass]Basculegion||LifeOrb|SwiftSwim|LastRespects,WaveCrash,PsychicFangs,AquaJet|||M|||50|,,,,,Water]Archaludon||AssaultVest|Stamina|DracoMeteor,ElectroShot,Thunder,FlashCannon|||M|||50|,,,,,Fairy]Amoonguss||SitrusBerry|Regenerator|Spore,RagePowder,PollenPuff,ClearSmog|||M|||50|,,,,,Fairy]Indeedee-F||RockyHelmet|PsychicSurge|FollowMe,Imprison,HelpingHand,TrickRoom|||F|||50|,,,,,Fairy]Sneasler||PsychicSeed|Unburden|Acrobatics,DireClaw,CloseCombat,ThroatChop|||F|||50|,,,,,Stellar
|inactive|Battle timer is ON: inactive players will automatically lose when time's up. (requested by Bullshit Format)
|
|t:|1756300361
|teamsize|p1|4
|teamsize|p2|4
|start
|switch|p1a: Dragonite|Dragonite, L50, F|100/100
|switch|p1b: Incineroar|Incineroar, L50, F|100/100
|switch|p2a: You Fucking Thot|Indeedee-F, L50, F|100/100
|switch|p2b: SydTheSlothSweeney|Sneasler, L50, F, shiny|100/100
|-ability|p1b: Incineroar|Intimidate|boost
|-unboost|p2a: You Fucking Thot|atk|1
|-unboost|p2b: SydTheSlothSweeney|atk|1
|-fieldstart|move: Psychic Terrain|[from] ability: Psychic Surge|[of] p2a: You Fucking Thot
|-enditem|p2b: SydTheSlothSweeney|Psychic Seed
|-boost|p2b: SydTheSlothSweeney|spd|1|[from] item: Psychic Seed
|turn|1
|inactive|Mumblin'Penguin has 30 seconds left.
|inactive|Bullshit Format has 30 seconds left.
|inactive|Mumblin'Penguin has 20 seconds left.
|
|t:|1756300397
|-terastallize|p2a: You Fucking Thot|Fairy
|move|p2a: You Fucking Thot|Follow Me|p2a: You Fucking Thot
|-singleturn|p2a: You Fucking Thot|move: Follow Me
|move|p2b: SydTheSlothSweeney|Dire Claw|p1a: Dragonite
|-damage|p1a: Dragonite|82/100
|move|p1a: Dragonite|Tailwind|p1a: Dragonite
|-sidestart|p1: Mumblin'Penguin|move: Tailwind
|move|p1b: Incineroar|Knock Off|p2a: You Fucking Thot
|-resisted|p2a: You Fucking Thot
|-damage|p2a: You Fucking Thot|81/100
|-damage|p1b: Incineroar|84/100|[from] item: Rocky Helmet|[of] p2a: You Fucking Thot
|-enditem|p2a: You Fucking Thot|Rocky Helmet|[from] move: Knock Off|[of] p1b: Incineroar
|
|upkeep
|turn|2
|inactive|Mumblin'Penguin has 30 seconds left.
|inactive|Mumblin'Penguin has 20 seconds left.
|inactive|Mumblin'Penguin has 15 seconds left.
|inactive|Bullshit Format has 30 seconds left.
|
|t:|1756300443
|switch|p1a: Sneasler|Sneasler, L50, M|100/100
|-terastallize|p1b: Incineroar|Ghost
|move|p2a: You Fucking Thot|Follow Me|p2a: You Fucking Thot
|-singleturn|p2a: You Fucking Thot|move: Follow Me
|move|p2b: SydTheSlothSweeney|Close Combat|p1b: Incineroar
|-immune|p1b: Incineroar
|move|p1b: Incineroar|Flare Blitz|p2a: You Fucking Thot
|-damage|p2a: You Fucking Thot|33/100
|-status|p2a: You Fucking Thot|brn
|-damage|p1b: Incineroar|70/100|[from] Recoil
|
|-damage|p2a: You Fucking Thot|26/100 brn|[from] brn
|upkeep
|turn|3
|inactive|Mumblin'Penguin has 30 seconds left.
|
|t:|1756300470
|move|p2a: You Fucking Thot|Follow Me|p2a: You Fucking Thot
|-singleturn|p2a: You Fucking Thot|move: Follow Me
|move|p1a: Sneasler|Dire Claw|p2a: You Fucking Thot
|-supereffective|p2a: You Fucking Thot
|-damage|p2a: You Fucking Thot|0 fnt
|faint|p2a: You Fucking Thot
|move|p2b: SydTheSlothSweeney|Throat Chop|p1b: Incineroar
|-supereffective|p1b: Incineroar
|-damage|p1b: Incineroar|30/100
|-start|p1b: Incineroar|Throat Chop|[silent]
|cant|p1b: Incineroar|move: Throat Chop
|
|upkeep
|
|t:|1756300479
|switch|p2a: Old Greg|Pelipper, L50, F, shiny|100/100
|-weather|RainDance|[from] ability: Drizzle|[of] p2a: Old Greg
|turn|4
|
|t:|1756300497
|switch|p1b: Dragonite|Dragonite, L50, F|82/100
|move|p1a: Sneasler|Dire Claw|p2a: Old Greg
|-damage|p2a: Old Greg|49/100
|move|p2b: SydTheSlothSweeney|Acrobatics|p1a: Sneasler
|-supereffective|p1a: Sneasler
|-damage|p1a: Sneasler|1/100
|move|p2a: Old Greg|Hurricane|p1a: Sneasler
|-supereffective|p1a: Sneasler
|-damage|p1a: Sneasler|0 fnt
|faint|p1a: Sneasler
|
|-weather|RainDance|[upkeep]
|-sideend|p1: Mumblin'Penguin|move: Tailwind
|upkeep
|
|t:|1756300511
|switch|p1a: Incineroar|Incineroar, L50, F, tera:Ghost|30/100
|-ability|p1a: Incineroar|Intimidate|boost
|-unboost|p2a: Old Greg|atk|1
|-unboost|p2b: SydTheSlothSweeney|atk|1
|turn|5
|
|t:|1756300520
|move|p1a: Incineroar|Fake Out|p2a: Old Greg
|-hint|Psychic Terrain doesn't affect Pokémon immune to Ground.
|-damage|p2a: Old Greg|33/100
|move|p2b: SydTheSlothSweeney|Throat Chop|p1a: Incineroar
|-supereffective|p1a: Incineroar
|-damage|p1a: Incineroar|2/100
|-start|p1a: Incineroar|Throat Chop|[silent]
|move|p1b: Dragonite|Scale Shot|p2b: SydTheSlothSweeney
|-damage|p2b: SydTheSlothSweeney|75/100
|-damage|p2b: SydTheSlothSweeney|50/100
|-damage|p2b: SydTheSlothSweeney|24/100
|-damage|p2b: SydTheSlothSweeney|0 fnt
|faint|p2b: SydTheSlothSweeney
|-hitcount|p2: SydTheSlothSweeney|4
|-unboost|p1b: Dragonite|def|1
|-boost|p1b: Dragonite|spe|1
|cant|p2a: Old Greg|flinch
|
|-weather|RainDance|[upkeep]
|-fieldend|move: Psychic Terrain
|upkeep
|
|t:|1756300525
|switch|p2b: PussiRipper5000|Basculegion, L50, M, shiny|100/100
|turn|6
|inactive|Mumblin'Penguin has 30 seconds left.
|inactive|Bullshit Format has 30 seconds left.
|inactive|Mumblin'Penguin has 20 seconds left.
|inactive|Mumblin'Penguin has 15 seconds left.
|
|t:|1756300567
|switch|p1a: Ursaluna|Ursaluna-Bloodmoon, L50, M|100/100
|move|p2b: PussiRipper5000|Last Respects|p1b: Dragonite
|-damage|p1b: Dragonite|0 fnt
|faint|p1b: Dragonite
|-damage|p2b: PussiRipper5000|91/100|[from] item: Life Orb
|move|p2a: Old Greg|Weather Ball|p1a: Ursaluna
|-supereffective|p1a: Ursaluna
|-damage|p1a: Ursaluna|11/100
|
|-weather|RainDance|[upkeep]
|upkeep
|
|t:|1756300578
|switch|p1b: Incineroar|Incineroar, L50, F, tera:Ghost|2/100
|-ability|p1b: Incineroar|Intimidate|boost
|-unboost|p2a: Old Greg|atk|1
|-unboost|p2b: PussiRipper5000|atk|1
|turn|7
|
|t:|1756300593
|move|p2a: Old Greg|Protect|p2a: Old Greg
|-singleturn|p2a: Old Greg|Protect
|move|p2b: PussiRipper5000|Aqua Jet|p1b: Incineroar
|-damage|p1b: Incineroar|0 fnt
|faint|p1b: Incineroar
|-damage|p2b: PussiRipper5000|81/100|[from] item: Life Orb
|move|p1a: Ursaluna|Vacuum Wave|p2a: Old Greg
|-activate|p2a: Old Greg|move: Protect
|
|-weather|RainDance|[upkeep]
|upkeep
|turn|8
|
|t:|1756300606
|move|p2b: PussiRipper5000|Aqua Jet|p1a: Ursaluna
|-supereffective|p1a: Ursaluna
|-damage|p1a: Ursaluna|0 fnt
|faint|p1a: Ursaluna
|-damage|p2b: PussiRipper5000|71/100|[from] item: Life Orb
|
|win|Bullshit Format
||Bullshit Format is ready for game 2.
||Mumblin'Penguin is ready for game 2.
|uhtml|next|Next: Game 2 of 3
|l|☆Bullshit Format
|player|p2|
