|j|☆sopa de moscas
|j|☆fili53
|html|sopa de moscasfili53    
|uhtml|bestof|Game 3 of a best-of-3
|t:|1783502873
|gametype|doubles
|player|p1|sopa de moscas|miku-ghost|1330
|player|p2|fili53|cress|1402
|gen|9
|tier|[Gen 9 Champions] VGC 2026 Reg M-B (Bo3)
|rated|
|rule|Species Clause: Limit one of each Pokémon
|rule|Item Clause: Limit 1 of each item
|clearpoke
|poke|p1|Incineroar, L50, F|
|poke|p1|Farigiraf, L50, F|
|poke|p1|Torkoal, L50, M|
|poke|p1|Floette-Eternal, L50, F|
|poke|p1|Maushold-Four, L50|
|poke|p1|Golurk, L50|
|poke|p2|Delphox, L50, M|
|poke|p2|Incineroar, L50, M|
|poke|p2|Sinistcha, L50|
|poke|p2|Maushold, L50|
|poke|p2|Blastoise, L50, F|
|poke|p2|Sneasler, L50, M|
|teampreview|4
|showteam|p1|Incineroar||ChopleBerry|Intimidate|ThroatChop,FakeOut,FlareBlitz,PartingShot|Careful||F|||50|]Farigiraf||SitrusBerry|ArmorTail|Thunderbolt,Psychic,TrickRoom,Protect|Sassy||F|||50|]Torkoal||Charcoal|Drought|Eruption,HeatWave,WeatherBall,Protect|Quiet||M|||50|]Floette-Eternal||Floettite|FlowerVeil|Moonblast,DazzlingGleam,LightofRuin,Protect|Modest||F|||50|]Maushold-Four||WideLens|Technician|PopulationBomb,FollowMe,HelpingHand,Protect|Jolly|||||50|]Golurk||LifeOrb|NoGuard|HeadlongRush,Poltergeist,Protect,StoneEdge|Brave|||||50|
|showteam|p2|Delphox||Delphoxite|Blaze|Protect,NastyPlot,HeatWave,Psyshock|Modest||M|||50|]Incineroar||PasshoBerry|Intimidate|FlareBlitz,FakeOut,DarkestLariat,PartingShot|Impish||M|||50|]Sinistcha||KasibBerry|Hospitality|Protect,MatchaGotcha,RagePowder,LifeDew|Bold|||||50|]Maushold||FocusSash|FriendGuard|Protect,SuperFang,FollowMe,Feint|Jolly|||||50|]Blastoise||Blastoisinite|RainDish|Protect,ShellSmash,WaterSpout,DarkPulse|Modest||F|||50|]Sneasler||WhiteHerb|Unburden|Protect,FakeOut,GunkShot,CloseCombat|Jolly||M|||50|
|inactive|Battle timer is ON: inactive players will automatically lose when time's up. (requested by sopa de moscas)
|inactive|fili53 has 60 seconds left.
|
|t:|1783502927
|teamsize|p1|4
|teamsize|p2|4
|start
|switch|p1a: Incineroar|Incineroar, L50, F|100/100
|switch|p1b: Farigiraf|Farigiraf, L50, F|100/100
|switch|p2a: Delphox|Delphox, L50, M|100/100
|switch|p2b: Incineroar|Incineroar, L50, M|100/100
|-ability|p1a: Incineroar|Intimidate|boost
|-unboost|p2a: Delphox|atk|1
|-unboost|p2b: Incineroar|atk|1
|-ability|p2b: Incineroar|Intimidate|boost
|-unboost|p1a: Incineroar|atk|1
|-unboost|p1b: Farigiraf|atk|1
|turn|1
|inactive|sopa de moscas has 30 seconds left.
|
|t:|1783502959
|detailschange|p2a: Delphox|Delphox-Mega, L50, M
|-mega|p2a: Delphox|Delphox|Delphoxite
|move|p1a: Incineroar|Fake Out|p2a: Delphox
|-damage|p2a: Delphox|90/100
|cant|p2a: Delphox|flinch
|move|p2b: Incineroar|Parting Shot|p1a: Incineroar
|-unboost|p1a: Incineroar|atk|1
|-unboost|p1a: Incineroar|spa|1
|
|t:|1783502966
|switch|p2b: Sinistcha|Sinistcha, L50|100/100|[from] Parting Shot
|-heal|p2a: Delphox|100/100|[from] ability: Hospitality|[of] p2b: Sinistcha
|move|p1b: Farigiraf|Thunderbolt|p2a: Delphox
|-damage|p2a: Delphox|79/100
|
|upkeep
|turn|2
|
|t:|1783502980
|move|p2a: Delphox|Nasty Plot|p2a: Delphox
|-boost|p2a: Delphox|spa|2
|move|p1a: Incineroar|Parting Shot|p2a: Delphox
|-unboost|p2a: Delphox|atk|1
|-unboost|p2a: Delphox|spa|1
|
|t:|1783502986
|switch|p1a: Torkoal|Torkoal, L50, M|100/100|[from] Parting Shot
|-weather|SunnyDay|[from] ability: Drought|[of] p1a: Torkoal
|move|p2b: Sinistcha|Life Dew||[still]|[spread] p2a,p2b
|-heal|p2a: Delphox|100/100
|-fail|p2b: Sinistcha|heal
|move|p1b: Farigiraf|Trick Room|p1b: Farigiraf
|-fieldstart|move: Trick Room|[of] p1b: Farigiraf
|
|-weather|SunnyDay|[upkeep]
|upkeep
|turn|3
|
|t:|1783503007
|switch|p1b: Incineroar|Incineroar, L50, F|100/100
|-ability|p1b: Incineroar|Intimidate|boost
|-unboost|p2a: Delphox|atk|1
|-unboost|p2b: Sinistcha|atk|1
|move|p1a: Torkoal|Protect|p1a: Torkoal
|-singleturn|p1a: Torkoal|Protect
|move|p2b: Sinistcha|Protect|p2b: Sinistcha
|-singleturn|p2b: Sinistcha|Protect
|move|p2a: Delphox|Protect||[still]
|-fail|p2a: Delphox
|
|-weather|SunnyDay|[upkeep]
|upkeep
|turn|4
|inactive|fili53 has 30 seconds left.
|
|t:|1783503036
|switch|p2b: Incineroar|Incineroar, L50, M|100/100
|-ability|p2b: Incineroar|Intimidate|boost
|-unboost|p1a: Torkoal|atk|1
|-unboost|p1b: Incineroar|atk|1
|move|p2a: Delphox|Protect|p2a: Delphox
|-singleturn|p2a: Delphox|Protect
|move|p1a: Torkoal|Eruption|p2b: Incineroar|[spread] p2b
|-activate|p2a: Delphox|move: Protect
|-resisted|p2b: Incineroar|1
|-damage|p2b: Incineroar|56/100
|move|p1b: Incineroar|Throat Chop|p2a: Delphox
|-activate|p2a: Delphox|move: Protect
|
|-weather|SunnyDay|[upkeep]
|upkeep
|turn|5
|
|t:|1783503059
|switch|p2b: Maushold|Maushold, L50|100/100
|move|p1a: Torkoal|Eruption|p2b: Maushold|[spread] p2a,p2b
|-resisted|p2a: Delphox|1
|-damage|p2a: Delphox|74/100
|-enditem|p2b: Maushold|Focus Sash
|-damage|p2b: Maushold|1/100
|move|p1b: Incineroar|Throat Chop|p2a: Delphox
|-supereffective|p2a: Delphox|1
|-damage|p2a: Delphox|35/100
|-start|p2a: Delphox|Throat Chop|[silent]
|move|p2a: Delphox|Heat Wave|p1a: Torkoal|[spread] p1a,p1b
|-resisted|p1a: Torkoal|1
|-resisted|p1b: Incineroar|1
|-damage|p1a: Torkoal|31/100
|-damage|p1b: Incineroar|54/100
|
|-weather|SunnyDay|[upkeep]
|upkeep
|turn|6
|inactive|sopa de moscas has 30 seconds left.
|inactive|fili53 has 30 seconds left.
|inactive|sopa de moscas has 20 seconds left.
|inactive|fili53 has 20 seconds left.
|inactive|sopa de moscas has 15 seconds left.
|inactive|sopa de moscas has 10 seconds left.
|
|t:|1783503108
|switch|p1b: Farigiraf|Farigiraf, L50, F|100/100
|move|p2a: Delphox|Protect|p2a: Delphox
|-singleturn|p2a: Delphox|Protect
|move|p2b: Maushold|Protect|p2b: Maushold
|-singleturn|p2b: Maushold|Protect
|move|p1a: Torkoal|Heat Wave|p2a: Delphox|[spread] 
|-activate|p2a: Delphox|move: Protect
|-activate|p2b: Maushold|move: Protect
|
|-weather|none
|-end|p2a: Delphox|Throat Chop|[silent]
|-fieldend|move: Trick Room
|upkeep
|turn|7
|inactive|sopa de moscas has 30 seconds left.
|inactive|sopa de moscas has 20 seconds left.
|
|t:|1783503147
|switch|p1a: Incineroar|Incineroar, L50, F|54/100
|-ability|p1a: Incineroar|Intimidate|boost
|-unboost|p2a: Delphox|atk|1
|-unboost|p2b: Maushold|atk|1
|move|p1b: Farigiraf|Protect|p1b: Farigiraf
|-singleturn|p1b: Farigiraf|Protect
|move|p2b: Maushold|Super Fang|p1b: Farigiraf
|-activate|p1b: Farigiraf|move: Protect
|move|p2a: Delphox|Heat Wave|p1b: Farigiraf|[spread] p1a
|-activate|p1b: Farigiraf|move: Protect
|-resisted|p1a: Incineroar|1
|-damage|p1a: Incineroar|27/100
|
|upkeep
|turn|8
|inactive|sopa de moscas has 30 seconds left.
|
|t:|1783503178
|switch|p2b: Sinistcha|Sinistcha, L50|100/100
|-heal|p2a: Delphox|59/100|[from] ability: Hospitality|[of] p2b: Sinistcha
|move|p2a: Delphox|Protect|p2a: Delphox
|-singleturn|p2a: Delphox|Protect
|move|p1a: Incineroar|Fake Out|p2a: Delphox
|-activate|p2a: Delphox|move: Protect
|move|p1b: Farigiraf|Trick Room|p1b: Farigiraf
|-fieldstart|move: Trick Room|[of] p1b: Farigiraf
|
|upkeep
|turn|9
|inactive|sopa de moscas has 30 seconds left.
|inactive|fili53 has 30 seconds left.
|
|t:|1783503210
|switch|p2b: Incineroar|Incineroar, L50, M|56/100
|-ability|p2b: Incineroar|Intimidate|boost
|-unboost|p1a: Incineroar|atk|1
|-unboost|p1b: Farigiraf|atk|1
|move|p1b: Farigiraf|Protect|p1b: Farigiraf
|-singleturn|p1b: Farigiraf|Protect
|move|p1a: Incineroar|Throat Chop|p2a: Delphox
|-supereffective|p2a: Delphox|1
|-damage|p2a: Delphox|4/100
|-start|p2a: Delphox|Throat Chop|[silent]
|move|p2a: Delphox|Heat Wave|p1b: Farigiraf|[spread] p1a
|-activate|p1b: Farigiraf|move: Protect
|-resisted|p1a: Incineroar|1
|-damage|p1a: Incineroar|2/100
|
|upkeep
|turn|10
|
|t:|1783503226
|move|p2a: Delphox|Protect|p2a: Delphox
|-singleturn|p2a: Delphox|Protect
|move|p1b: Farigiraf|Thunderbolt|p2b: Incineroar
|-damage|p2b: Incineroar|31/100
|move|p2b: Incineroar|Parting Shot|p1b: Farigiraf
|-unboost|p1b: Farigiraf|atk|1
|-unboost|p1b: Farigiraf|spa|1
|
|t:|1783503232
|switch|p2b: Sinistcha|Sinistcha, L50|100/100|[from] Parting Shot
|-heal|p2a: Delphox|29/100|[from] ability: Hospitality|[of] p2b: Sinistcha
|move|p1a: Incineroar|Parting Shot|p2b: Sinistcha
|-unboost|p2b: Sinistcha|atk|1
|-unboost|p2b: Sinistcha|spa|1
|
|t:|1783503235
|switch|p1a: Torkoal|Torkoal, L50, M|31/100|[from] Parting Shot
|-weather|SunnyDay|[from] ability: Drought|[of] p1a: Torkoal
|
|-weather|SunnyDay|[upkeep]
|-end|p2a: Delphox|Throat Chop|[silent]
|upkeep
|turn|11
|inactive|fili53 has 30 seconds left.
|
|t:|1783503262
|switch|p2a: Incineroar|Incineroar, L50, M|31/100
|-ability|p2a: Incineroar|Intimidate|boost
|-unboost|p1a: Torkoal|atk|1
|-unboost|p1b: Farigiraf|atk|1
|move|p2b: Sinistcha|Protect|p2b: Sinistcha
|-singleturn|p2b: Sinistcha|Protect
|move|p1a: Torkoal|Heat Wave|p2b: Sinistcha|[spread] p2a
|-activate|p2b: Sinistcha|move: Protect
|-resisted|p2a: Incineroar|1
|-damage|p2a: Incineroar|5/100
|move|p1b: Farigiraf|Thunderbolt|p2a: Incineroar
|-damage|p2a: Incineroar|0 fnt
|faint|p2a: Incineroar
|
|-weather|SunnyDay|[upkeep]
|upkeep
|
|t:|1783503266
|switch|p2a: Delphox|Delphox-Mega, L50, M|29/100
|turn|12
|inactive|sopa de moscas has 30 seconds left.
|inactive|sopa de moscas has 20 seconds left.
|inactive|fili53 has 30 seconds left.
|
|t:|1783503305
|move|p1a: Torkoal|Weather Ball|p2b: Sinistcha
|-supereffective|p2b: Sinistcha|1
|-damage|p2b: Sinistcha|0 fnt
|faint|p2b: Sinistcha
|move|p1b: Farigiraf|Thunderbolt|p2a: Delphox
|-damage|p2a: Delphox|14/100
|move|p2a: Delphox|Heat Wave|p1a: Torkoal|[spread] p1a,p1b
|-resisted|p1a: Torkoal|1
|-damage|p1a: Torkoal|0 fnt
|-damage|p1b: Farigiraf|42/100
|-enditem|p1b: Farigiraf|Sitrus Berry|[eat]
|-heal|p1b: Farigiraf|67/100|[from] item: Sitrus Berry
|faint|p1a: Torkoal
|
|-weather|SunnyDay|[upkeep]
|-fieldend|move: Trick Room
|upkeep
|
|t:|1783503310
|switch|p2b: Maushold|Maushold, L50|1/100
|switch|p1a: Incineroar|Incineroar, L50, F|2/100
|-ability|p1a: Incineroar|Intimidate|boost
|-unboost|p2a: Delphox|atk|1
|-unboost|p2b: Maushold|atk|1
|turn|13
|
|t:|1783503322
|move|p2a: Delphox|Protect|p2a: Delphox
|-singleturn|p2a: Delphox|Protect
|move|p1a: Incineroar|Fake Out|p2a: Delphox
|-activate|p2a: Delphox|move: Protect
|move|p2b: Maushold|Super Fang|p1b: Farigiraf
|-damage|p1b: Farigiraf|33/100
|move|p1b: Farigiraf|Trick Room|p1b: Farigiraf
|-fieldstart|move: Trick Room|[of] p1b: Farigiraf
|
|-weather|SunnyDay|[upkeep]
|upkeep
|turn|14
|
|t:|1783503333
|move|p2b: Maushold|Follow Me|p2b: Maushold
|-singleturn|p2b: Maushold|move: Follow Me
|move|p1b: Farigiraf|Psychic|p2b: Maushold
|-damage|p2b: Maushold|0 fnt
|faint|p2b: Maushold
|move|p1a: Incineroar|Throat Chop|p2a: Delphox
|-supereffective|p2a: Delphox|1
|-damage|p2a: Delphox|0 fnt
|faint|p2a: Delphox
|
|win|sopa de moscas
|raw|sopa de moscas's rating: 1330 → 1354(+24 for winning)
|raw|fili53's rating: 1402 → 1378(-24 for losing)
|l|☆fili53
|player|p2|
|c|☆sopa de moscas|ggs
