|j|☆monkeychese
|j|☆mikelpoyarzabal
|html|monkeychesemikelpoyarzabal    
|uhtml|bestof|Game 3 of a best-of-3
|t:|1784739359
|gametype|doubles
|player|p1|monkeychese|nate|1170
|player|p2|mikelpoyarzabal|arven-s|1326
|gen|9
|tier|[Gen 9 Champions] VGC 2026 Reg M-B (Bo3)
|rated|
|rule|Species Clause: Limit one of each Pokémon
|rule|Item Clause: Limit 1 of each item
|clearpoke
|poke|p1|Blaziken, L50, M|
|poke|p1|Lycanroc-Dusk, L50, M|
|poke|p1|Kingambit, L50, F|
|poke|p1|Ninetales-Alola, L50, F|
|poke|p1|Basculegion, L50, M|
|poke|p1|Floette-Eternal, L50, F|
|poke|p2|Charizard, L50, M|
|poke|p2|Garchomp, L50, F|
|poke|p2|Incineroar, L50, M|
|poke|p2|Venusaur, L50, M|
|poke|p2|Toxapex, L50, M|
|poke|p2|Sylveon, L50, F|
|teampreview|4
|showteam|p1|Blaziken||Blazikenite|SpeedBoost|FlareBlitz,CloseCombat,StoneEdge,Protect|Adamant||M|||50|]Lycanroc-Dusk||FocusSash|ToughClaws|RockSlide,CloseCombat,Accelerock,Protect|Jolly||M|||50|]Kingambit||LifeOrb|Defiant|KowtowCleave,SuckerPunch,IronHead,Protect|Adamant||F|||50|]Ninetales-Alola||NeverMeltIce|SnowWarning|Blizzard,FreezeDry,Encore,Protect|Timid||F|||50|]Basculegion||ChoiceScarf|Adaptability|WaveCrash,LastRespects,AquaJet,FlipTurn|Jolly||M|||50|]Floette-Eternal||Floettite|FlowerVeil|Moonblast,LightofRuin,DazzlingGleam,Protect|Timid||F|||50|
|showteam|p2|Charizard||CharizarditeY|SolarPower|WeatherBall,HeatWave,AncientPower,Protect|Modest||M|||50|]Garchomp||ChoiceScarf|RoughSkin|RockSlide,DragonClaw,Earthquake,StompingTantrum|Adamant||F|||50|]Incineroar||SitrusBerry|Intimidate|FlareBlitz,FakeOut,DarkestLariat,PartingShot|Impish||M|||50|]Venusaur||LifeOrb|Chlorophyll|SludgeBomb,LeafStorm,EarthPower,Protect|Modest||M|||50|]Toxapex||Leftovers|Regenerator|Infestation,Toxic,WideGuard,BanefulBunker|Bold||M|||50|]Sylveon||FairyFeather|Pixilate|HyperVoice,QuickAttack,Yawn,Detect|Modest||F|||50|
|inactive|Battle timer is ON: inactive players will automatically lose when time's up. (requested by mikelpoyarzabal)
|
|t:|1784739376
|teamsize|p1|4
|teamsize|p2|4
|start
|switch|p1a: Kingambit|Kingambit, L50, F|100/100
|switch|p1b: Blaziken|Blaziken, L50, M|100/100
|switch|p2a: Garchomp|Garchomp, L50, F|100/100
|switch|p2b: Sylveon|Sylveon, L50, F|100/100
|turn|1
|
|t:|1784739394
|switch|p2b: Charizard|Charizard, L50, M|100/100
|detailschange|p1b: Blaziken|Blaziken-Mega, L50, M
|-mega|p1b: Blaziken|Blaziken|Blazikenite
|move|p1b: Blaziken|Protect|p1b: Blaziken
|-singleturn|p1b: Blaziken|Protect
|move|p2a: Garchomp|Earthquake|p1b: Blaziken|[spread] p1a
|-activate|p1b: Blaziken|move: Protect
|-immune|p2b: Charizard
|-supereffective|p1a: Kingambit|1
|-damage|p1a: Kingambit|46/100
|move|p1a: Kingambit|Iron Head|p2b: Charizard
|-resisted|p2b: Charizard|1
|-damage|p2b: Charizard|76/100
|-damage|p1a: Kingambit|37/100|[from] item: Life Orb
|
|-ability|p1b: Blaziken|Speed Boost|boost
|-boost|p1b: Blaziken|spe|1
|upkeep
|turn|2
|
|t:|1784739409
|move|p2b: Charizard|Protect|p2b: Charizard
|-singleturn|p2b: Charizard|Protect
|move|p1a: Kingambit|Sucker Punch|p2a: Garchomp
|-damage|p2a: Garchomp|52/100
|-damage|p1a: Kingambit|25/100|[from] ability: Rough Skin|[of] p2a: Garchomp
|-damage|p1a: Kingambit|15/100|[from] item: Life Orb
|move|p2a: Garchomp|Earthquake|p1b: Blaziken|[spread] p1a,p1b
|-activate|p2b: Charizard|move: Protect
|-supereffective|p1a: Kingambit|1
|-supereffective|p1b: Blaziken|1
|-crit|p1b: Blaziken
|-damage|p1a: Kingambit|0 fnt
|-damage|p1b: Blaziken|0 fnt
|faint|p1a: Kingambit
|faint|p1b: Blaziken
|
|upkeep
|
|t:|1784739422
|switch|p1b: Ninetales|Ninetales-Alola, L50, F|100/100
|switch|p1a: Basculegion|Basculegion, L50, M|100/100
|-weather|Snowscape|[from] ability: Snow Warning|[of] p1b: Ninetales
|turn|3
|
|t:|1784739431
|switch|p2a: Incineroar|Incineroar, L50, M|100/100
|-ability|p2a: Incineroar|Intimidate|boost
|-unboost|p1a: Basculegion|atk|1
|-unboost|p1b: Ninetales|atk|1
|detailschange|p2b: Charizard|Charizard-Mega-Y, L50, M
|-mega|p2b: Charizard|Charizard|Charizardite Y
|-weather|SunnyDay|[from] ability: Drought|[of] p2b: Charizard
|move|p1a: Basculegion|Last Respects|p2b: Charizard
|-damage|p2b: Charizard|24/100
|move|p1b: Ninetales|Blizzard|p2b: Charizard|[spread] p2a,p2b
|-resisted|p2a: Incineroar|1
|-damage|p2a: Incineroar|84/100
|-damage|p2b: Charizard|0 fnt
|faint|p2b: Charizard
|
|-weather|SunnyDay|[upkeep]
|upkeep
|
|t:|1784739442
|switch|p2b: Garchomp|Garchomp, L50, F|52/100
|turn|4
|
|t:|1784739448
|move|p2b: Garchomp|Rock Slide|p1a: Basculegion|[spread] p1a,p1b
|-supereffective|p1b: Ninetales|1
|-damage|p1a: Basculegion|75/100
|-damage|p1b: Ninetales|41/100
|cant|p1a: Basculegion|flinch
|cant|p1b: Ninetales|flinch
|move|p2a: Incineroar|Darkest Lariat|p1a: Basculegion
|-supereffective|p1a: Basculegion|1
|-damage|p1a: Basculegion|0 fnt
|faint|p1a: Basculegion
|
|-weather|SunnyDay|[upkeep]
|upkeep
|turn|5
|-message|monkeychese forfeited.
|
|win|mikelpoyarzabal
|raw|monkeychese's rating: 1170 → 1156(-14 for losing)
|raw|mikelpoyarzabal's rating: 1326 → 1338(+12 for winning)
