|j|☆lettitripppp
|j|☆vamzam
|html|lettitrippppvamzam    
|uhtml|bestof|Game 1 of a best-of-3
|t:|1785350976
|gametype|doubles
|player|p1|lettitripppp|lucas|1113
|player|p2|vamzam|102|1109
|gen|9
|tier|[Gen 9 Champions] VGC 2026 Reg M-B (Bo3)
|rated|
|rule|Species Clause: Limit one of each Pokémon
|rule|Item Clause: Limit 1 of each item
|clearpoke
|poke|p1|Blastoise, L50, F|
|poke|p1|Delphox, L50, F|
|poke|p1|Incineroar, L50, M|
|poke|p1|Kingambit, L50, M, shiny|
|poke|p1|Sinistcha, L50, shiny|
|poke|p1|Sneasler, L50, M, shiny|
|poke|p2|Arcanine-Hisui, L50, F|
|poke|p2|Whimsicott, L50, F|
|poke|p2|Sneasler, L50, F|
|poke|p2|Garchomp, L50, F|
|poke|p2|Kingambit, L50, M|
|poke|p2|Froslass, L50, F, shiny|
|teampreview|4
|showteam|p1|Blastoise||Blastoisinite|RainDish|WaterSpout,ShellSmash,DarkPulse,Protect|Modest||F|||50|]Delphox||Delphoxite|Blaze|HeatWave,NastyPlot,Psyshock,Protect|Modest||F|||50|]Incineroar||SitrusBerry|Intimidate|HelpingHand,PartingShot,FlareBlitz,FakeOut|Careful||M|||50|]Kingambit||BlackGlasses|Defiant|KowtowCleave,SwordsDance,SuckerPunch,Protect|Adamant||M|||50|]Sinistcha||OccaBerry|Hospitality|MatchaGotcha,RagePowder,TrickRoom,Protect|Bold|||||50|]Sneasler||FocusSash|PoisonTouch|CloseCombat,QuickGuard,DireClaw,FakeOut|Jolly||M|||50|
|showteam|p2|Arcanine-Hisui||FocusSash|RockHead|FlareBlitz,RockSlide,ExtremeSpeed,Protect|Impish||F|||50|]Whimsicott||OccaBerry|Prankster|EnergyBall,Encore,Tailwind,Moonblast|Modest||F|||50|]Sneasler||QuickClaw|PoisonTouch|FakeOut,DireClaw,CloseCombat,ThroatChop|Jolly||F|||50|]Garchomp||LifeOrb|RoughSkin|DragonClaw,Earthquake,RockSlide,Protect|Jolly||F|||50|]Kingambit||BlackGlasses|Defiant|KowtowCleave,IronHead,SuckerPunch,Protect|Adamant||M|||50|]Froslass||Froslassite|CursedBody|Blizzard,Thunderbolt,Protect,ShadowBall|Modest||F|||50|
|inactive|Battle timer is ON: inactive players will automatically lose when time's up. (requested by lettitripppp)
|j| 282839393m
|inactive|vamzam has 60 seconds left.
|inactive|lettitripppp has 60 seconds left.
|inactive|vamzam has 30 seconds left.
|inactive|vamzam has 20 seconds left.
|inactive|vamzam has 15 seconds left.
|inactive|vamzam has 10 seconds left.
|inactive|vamzam has 5 seconds left.
|
|t:|1785351065
|teamsize|p1|4
|teamsize|p2|4
|start
|switch|p1a: LET IT RAIN BIH|Blastoise, L50, F|100/100
|switch|p1b: ASKIN|Sneasler, L50, M, shiny|100/100
|switch|p2a: Whimsicott|Whimsicott, L50, F|100/100
|switch|p2b: Arcanine|Arcanine-Hisui, L50, F|100/100
|turn|1
|inactive|vamzam has 30 seconds left.
|
|t:|1785351093
|detailschange|p1a: LET IT RAIN BIH|Blastoise-Mega, L50, F
|-mega|p1a: LET IT RAIN BIH|Blastoise|Blastoisinite
|move|p1b: ASKIN|Fake Out|p2a: Whimsicott
|-damage|p2a: Whimsicott|78/100
|-status|p2a: Whimsicott|psn|[from] ability: Poison Touch|[of] p1b: ASKIN
|cant|p2a: Whimsicott|flinch
|move|p1a: LET IT RAIN BIH|Shell Smash|p1a: LET IT RAIN BIH
|-unboost|p1a: LET IT RAIN BIH|def|1
|-unboost|p1a: LET IT RAIN BIH|spd|1
|-boost|p1a: LET IT RAIN BIH|atk|2
|-boost|p1a: LET IT RAIN BIH|spa|2
|-boost|p1a: LET IT RAIN BIH|spe|2
|move|p2b: Arcanine|Rock Slide|p1b: ASKIN|[spread] p1a,p1b
|-resisted|p1b: ASKIN|1
|-damage|p1a: LET IT RAIN BIH|62/100
|-damage|p1b: ASKIN|78/100
|
|-damage|p2a: Whimsicott|65/100 psn|[from] psn
|upkeep
|turn|2
|inactive|vamzam has 30 seconds left.
|
|t:|1785351124
|move|p1b: ASKIN|Quick Guard|p1b: ASKIN
|-singleturn|p1b: ASKIN|Quick Guard
|move|p2b: Arcanine|Extreme Speed|p1a: LET IT RAIN BIH
|-activate|p1a: LET IT RAIN BIH|move: Quick Guard
|move|p2a: Whimsicott|Encore|p1b: ASKIN
|-activate|p1b: ASKIN|move: Quick Guard
|move|p1a: LET IT RAIN BIH|Water Spout|p2a: Whimsicott|[spread] p2a,p2b
|-resisted|p2a: Whimsicott|1
|-supereffective|p2b: Arcanine|2
|-damage|p2a: Whimsicott|1/100 psn
|-enditem|p2b: Arcanine|Focus Sash
|-damage|p2b: Arcanine|1/100
|
|-damage|p2a: Whimsicott|0 fnt|[from] psn
|faint|p2a: Whimsicott
|upkeep
|
|t:|1785351142
|switch|p2a: Froslass|Froslass, L50, F, shiny|100/100
|turn|3
|
|t:|1785351152
|detailschange|p2a: Froslass|Froslass-Mega, L50, F, shiny
|-mega|p2a: Froslass|Froslass|Froslassite
|-weather|Snowscape|[from] ability: Snow Warning|[of] p2a: Froslass
|move|p1b: ASKIN|Quick Guard|p1b: ASKIN
|-singleturn|p1b: ASKIN|Quick Guard
|move|p1a: LET IT RAIN BIH|Water Spout|p2b: Arcanine|[spread] p2a,p2b
|-supereffective|p2b: Arcanine|2
|-damage|p2a: Froslass|6/100
|-damage|p2b: Arcanine|0 fnt
|faint|p2b: Arcanine
|move|p2a: Froslass|Thunderbolt|p1a: LET IT RAIN BIH
|-supereffective|p1a: LET IT RAIN BIH|1
|-damage|p1a: LET IT RAIN BIH|0 fnt
|faint|p1a: LET IT RAIN BIH
|
|-weather|Snowscape|[upkeep]
|upkeep
|
|t:|1785351168
|switch|p1a: AOI TODO|Incineroar, L50, M|100/100
|switch|p2b: Kingambit|Kingambit, L50, M|100/100
|-ability|p1a: AOI TODO|Intimidate|boost
|-unboost|p2a: Froslass|atk|1
|-unboost|p2b: Kingambit|atk|1
|-ability|p2b: Kingambit|Defiant|boost
|-boost|p2b: Kingambit|atk|2
|turn|4
|
|t:|1785351185
|move|p2b: Kingambit|Protect|p2b: Kingambit
|-singleturn|p2b: Kingambit|Protect
|move|p1a: AOI TODO|Fake Out|p2b: Kingambit
|-activate|p2b: Kingambit|move: Protect
|move|p1b: ASKIN|Dire Claw|p2a: Froslass
|-resisted|p2a: Froslass|1
|-damage|p2a: Froslass|0 fnt
|faint|p2a: Froslass
|
|-weather|Snowscape|[upkeep]
|upkeep
|turn|5
|
|t:|1785351198
|move|p2b: Kingambit|Sucker Punch|p1a: AOI TODO
|-resisted|p1a: AOI TODO|1
|-damage|p1a: AOI TODO|68/100
|move|p1b: ASKIN|Close Combat|p2b: Kingambit
|-supereffective|p2b: Kingambit|2
|-damage|p2b: Kingambit|0 fnt
|-unboost|p1b: ASKIN|def|1
|-unboost|p1b: ASKIN|spd|1
|faint|p2b: Kingambit
|
|win|lettitripppp
||vamzam is ready for game 2.
