|j|☆pinheadwh
|j|☆Broey_jiggs
|html|pinheadwhBroey_jiggs    
|uhtml|bestof|Game 3 of a best-of-3
|t:|1783847173
|gametype|doubles
|player|p1|pinheadwh|170|1000
|player|p2|Broey_jiggs|266|1059
|gen|9
|tier|[Gen 9 Champions] VGC 2026 Reg M-B (Bo3)
|rated|
|rule|Species Clause: Limit one of each Pokémon
|rule|Item Clause: Limit 1 of each item
|clearpoke
|poke|p1|Staraptor, L50, M|
|poke|p1|Torkoal, L50, F|
|poke|p1|Farigiraf, L50, M|
|poke|p1|Incineroar, L50, M|
|poke|p1|Sinistcha-Masterpiece, L50|
|poke|p1|Mawile, L50, M|
|poke|p2|Toxapex, L50, M|
|poke|p2|Rotom-Wash, L50|
|poke|p2|Sinistcha-Masterpiece, L50|
|poke|p2|Venusaur, L50, F|
|poke|p2|Incineroar, L50, M|
|poke|p2|Primarina, L50, M|
|teampreview|4
|showteam|p1|Staraptor||ChoiceScarf|Intimidate|Uturn,FinalGambit,CloseCombat,BraveBird|Adamant||M|||50|]Torkoal||Charcoal|Drought|Protect,Eruption,BodyPress,StoneEdge|Brave||F|||50|]Farigiraf||ColburBerry|ArmorTail|FoulPlay,HyperVoice,TrickRoom,Protect|Serious||M|||50|]Incineroar||SitrusBerry|Intimidate|FlareBlitz,ThroatChop,PartingShot,FakeOut|Serious||M|||50|]Sinistcha-Masterpiece||KasibBerry|Hospitality|ShadowBall,TrickRoom,StrengthSap,MatchaGotcha|Quiet|||||50|]Mawile||Mawilite|Intimidate|Protect,IronHead,PlayRough,SuckerPunch|Serious||M|||50|
|showteam|p2|Toxapex||Leftovers|Regenerator|Toxic,BanefulBunker,Infestation,WideGuard|Bold||M|||50|]Rotom-Wash||Magnet|Levitate|HydroPump,VoltSwitch,WillOWisp,Electroweb|Calm|||||50|]Sinistcha-Masterpiece||SitrusBerry|Hospitality|MatchaGotcha,Hex,TrickRoom,RagePowder|Timid|||||50|]Venusaur||Venusaurite|Chlorophyll|GigaDrain,LeechSeed,SludgeBomb,Protect|Bold||F|||50|]Incineroar||ChopleBerry|Intimidate|FlareBlitz,DarkestLariat,PartingShot,FakeOut|Adamant||M|||50|]Primarina||BabiriBerry|LiquidVoice|HyperVoice,Moonblast,PerishSong,Protect|Modest||M|||50|
|inactive|Battle timer is ON: inactive players will automatically lose when time's up. (requested by pinheadwh)
|
|t:|1783847193
|teamsize|p1|4
|teamsize|p2|4
|start
|switch|p1a: Staraptor|Staraptor, L50, M|100/100
|switch|p1b: Sinistcha|Sinistcha-Masterpiece, L50|100/100
|switch|p2a: Toxapex|Toxapex, L50, M|100/100
|switch|p2b: Rotom|Rotom-Wash, L50|100/100
|-ability|p1a: Staraptor|Intimidate|boost
|-unboost|p2a: Toxapex|atk|1
|-unboost|p2b: Rotom|atk|1
|turn|1
|
|t:|1783847209
|move|p2a: Toxapex|Baneful Bunker|p2a: Toxapex
|-singleturn|p2a: Toxapex|move: Protect
|move|p1a: Staraptor|U-turn|p2b: Rotom
|-damage|p2b: Rotom|75/100
|
|t:|1783847213
|switch|p1a: Farigiraf|Farigiraf, L50, M|100/100|[from] U-turn
|move|p2b: Rotom|Will-O-Wisp|p1a: Farigiraf
|-status|p1a: Farigiraf|brn
|move|p1b: Sinistcha|Matcha Gotcha|p2b: Rotom|[spread] p2b
|-activate|p2a: Toxapex|move: Protect
|-supereffective|p2b: Rotom|1
|-damage|p2b: Rotom|26/100
|
|-damage|p1a: Farigiraf|93/100 brn|[from] brn
|upkeep
|turn|2
|
|t:|1783847226
|switch|p2b: Venusaur|Venusaur, L50, F|100/100
|move|p1b: Sinistcha|Matcha Gotcha|p2a: Toxapex|[spread] p2a,p2b
|-resisted|p2b: Venusaur|2
|-damage|p2a: Toxapex|81/100
|-damage|p2b: Venusaur|93/100
|-status|p2b: Venusaur|brn
|move|p1a: Farigiraf|Hyper Voice|p2a: Toxapex|[spread] p2a,p2b
|-damage|p2a: Toxapex|61/100
|-damage|p2b: Venusaur|71/100 brn
|move|p2a: Toxapex|Toxic|p1b: Sinistcha
|-status|p1b: Sinistcha|tox
|
|-heal|p2a: Toxapex|67/100|[from] item: Leftovers
|-damage|p1b: Sinistcha|93/100 tox|[from] psn
|-damage|p2b: Venusaur|65/100 brn|[from] brn
|-damage|p1a: Farigiraf|87/100 brn|[from] brn
|upkeep
|turn|3
|
|t:|1783847243
|detailschange|p2b: Venusaur|Venusaur-Mega, L50, F
|-mega|p2b: Venusaur|Venusaur|Venusaurite
|move|p2b: Venusaur|Leech Seed|p1a: Farigiraf
|-start|p1a: Farigiraf|move: Leech Seed
|move|p1b: Sinistcha|Shadow Ball|p2b: Venusaur
|-damage|p2b: Venusaur|34/100 brn
|move|p1a: Farigiraf|Hyper Voice|p2a: Toxapex|[spread] p2a,p2b
|-damage|p2a: Toxapex|46/100
|-damage|p2b: Venusaur|13/100 brn
|move|p2a: Toxapex|Infestation|p1a: Farigiraf
|-supereffective|p1a: Farigiraf|1
|-damage|p1a: Farigiraf|81/100 brn
|-activate|p1a: Farigiraf|move: Infestation|[of] p2a: Toxapex
|
|-heal|p2a: Toxapex|51/100|[from] item: Leftovers
|-damage|p1a: Farigiraf|69/100 brn|[from] Leech Seed|[of] p2b: Venusaur
|-heal|p2b: Venusaur|26/100 brn|[silent]
|-damage|p1b: Sinistcha|81/100 tox|[from] psn
|-damage|p2b: Venusaur|20/100y brn|[from] brn
|-damage|p1a: Farigiraf|63/100 brn|[from] brn
|-damage|p1a: Farigiraf|50/100g brn|[from] move: Infestation|[partiallytrapped]
|upkeep
|turn|4
|inactive|Broey_jiggs has 30 seconds left.
|
|t:|1783847268
|-heal|p2a: Toxapex|84/100|[from] ability: Regenerator|[silent]
|switch|p2a: Rotom|Rotom-Wash, L50|26/100
|move|p2b: Venusaur|Giga Drain|p1a: Farigiraf
|-damage|p1a: Farigiraf|24/100 brn
|-heal|p2b: Venusaur|34/100 brn|[from] drain|[of] p1a: Farigiraf
|move|p1b: Sinistcha|Shadow Ball|p2a: Rotom
|-damage|p2a: Rotom|0 fnt
|faint|p2a: Rotom
|move|p1a: Farigiraf|Hyper Voice|p2b: Venusaur
|-damage|p2b: Venusaur|7/100 brn
|
|-damage|p1a: Farigiraf|12/100 brn|[from] Leech Seed|[of] p2b: Venusaur
|-heal|p2b: Venusaur|20/100y brn|[silent]
|-damage|p1b: Sinistcha|62/100 tox|[from] psn
|-damage|p2b: Venusaur|14/100 brn|[from] brn
|-damage|p1a: Farigiraf|6/100 brn|[from] brn
|-end|p1a: Farigiraf|Infestation|[partiallytrapped]|[silent]
|upkeep
|
|t:|1783847290
|switch|p2a: Toxapex|Toxapex, L50, M|84/100
|turn|5
|
|t:|1783847297
|switch|p1a: Mawile|Mawile, L50, M|100/100
|-ability|p1a: Mawile|Intimidate|boost
|-unboost|p2a: Toxapex|atk|1
|-unboost|p2b: Venusaur|atk|1
|move|p2b: Venusaur|Protect|p2b: Venusaur
|-singleturn|p2b: Venusaur|Protect
|move|p2a: Toxapex|Baneful Bunker|p2a: Toxapex
|-singleturn|p2a: Toxapex|move: Protect
|move|p1b: Sinistcha|Matcha Gotcha|p2a: Toxapex|[spread] 
|-activate|p2a: Toxapex|move: Protect
|-activate|p2b: Venusaur|move: Protect
|
|-heal|p2a: Toxapex|90/100|[from] item: Leftovers
|-damage|p1b: Sinistcha|38/100 tox|[from] psn
|-damage|p2b: Venusaur|8/100 brn|[from] brn
|upkeep
|turn|6
|
|t:|1783847315
|detailschange|p1a: Mawile|Mawile-Mega, L50, M
|-mega|p1a: Mawile|Mawile|Mawilite
|move|p2b: Venusaur|Leech Seed|p1a: Mawile
|-start|p1a: Mawile|move: Leech Seed
|move|p1b: Sinistcha|Strength Sap|p2a: Toxapex
|-unboost|p2a: Toxapex|atk|1
|-heal|p1b: Sinistcha|65/100 tox
|move|p1a: Mawile|Iron Head|p2b: Venusaur
|-damage|p2b: Venusaur|0 fnt
|faint|p2b: Venusaur
|move|p2a: Toxapex|Infestation|p1b: Sinistcha
|-damage|p1b: Sinistcha|62/100 tox
|-activate|p1b: Sinistcha|move: Infestation|[of] p2a: Toxapex
|
|-heal|p2a: Toxapex|95/100|[from] item: Leftovers
|-damage|p1b: Sinistcha|32/100 tox|[from] psn
|-damage|p1b: Sinistcha|19/100 tox|[from] move: Infestation|[partiallytrapped]
|upkeep
|
|t:|1783847333
|switch|p2b: Primarina|Primarina, L50, M|100/100
|turn|7
|
|t:|1783847354
|switch|p1b: Farigiraf|Farigiraf, L50, M|6/100 brn
|move|p2b: Primarina|Protect|p2b: Primarina
|-singleturn|p2b: Primarina|Protect
|move|p1a: Mawile|Play Rough|p2b: Primarina
|-activate|p2b: Primarina|move: Protect
|move|p2a: Toxapex|Toxic|p1a: Mawile
|-immune|p1a: Mawile
|
|-heal|p2a: Toxapex|100/100|[from] item: Leftovers
|-damage|p1a: Mawile|87/100|[from] Leech Seed|[of] p2b: Primarina
|-damage|p1b: Farigiraf|0 fnt|[from] brn
|faint|p1b: Farigiraf
|upkeep
|
|t:|1783847373
|switch|p1b: Staraptor|Staraptor, L50, M|100/100
|-ability|p1b: Staraptor|Intimidate|boost
|-unboost|p2a: Toxapex|atk|1
|-unboost|p2b: Primarina|atk|1
|turn|8
|
|t:|1783847389
|move|p1b: Staraptor|U-turn|p2b: Primarina
|-resisted|p2b: Primarina|1
|-damage|p2b: Primarina|88/100
|
|t:|1783847391
|switch|p1b: Sinistcha|Sinistcha-Masterpiece, L50|19/100 tox|[from] U-turn
|-heal|p1a: Mawile|100/100|[from] ability: Hospitality|[of] p1b: Sinistcha
|move|p2b: Primarina|Hyper Voice|p1a: Mawile|[spread] p1a,p1b
|-resisted|p1b: Sinistcha|1
|-damage|p1a: Mawile|59/100
|-damage|p1b: Sinistcha|2/100 tox
|move|p1a: Mawile|Play Rough|p2b: Primarina
|-crit|p2b: Primarina
|-damage|p2b: Primarina|0 fnt
|faint|p2b: Primarina
|move|p2a: Toxapex|Toxic|p1b: Sinistcha
|-fail|p1b: Sinistcha|tox
|
|-damage|p1b: Sinistcha|0 fnt|[from] psn
|faint|p1b: Sinistcha
|upkeep
|
|t:|1783847393
|switch|p1b: Staraptor|Staraptor, L50, M|100/100
|-ability|p1b: Staraptor|Intimidate|boost
|-unboost|p2a: Toxapex|atk|1
|turn|9
|c|☆pinheadwh|Ggs
|
|t:|1783847417
|move|p1b: Staraptor|Final Gambit|p2a: Toxapex
|-damage|p2a: Toxapex|0 fnt
|faint|p1b: Staraptor
|faint|p2a: Toxapex
|
|win|pinheadwh
|raw|pinheadwh's rating: 1000 → 1047(+47 for winning)
|raw|Broey_jiggs's rating: 1059 → 1037(-22 for losing)
|l|☆Broey_jiggs
|player|p2|
