|j|☆Ameliaaa12
|j|☆itbeasher
|html|Ameliaaa12itbeasher    
|uhtml|bestof|Game 1 of a best-of-3
|t:|1757098066
|gametype|doubles
|player|p1|Ameliaaa12|2|1105
|player|p2|itbeasher|1|1157
|gen|9
|tier|[Gen 9] VGC 2025 Reg H (Bo3)
|rated|
|rule|Species Clause: Limit one of each Pokémon
|rule|Item Clause: Limit 1 of each item
|clearpoke
|poke|p1|Frosmoth, L50, F|
|poke|p1|Volcarona, L50, M|
|poke|p1|Ninetales-Alola, L50, M|
|poke|p1|Garchomp, L50, F|
|poke|p1|Incineroar, L50, M|
|poke|p1|Rillaboom, L50, F|
|poke|p2|Excadrill, L50, M|
|poke|p2|Tyranitar, L50, M|
|poke|p2|Sneasler, L50, M|
|poke|p2|Indeedee, L50, M|
|poke|p2|Corviknight, L50, F|
|poke|p2|Annihilape, L50, F|
|teampreview|4
|showteam|p1|Frosmoth||Leftovers|IceScales|Blizzard,TeraBlast,QuiverDance,Protect|||F|||50|,,,,,Water]Volcarona||RockyHelmet|FlameBody|HeatWave,Protect,RagePowder,StruggleBug|||M|||50|,,,,,Steel]Ninetales-Alola||LightClay|SnowWarning|Blizzard,Moonblast,AuroraVeil,Encore|||M|||50|,,,,,Ghost]Garchomp||ClearAmulet|RoughSkin|StompingTantrum,Protect,RockSlide,BreakingSwipe|||F|||50|,,,,,Fire]Incineroar||SafetyGoggles|Intimidate|Taunt,KnockOff,FakeOut,PartingShot|||M|||50|,,,,,Ghost]Rillaboom||AssaultVest|GrassySurge|FakeOut,WoodHammer,GrassyGlide,Uturn|||F|||50|,,,,,Fire
|showteam|p2|Excadrill||FocusSash|SandRush|IronHead,HighHorsepower,Earthquake,Protect|||M|||50|,,,,,Stellar]Tyranitar||AssaultVest|SandStream|RockSlide,KnockOff,TeraBlast,LowKick|||M|||50|,,,,,Flying]Sneasler||PsychicSeed|Unburden|DireClaw,CloseCombat,ThroatChop,Protect|||M|||50|,,,,,Dark]Indeedee||ChoiceScarf|PsychicSurge|ExpandingForce,TeraBlast,Protect,Trick|||M|||50|,,,,,Psychic]Corviknight||Leftovers|MirrorArmor|BraveBird,BulkUp,Roost,Tailwind|||F|||50|,,,,,Dragon]Annihilape||SafetyGoggles|Defiant|CloseCombat,FinalGambit,RageFist,Taunt|||F|||50|,,,,,Water
|inactive|Battle timer is ON: inactive players will automatically lose when time's up. (requested by itbeasher)
|
|t:|1757098112
|teamsize|p1|4
|teamsize|p2|4
|start
|switch|p1a: Garchomp|Garchomp, L50, F|100/100
|switch|p1b: Volcarona|Volcarona, L50, M|100/100
|switch|p2a: Annihilape|Annihilape, L50, F|100/100
|switch|p2b: Excadrill|Excadrill, L50, M, shiny|100/100
|turn|1
|inactive|itbeasher has 30 seconds left.
|
|t:|1757098145
|switch|p2a: Tyranitar|Tyranitar, L50, M, shiny|100/100
|-weather|Sandstorm|[from] ability: Sand Stream|[of] p2a: Tyranitar
|move|p1a: Garchomp|Protect|p1a: Garchomp
|-singleturn|p1a: Garchomp|Protect
|move|p1b: Volcarona|Protect|p1b: Volcarona
|-singleturn|p1b: Volcarona|Protect
|move|p2b: Excadrill|High Horsepower|p1a: Garchomp
|-activate|p1a: Garchomp|move: Protect
|
|-weather|Sandstorm|[upkeep]
|-damage|p1b: Volcarona|94/100|[from] Sandstorm
|upkeep
|turn|2
|
|t:|1757098165
|switch|p1b: Incineroar|Incineroar, L50, M, shiny|100/100
|-ability|p1b: Incineroar|Intimidate|boost
|-unboost|p2a: Tyranitar|atk|1
|-unboost|p2b: Excadrill|atk|1
|-terastallize|p2a: Tyranitar|Flying
|move|p2b: Excadrill|Earthquake|p1b: Incineroar|[spread] p1a,p1b
|-immune|p2a: Tyranitar
|-supereffective|p1b: Incineroar
|-damage|p1a: Garchomp|69/100
|-damage|p1b: Incineroar|50/100
|move|p1a: Garchomp|Breaking Swipe|p2b: Excadrill|[spread] p2a,p2b
|-resisted|p2b: Excadrill
|-damage|p2a: Tyranitar|81/100
|-damage|p2b: Excadrill|83/100
|-unboost|p2a: Tyranitar|atk|1
|-unboost|p2b: Excadrill|atk|1
|move|p2a: Tyranitar|Tera Blast|p1b: Incineroar|[anim] Tera Blast Flying
|-damage|p1b: Incineroar|25/100
|
|-weather|Sandstorm|[upkeep]
|-damage|p2a: Tyranitar|75/100|[from] Sandstorm
|upkeep
|turn|3
|inactive|Ameliaaa12 has 30 seconds left.
|
|t:|1757098191
|switch|p1b: Rillaboom|Rillaboom, L50, F|100/100
|-fieldstart|move: Grassy Terrain|[from] ability: Grassy Surge|[of] p1b: Rillaboom
|switch|p2a: Indeedee|Indeedee, L50, M, shiny|100/100
|-fieldstart|move: Psychic Terrain|[from] ability: Psychic Surge|[of] p2a: Indeedee
|move|p2b: Excadrill|High Horsepower|p1b: Rillaboom
|-resisted|p1b: Rillaboom
|-damage|p1b: Rillaboom|87/100
|move|p1a: Garchomp|Rock Slide|p2a: Indeedee|[spread] p2a,p2b
|-resisted|p2b: Excadrill
|-damage|p2a: Indeedee|58/100
|-damage|p2b: Excadrill|77/100
|
|-weather|Sandstorm|[upkeep]
|-damage|p2a: Indeedee|52/100|[from] Sandstorm
|-damage|p1b: Rillaboom|82/100|[from] Sandstorm
|upkeep
|turn|4
|inactive|Ameliaaa12 has 30 seconds left.
|
|t:|1757098216
|move|p1a: Garchomp|Protect|p1a: Garchomp
|-singleturn|p1a: Garchomp|Protect
|move|p2b: Excadrill|High Horsepower|p1b: Rillaboom
|-resisted|p1b: Rillaboom
|-damage|p1b: Rillaboom|69/100
|move|p2a: Indeedee|Expanding Force|p1b: Rillaboom|[spread] p1b
|-activate|p1a: Garchomp|move: Protect
|-damage|p1b: Rillaboom|33/100
|move|p1b: Rillaboom|U-turn|p2a: Indeedee
|-supereffective|p2a: Indeedee
|-damage|p2a: Indeedee|0 fnt
|faint|p2a: Indeedee
|
|t:|1757098229
|switch|p1b: Volcarona|Volcarona, L50, M|94/100|[from] U-turn
|
|-weather|Sandstorm|[upkeep]
|-damage|p1b: Volcarona|88/100|[from] Sandstorm
|upkeep
|
|t:|1757098235
|switch|p2a: Tyranitar|Tyranitar, L50, M, shiny, tera:Flying|75/100
|turn|5
|
|t:|1757098245
|switch|p2b: Annihilape|Annihilape, L50, F|100/100
|switch|p1b: Incineroar|Incineroar, L50, M, shiny|25/100
|-ability|p1b: Incineroar|Intimidate|boost
|-unboost|p2a: Tyranitar|atk|1
|-unboost|p2b: Annihilape|atk|1
|-ability|p2b: Annihilape|Defiant|boost
|-boost|p2b: Annihilape|atk|2
|move|p1a: Garchomp|Breaking Swipe|p2a: Tyranitar|[spread] p2a,p2b
|-damage|p2a: Tyranitar|58/100
|-damage|p2b: Annihilape|72/100
|-unboost|p2a: Tyranitar|atk|1
|-unboost|p2b: Annihilape|atk|1
|-ability|p2b: Annihilape|Defiant|boost
|-boost|p2b: Annihilape|atk|2
|move|p2a: Tyranitar|Rock Slide|p1b: Incineroar|[spread] p1a,p1b
|-resisted|p1a: Garchomp
|-supereffective|p1b: Incineroar
|-damage|p1a: Garchomp|61/100
|-damage|p1b: Incineroar|0 fnt
|faint|p1b: Incineroar
|
|-weather|none
|upkeep
|
|t:|1757098253
|switch|p1b: Volcarona|Volcarona, L50, M|88/100
|turn|6
|
|t:|1757098276
|switch|p2a: Excadrill|Excadrill, L50, M, shiny|77/100
|move|p1a: Garchomp|Protect|p1a: Garchomp
|-singleturn|p1a: Garchomp|Protect
|move|p1b: Volcarona|Protect|p1b: Volcarona
|-singleturn|p1b: Volcarona|Protect
|move|p2b: Annihilape|Rage Fist|p1b: Volcarona
|-activate|p1b: Volcarona|move: Protect
|
|upkeep
|turn|7
|
|t:|1757098296
|move|p2a: Excadrill|Protect|p2a: Excadrill
|-singleturn|p2a: Excadrill|Protect
|move|p1a: Garchomp|Rock Slide|p2b: Annihilape|[spread] p2b
|-activate|p2a: Excadrill|move: Protect
|-resisted|p2b: Annihilape
|-damage|p2b: Annihilape|61/100
|move|p2b: Annihilape|Rage Fist|p1a: Garchomp
|-damage|p1a: Garchomp|0 fnt
|-damage|p2b: Annihilape|49/100|[from] ability: Rough Skin|[of] p1a: Garchomp
|faint|p1a: Garchomp
|move|p1b: Volcarona|Heat Wave|p2b: Annihilape|[spread] p2b
|-activate|p2a: Excadrill|move: Protect
|-damage|p2b: Annihilape|16/100
|
|-fieldend|move: Psychic Terrain
|upkeep
|
|t:|1757098312
|switch|p1a: Rillaboom|Rillaboom, L50, F|33/100
|-fieldstart|move: Grassy Terrain|[from] ability: Grassy Surge|[of] p1a: Rillaboom
|turn|8
|
|t:|1757098336
|switch|p2a: Tyranitar|Tyranitar, L50, M, shiny, tera:Flying|58/100
|-weather|Sandstorm|[from] ability: Sand Stream|[of] p2a: Tyranitar
|-terastallize|p1b: Volcarona|Steel
|move|p1a: Rillaboom|Grassy Glide|p2b: Annihilape
|-damage|p2b: Annihilape|0 fnt
|faint|p2b: Annihilape
|move|p1b: Volcarona|Heat Wave|p2a: Tyranitar
|-damage|p2a: Tyranitar|33/100
|
|-weather|Sandstorm|[upkeep]
|-damage|p1a: Rillaboom|27/100|[from] Sandstorm
|-damage|p2a: Tyranitar|28/100|[from] Sandstorm
|-heal|p1b: Volcarona|94/100|[from] Grassy Terrain
|-heal|p1a: Rillaboom|33/100|[from] Grassy Terrain
|upkeep
|
|t:|1757098344
|switch|p2b: Excadrill|Excadrill, L50, M, shiny|77/100
|turn|9
|
|t:|1757098364
|move|p1b: Volcarona|Protect|p1b: Volcarona
|-singleturn|p1b: Volcarona|Protect
|move|p1a: Rillaboom|Grassy Glide|p2a: Tyranitar
|-resisted|p2a: Tyranitar
|-damage|p2a: Tyranitar|12/100
|move|p2b: Excadrill|Iron Head|p1a: Rillaboom
|-damage|p1a: Rillaboom|0 fnt
|faint|p1a: Rillaboom
|move|p2a: Tyranitar|Tera Blast|p1b: Volcarona|[anim] Tera Blast Flying
|-activate|p1b: Volcarona|move: Protect
|
|-weather|Sandstorm|[upkeep]
|-damage|p2a: Tyranitar|6/100|[from] Sandstorm
|-heal|p2b: Excadrill|83/100|[from] Grassy Terrain
|-heal|p1b: Volcarona|100/100|[from] Grassy Terrain
|upkeep
|turn|10
|
|t:|1757098383
|move|p2b: Excadrill|Earthquake|p1b: Volcarona|[spread] p1b
|-immune|p2a: Tyranitar
|-supereffective|p1b: Volcarona
|-damage|p1b: Volcarona|60/100
|move|p1b: Volcarona|Heat Wave|p2a: Tyranitar|[spread] p2a,p2b
|-crit|p2a: Tyranitar
|-supereffective|p2b: Excadrill
|-damage|p2a: Tyranitar|0 fnt
|-damage|p2b: Excadrill|0 fnt
|faint|p2a: Tyranitar
|faint|p2b: Excadrill
|
|win|Ameliaaa12
||itbeasher is ready for game 2.
|inactive|Ameliaaa12 has 30 seconds to confirm battle start!
