|j|☆swooshcel
|j|☆DaGondy
|html|swooshcelDaGondy    
|uhtml|bestof|Game 2 of a best-of-3
|t:|1785206770
|gametype|doubles
|player|p1|swooshcel|2|
|player|p2|DaGondy|mars|
|gen|9
|tier|[Gen 9 Champions] VGC 2026 Reg M-B (Bo3)
|rule|Species Clause: Limit one of each Pokémon
|rule|Item Clause: Limit 1 of each item
|clearpoke
|poke|p1|Sinistcha-Masterpiece, L50|
|poke|p1|Basculegion, L50, M|
|poke|p1|Corviknight, L50, M|
|poke|p1|Glimmora, L50, F|
|poke|p1|Aurorus, L50, F|
|poke|p1|Froslass, L50, F|
|poke|p2|Pelipper, L50, M|
|poke|p2|Basculegion-F, L50, F|
|poke|p2|Sylveon, L50, F|
|poke|p2|Chandelure, L50, M|
|poke|p2|Conkeldurr, L50, F|
|poke|p2|Whimsicott, L50, F|
|teampreview|4
|showteam|p1|Sinistcha-Masterpiece||SitrusBerry|Hospitality|MatchaGotcha,TrickRoom,ShadowBall,RagePowder|Timid|||||50|]Basculegion||ChoiceScarf|Adaptability|IceFang,WaveCrash,LastRespects,FlipTurn|Jolly||M|||50|]Corviknight||FocusSash|Pressure|BraveBird,BodyPress,Tailwind,IronDefense|Impish||M|||50|]Glimmora||Glimmoranite|ToxicDebris|PowerGem,Protect,SludgeWave,MudShot|Modest||F|||50|]Aurorus||LightClay|SnowWarning|AuroraVeil,Blizzard,FlashCannon,Encore|Bold||F|||50|]Froslass||Froslassite|SnowCloak|Blizzard,Protect,NastyPlot,ShadowBall|Modest||F|||50|
|showteam|p2|Pelipper||WacanBerry|Drizzle|Tailwind,Hurricane,HydroPump,Protect|Bold||M|||50|]Basculegion-F||FocusSash|SwiftSwim|AquaJet,FlipTurn,LastRespects,Protect|Adamant||F|||50|]Sylveon||FairyFeather|Pixilate|AlluringVoice,HyperVoice,Wish,Moonblast|Modest||F|||50|]Chandelure||ColburBerry|Infiltrator|WillOWisp,CalmMind,Poltergeist,TrickRoom|Sassy||M|||50|]Conkeldurr||LifeOrb|Guts|Facade,Protect,MachPunch,BrickBreak|Adamant||F|||50|]Whimsicott||Leftovers|Prankster|Tailwind,Moonblast,Uturn,Encore|Bold||F|||50|
|
|t:|1785206808
|teamsize|p1|4
|teamsize|p2|4
|start
|switch|p1a: aurora veil slave|Aurorus, L50, F|100/100
|switch|p1b: jarona|Sinistcha-Masterpiece, L50|100/100
|switch|p2a: Whimsicott|Whimsicott, L50, F|100/100
|switch|p2b: Sylveon|Sylveon, L50, F|100/100
|-weather|Snowscape|[from] ability: Snow Warning|[of] p1a: aurora veil slave
|turn|1
|
|t:|1785206926
|move|p2a: Whimsicott|Moonblast|p1b: jarona
|-damage|p1b: jarona|67/100
|move|p1b: jarona|Matcha Gotcha|p2a: Whimsicott|[spread] p2a
|-miss|p1b: jarona|p2b: Sylveon
|-resisted|p2a: Whimsicott|1
|-crit|p2a: Whimsicott
|-damage|p2a: Whimsicott|70/100
|-heal|p1b: jarona|81/100|[from] drain|[of] p2a: Whimsicott
|move|p2b: Sylveon|Hyper Voice|p1a: aurora veil slave|[spread] p1a,p1b
|-damage|p1a: aurora veil slave|64/100
|-damage|p1b: jarona|21/100
|-enditem|p1b: jarona|Sitrus Berry|[eat]
|-heal|p1b: jarona|46/100|[from] item: Sitrus Berry
|move|p1a: aurora veil slave|Aurora Veil|p1a: aurora veil slave
|-sidestart|p1: swooshcel|move: Aurora Veil
|
|-weather|Snowscape|[upkeep]
|-heal|p2a: Whimsicott|76/100|[from] item: Leftovers
|upkeep
|turn|2
|
|t:|1785206952
|switch|p1b: rime shank|Froslass, L50, F|100/100
|move|p2a: Whimsicott|Tailwind|p2a: Whimsicott
|-sidestart|p2: DaGondy|move: Tailwind
|move|p2b: Sylveon|Hyper Voice|p1a: aurora veil slave|[spread] p1a,p1b
|-damage|p1a: aurora veil slave|40/100
|-damage|p1b: rime shank|47/100
|move|p1a: aurora veil slave|Blizzard|p2b: Sylveon|[spread] p2a,p2b
|-supereffective|p2a: Whimsicott|1
|-damage|p2a: Whimsicott|1/100
|-damage|p2b: Sylveon|80/100
|-status|p2b: Sylveon|frz
|
|-weather|Snowscape|[upkeep]
|-heal|p2a: Whimsicott|6/100|[from] item: Leftovers
|upkeep
|turn|3
|
|t:|1785206973
|detailschange|p1b: rime shank|Froslass-Mega, L50, F
|-mega|p1b: rime shank|Froslass|Froslassite
|move|p2a: Whimsicott|U-turn|p1a: aurora veil slave
|-damage|p1a: aurora veil slave|36/100
|
|t:|1785206980
|switch|p2a: Pelipper|Pelipper, L50, M|100/100|[from] U-turn
|-weather|RainDance|[from] ability: Drizzle|[of] p2a: Pelipper
|move|p1b: rime shank|Blizzard|p2b: Sylveon|[spread] 
|-miss|p1b: rime shank|p2a: Pelipper
|-miss|p1b: rime shank|p2b: Sylveon
|cant|p2b: Sylveon|frz
|move|p1a: aurora veil slave|Blizzard|p2b: Sylveon|[spread] p2a,p2b
|-damage|p2a: Pelipper|59/100
|-damage|p2b: Sylveon|60/100 frz
|
|-weather|RainDance|[upkeep]
|upkeep
|turn|4
|
|t:|1785207031
|switch|p1b: jarona|Sinistcha-Masterpiece, L50|46/100
|-heal|p1a: aurora veil slave|61/100|[from] ability: Hospitality|[of] p1b: jarona
|move|p2a: Pelipper|Hydro Pump|p1a: aurora veil slave
|-supereffective|p1a: aurora veil slave|1
|-damage|p1a: aurora veil slave|5/100
|cant|p2b: Sylveon|frz
|move|p1a: aurora veil slave|Flash Cannon|p2b: Sylveon
|-supereffective|p2b: Sylveon|1
|-damage|p2b: Sylveon|36/100 frz
|
|-weather|RainDance|[upkeep]
|upkeep
|turn|5
|
|t:|1785207046
|move|p2a: Pelipper|Hurricane|p1b: jarona
|-supereffective|p1b: jarona|1
|-damage|p1b: jarona|0 fnt
|faint|p1b: jarona
|-curestatus|p2b: Sylveon|frz|[msg]
|move|p2b: Sylveon|Hyper Voice|p1a: aurora veil slave
|-damage|p1a: aurora veil slave|0 fnt
|faint|p1a: aurora veil slave
|
|-weather|RainDance|[upkeep]
|-sideend|p2: DaGondy|move: Tailwind
|upkeep
|
|t:|1785207056
|switch|p1b: train neck|Glimmora, L50, F|100/100
|switch|p1a: rime shank|Froslass-Mega, L50, F|47/100
|-weather|Snowscape|[from] ability: Snow Warning|[of] p1a: rime shank
|turn|6
|
|t:|1785207073
|switch|p2a: Whimsicott|Whimsicott, L50, F|6/100
|move|p1a: rime shank|Protect|p1a: rime shank
|-singleturn|p1a: rime shank|Protect
|move|p1b: train neck|Sludge Wave|p2a: Whimsicott|[spread] p2a,p2b
|-activate|p1a: rime shank|move: Protect
|-supereffective|p2a: Whimsicott|2
|-supereffective|p2b: Sylveon|1
|-damage|p2a: Whimsicott|0 fnt
|-damage|p2b: Sylveon|0 fnt
|faint|p2a: Whimsicott
|faint|p2b: Sylveon
|
|-weather|Snowscape|[upkeep]
|upkeep
|
|t:|1785207084
|switch|p2a: Basculegion|Basculegion-F, L50, F|100/100
|switch|p2b: Pelipper|Pelipper, L50, M|59/100
|-weather|RainDance|[from] ability: Drizzle|[of] p2b: Pelipper
|turn|7
|
|t:|1785207103
|move|p2a: Basculegion|Aqua Jet|p1b: train neck
|-supereffective|p1b: train neck|1
|-crit|p1b: train neck
|-damage|p1b: train neck|13/100
|-activate|p1b: train neck|ability: Toxic Debris
|-sidestart|p2: DaGondy|move: Toxic Spikes
|move|p1a: rime shank|Shadow Ball|p2a: Basculegion
|-supereffective|p2a: Basculegion|1
|-enditem|p2a: Basculegion|Focus Sash
|-damage|p2a: Basculegion|1/100
|move|p1b: train neck|Power Gem|p2a: Basculegion
|-damage|p2a: Basculegion|0 fnt
|faint|p2a: Basculegion
|move|p2b: Pelipper|Hurricane|p1a: rime shank
|-damage|p1a: rime shank|17/100
|
|-weather|RainDance|[upkeep]
|upkeep
|turn|8
|
|t:|1785207121
|move|p1a: rime shank|Shadow Ball|p2b: Pelipper
|-damage|p2b: Pelipper|0 fnt
|faint|p2b: Pelipper
|
|win|swooshcel
