|j|☆washingtongargacha
|j|☆TJMVI
|html|washingtongargachaTJMVI    
|uhtml|bestof|Game 2 of a best-of-3
|t:|1757092376
|gametype|doubles
|player|p1|washingtongargacha|2|1152
|player|p2|TJMVI|lance|1171
|gen|9
|tier|[Gen 9] VGC 2025 Reg H (Bo3)
|rated|
|rule|Species Clause: Limit one of each Pokémon
|rule|Item Clause: Limit 1 of each item
|clearpoke
|poke|p1|Talonflame, L50, M|
|poke|p1|Gholdengo, L50|
|poke|p1|Dragonite, L50, M|
|poke|p1|Archaludon, L50, M|
|poke|p1|Tyranitar, L50, M|
|poke|p1|Garchomp, L50, F|
|poke|p2|Tyranitar, L50, M|
|poke|p2|Garchomp, L50, M|
|poke|p2|Incineroar, L50, M|
|poke|p2|Sneasler, L50, F|
|poke|p2|Corviknight, L50, M|
|poke|p2|Gastrodon, L50, M|
|teampreview|4
|showteam|p1|Talonflame||CovertCloak|GaleWings|Tailwind,DualWingbeat,Taunt,FlareBlitz|||M|||50|,,,,,Ghost]Gholdengo||ChoiceSpecs|GoodasGold|MakeItRain,SteelBeam,ShadowBall,PowerGem||||||50|,,,,,Steel]Dragonite||LoadedDice|Multiscale|ScaleShot,IceSpinner,Haze,Protect|||M|||50|,,,,,Steel]Archaludon||PowerHerb|Sturdy|FlashCannon,ElectroShot,DracoMeteor,Protect|||M|||50|,,,,,Flying]Tyranitar||AssaultVest|SandStream|KnockOff,RockSlide,TeraBlast,LowKick|||M|||50|,,,,,Flying]Garchomp||LifeOrb|RoughSkin|DragonClaw,StompingTantrum,Earthquake,Protect|||F|||50|,,,,,Steel
|showteam|p2|Tyranitar||AssaultVest|SandStream|RockSlide,KnockOff,BrickBreak,TeraBlast|||M|||50|,,,,,Flying]Garchomp||ClearAmulet|SandVeil|RockSlide,DragonClaw,Earthquake,Protect|||M|||50|,,,,,Rock]Incineroar||SafetyGoggles|Intimidate|FlareBlitz,KnockOff,FakeOut,PartingShot|||M|||50|,,,,,Bug]Sneasler||WhiteHerb|Unburden|DireClaw,CloseCombat,FakeOut,Protect|||F|||50|,,,,,Stellar]Corviknight||SitrusBerry|MirrorArmor|BodyPress,BraveBird,Tailwind,BulkUp|||M|||50|,,,,,Ground]Gastrodon||Leftovers|StormDrain|MuddyWater,EarthPower,Recover,Protect|||M|||50|,,,,,Water
|inactive|Battle timer is ON: inactive players will automatically lose when time's up. (requested by TJMVI)
|inactive|washingtongargacha has 60 seconds left.
|
|t:|1757092416
|teamsize|p1|4
|teamsize|p2|4
|start
|switch|p1a: Talonflame|Talonflame, L50, M|100/100
|switch|p1b: Gholdengo|Gholdengo, L50|100/100
|switch|p2a: Incineroar|Incineroar, L50, M, shiny|100/100
|switch|p2b: Corviknight|Corviknight, L50, M, shiny|100/100
|-ability|p2a: Incineroar|Intimidate|boost
|-unboost|p1a: Talonflame|atk|1
|-unboost|p1b: Gholdengo|atk|1
|turn|1
|inactive|TJMVI has 30 seconds left.
|
|t:|1757092449
|switch|p1b: Garchomp|Garchomp, L50, F|100/100
|move|p1a: Talonflame|Flare Blitz|p2b: Corviknight
|-supereffective|p2b: Corviknight
|-damage|p2b: Corviknight|61/100
|-damage|p1a: Talonflame|88/100|[from] Recoil
|move|p2b: Corviknight|Tailwind|p2b: Corviknight
|-sidestart|p2: TJMVI|move: Tailwind
|move|p2a: Incineroar|Knock Off|p1a: Talonflame
|-damage|p1a: Talonflame|38/100
|-enditem|p1a: Talonflame|Covert Cloak|[from] move: Knock Off|[of] p2a: Incineroar
|
|upkeep
|turn|2
|
|t:|1757092473
|move|p1a: Talonflame|Tailwind|p1a: Talonflame
|-sidestart|p1: washingtongargacha|move: Tailwind
|move|p1b: Garchomp|Earthquake|p2b: Corviknight|[spread] p2a
|-immune|p1a: Talonflame
|-immune|p2b: Corviknight
|-supereffective|p2a: Incineroar
|-damage|p2a: Incineroar|7/100
|-damage|p1b: Garchomp|91/100|[from] item: Life Orb
|move|p2b: Corviknight|Bulk Up|p2b: Corviknight
|-boost|p2b: Corviknight|atk|1
|-boost|p2b: Corviknight|def|1
|move|p2a: Incineroar|Parting Shot|p1b: Garchomp
|-unboost|p1b: Garchomp|atk|1
|-unboost|p1b: Garchomp|spa|1
|
|t:|1757092487
|switch|p2a: Tyranitar|Tyranitar, L50, M|100/100|[from] Parting Shot
|-weather|Sandstorm|[from] ability: Sand Stream|[of] p2a: Tyranitar
|
|-weather|Sandstorm|[upkeep]
|-damage|p1a: Talonflame|32/100|[from] Sandstorm
|upkeep
|turn|3
|
|t:|1757092503
|switch|p1a: Dragonite|Dragonite, L50, M|100/100
|switch|p2a: Incineroar|Incineroar, L50, M, shiny|7/100
|-ability|p2a: Incineroar|Intimidate|boost
|-unboost|p1a: Dragonite|atk|1
|-unboost|p1b: Garchomp|atk|1
|move|p1b: Garchomp|Protect|p1b: Garchomp
|-singleturn|p1b: Garchomp|Protect
|move|p2b: Corviknight|Bulk Up|p2b: Corviknight
|-boost|p2b: Corviknight|atk|1
|-boost|p2b: Corviknight|def|1
|
|-weather|Sandstorm|[upkeep]
|-damage|p1a: Dragonite|95/100|[from] Sandstorm
|upkeep
|turn|4
|
|t:|1757092526
|switch|p1b: Talonflame|Talonflame, L50, M|32/100
|move|p2a: Incineroar|Fake Out|p1a: Dragonite
|-damage|p1a: Dragonite|82/100
|cant|p1a: Dragonite|flinch
|move|p2b: Corviknight|Bulk Up|p2b: Corviknight
|-boost|p2b: Corviknight|atk|1
|-boost|p2b: Corviknight|def|1
|
|-weather|Sandstorm|[upkeep]
|-damage|p1b: Talonflame|26/100|[from] Sandstorm
|-damage|p1a: Dragonite|76/100|[from] Sandstorm
|-sideend|p2: TJMVI|move: Tailwind
|upkeep
|turn|5
|
|t:|1757092541
|move|p1b: Talonflame|Flare Blitz|p2b: Corviknight
|-supereffective|p2b: Corviknight
|-damage|p2b: Corviknight|40/100
|-enditem|p2b: Corviknight|Sitrus Berry|[eat]
|-heal|p2b: Corviknight|64/100|[from] item: Sitrus Berry
|-damage|p1b: Talonflame|18/100|[from] Recoil
|move|p1a: Dragonite|Haze|p1a: Dragonite
|-clearallboost
|move|p2b: Corviknight|Tailwind|p2b: Corviknight
|-sidestart|p2: TJMVI|move: Tailwind
|move|p2a: Incineroar|Knock Off|p1a: Dragonite
|-damage|p1a: Dragonite|36/100
|-enditem|p1a: Dragonite|Loaded Dice|[from] move: Knock Off|[of] p2a: Incineroar
|
|-weather|Sandstorm|[upkeep]
|-damage|p1b: Talonflame|12/100|[from] Sandstorm
|-damage|p1a: Dragonite|30/100|[from] Sandstorm
|-sideend|p1: washingtongargacha|move: Tailwind
|upkeep
|turn|6
|inactive|TJMVI has 30 seconds left.
|
|t:|1757092572
|switch|p2a: Tyranitar|Tyranitar, L50, M|100/100
|move|p1b: Talonflame|Tailwind|p1b: Talonflame
|-sidestart|p1: washingtongargacha|move: Tailwind
|move|p1a: Dragonite|Scale Shot|p2a: Tyranitar
|-damage|p2a: Tyranitar|85/100
|-damage|p2a: Tyranitar|71/100
|-hitcount|p2a: Tyranitar|2
|-unboost|p1a: Dragonite|def|1
|-boost|p1a: Dragonite|spe|1
|move|p2b: Corviknight|Bulk Up|p2b: Corviknight
|-boost|p2b: Corviknight|atk|1
|-boost|p2b: Corviknight|def|1
|
|-weather|none
|upkeep
|turn|7
|
|t:|1757092590
|switch|p2a: Incineroar|Incineroar, L50, M, shiny|7/100
|-ability|p2a: Incineroar|Intimidate|boost
|-unboost|p1a: Dragonite|atk|1
|-unboost|p1b: Talonflame|atk|1
|move|p1a: Dragonite|Haze|p1a: Dragonite
|-clearallboost
|move|p1b: Talonflame|Flare Blitz|p2b: Corviknight
|-supereffective|p2b: Corviknight
|-damage|p2b: Corviknight|13/100
|-damage|p1b: Talonflame|0 fnt|[from] Recoil
|faint|p1b: Talonflame
|move|p2b: Corviknight|Bulk Up|p2b: Corviknight
|-boost|p2b: Corviknight|atk|1
|-boost|p2b: Corviknight|def|1
|
|upkeep
|
|t:|1757092604
|switch|p1b: Gholdengo|Gholdengo, L50|100/100
|turn|8
|
|t:|1757092623
|move|p1a: Dragonite|Protect|p1a: Dragonite
|-singleturn|p1a: Dragonite|Protect
|move|p2a: Incineroar|Fake Out|p1a: Dragonite
|-activate|p1a: Dragonite|move: Protect
|move|p1b: Gholdengo|Make It Rain|p2b: Corviknight|[spread] p2a,p2b
|-resisted|p2a: Incineroar
|-resisted|p2b: Corviknight
|-damage|p2a: Incineroar|0 fnt
|-damage|p2b: Corviknight|0 fnt
|-unboost|p1b: Gholdengo|spa|1
|faint|p2a: Incineroar
|faint|p2b: Corviknight
|
|-sideend|p2: TJMVI|move: Tailwind
|upkeep
|
|t:|1757092627
|switch|p2b: Tyranitar|Tyranitar, L50, M|71/100
|switch|p2a: Garchomp|Garchomp, L50, M|100/100
|-weather|Sandstorm|[from] ability: Sand Stream|[of] p2b: Tyranitar
|turn|9
|inactive|washingtongargacha has 30 seconds left.
|inactive|washingtongargacha has 20 seconds left.
|inactive|washingtongargacha has 15 seconds left.
|
|t:|1757092670
|move|p2a: Garchomp|Protect|p2a: Garchomp
|-singleturn|p2a: Garchomp|Protect
|move|p1b: Gholdengo|Make It Rain|p2a: Garchomp|[spread] p2b
|-activate|p2a: Garchomp|move: Protect
|-supereffective|p2b: Tyranitar
|-damage|p2b: Tyranitar|27/100
|-unboost|p1b: Gholdengo|spa|1
|move|p1a: Dragonite|Ice Spinner|p2a: Garchomp
|-activate|p2a: Garchomp|move: Protect
|move|p2b: Tyranitar|Knock Off|p1b: Gholdengo
|-supereffective|p1b: Gholdengo
|-damage|p1b: Gholdengo|0 fnt
|-enditem|p1b: Gholdengo|Choice Specs|[from] move: Knock Off|[of] p2b: Tyranitar
|faint|p1b: Gholdengo
|
|-weather|Sandstorm|[upkeep]
|-damage|p1a: Dragonite|24/100|[from] Sandstorm
|-sideend|p1: washingtongargacha|move: Tailwind
|upkeep
|
|t:|1757092687
|switch|p1b: Garchomp|Garchomp, L50, F|91/100
|turn|10
|inactive|washingtongargacha has 30 seconds left.
|inactive|washingtongargacha has 20 seconds left.
|inactive|washingtongargacha has 15 seconds left.
|
|t:|1757092729
|-terastallize|p1b: Garchomp|Steel
|move|p1b: Garchomp|Dragon Claw|p2a: Garchomp|[miss]
|-miss|p1b: Garchomp|p2a: Garchomp
|move|p2a: Garchomp|Rock Slide|p1b: Garchomp|[spread] p1a
|-miss|p2a: Garchomp|p1b: Garchomp
|-supereffective|p1a: Dragonite
|-damage|p1a: Dragonite|0 fnt
|faint|p1a: Dragonite
|move|p2b: Tyranitar|Knock Off|p1b: Garchomp
|-damage|p1b: Garchomp|41/100
|-damage|p2b: Tyranitar|14/100|[from] ability: Rough Skin|[of] p1b: Garchomp
|-enditem|p1b: Garchomp|Life Orb|[from] move: Knock Off|[of] p2b: Tyranitar
|
|-weather|Sandstorm|[upkeep]
|upkeep
|turn|11
|
|t:|1757092751
|-terastallize|p2b: Tyranitar|Flying
|move|p1b: Garchomp|Earthquake|p2b: Tyranitar|[spread] p2a
|-immune|p2b: Tyranitar
|-damage|p2a: Garchomp|58/100
|move|p2a: Garchomp|Earthquake|p1b: Garchomp|[spread] p1b
|-immune|p2b: Tyranitar
|-supereffective|p1b: Garchomp
|-damage|p1b: Garchomp|0 fnt
|faint|p1b: Garchomp
|
|win|TJMVI
|raw|washingtongargacha's rating: 1152 → 1128(-24 for losing)
|raw|TJMVI's rating: 1171 → 1195(+24 for winning)
