|j|☆wenzheng1811
|j|☆HeyEllie
|html|wenzheng1811HeyEllie    
|uhtml|bestof|Game 1 of a best-of-3
|t:|1784533356
|gametype|doubles
|player|p1|wenzheng1811|265|1029
|player|p2|HeyEllie|diantha|1074
|gen|9
|tier|[Gen 9 Champions] VGC 2026 Reg M-B (Bo3)
|rated|
|rule|Species Clause: Limit one of each Pokémon
|rule|Item Clause: Limit 1 of each item
|clearpoke
|poke|p1|Bellibolt, L50, F|
|poke|p1|Farigiraf, L50, F|
|poke|p1|Swampert, L50, M|
|poke|p1|Pelipper, L50, F|
|poke|p1|Metagross, L50|
|poke|p1|Basculegion, L50, M|
|poke|p2|Talonflame, L50, F|
|poke|p2|Garchomp, L50, F|
|poke|p2|Basculegion, L50, M|
|poke|p2|Annihilape, L50, F|
|poke|p2|Maushold, L50|
|poke|p2|Floette-Eternal, L50, F|
|teampreview|4
|showteam|p1|Bellibolt||Leftovers|Electromorphosis|ParabolicCharge,Soak,AcidSpray,SlackOff|Relaxed||F|||50|]Farigiraf||WhiteHerb|ArmorTail|Psychic,TrickRoom,HelpingHand,AllySwitch|Relaxed||F|||50|]Swampert||Swampertite|Torrent|Liquidation,IcePunch,Protect,Earthquake|Adamant||M|||50|]Pelipper||FocusSash|Drizzle|Hurricane,Tailwind,WideGuard,WeatherBall|Modest||F|||50|]Metagross||Metagrossite|ClearBody|BulletPunch,IronHead,PsychicFangs,Protect|Adamant|||||50|]Basculegion||MysticWater|SwiftSwim|LastRespects,AquaJet,Protect,WaveCrash|Adamant||M|||50|
|showteam|p2|Talonflame||SharpBeak|GaleWings|DualWingbeat,Tailwind,Protect,WillOWisp|Jolly||F|||50|]Garchomp||LifeOrb|RoughSkin|Earthquake,RockSlide,DragonClaw,Protect|Jolly||F|||50|]Basculegion||MysticWater|Adaptability|WaveCrash,LastRespects,AquaJet,Protect|Jolly||M|||50|]Annihilape||SitrusBerry|Defiant|RageFist,DrainPunch,Protect,BulkUp|Adamant||F|||50|]Maushold||FocusSash|FriendGuard|BeatUp,FollowMe,Protect,Taunt|Jolly|||||50|]Floette-Eternal||Floettite|FlowerVeil|LightofRuin,Moonblast,DazzlingGleam,Protect|Modest||F|||50|
|inactive|Battle timer is ON: inactive players will automatically lose when time's up. (requested by HeyEllie)
|inactive|HeyEllie has 60 seconds left.
|
|t:|1784533391
|teamsize|p1|4
|teamsize|p2|4
|start
|switch|p1a: Basculegion|Basculegion, L50, M|100/100
|switch|p1b: Pelipper|Pelipper, L50, F|100/100
|switch|p2a: Maushold|Maushold, L50|100/100
|switch|p2b: Annihilape|Annihilape, L50, F|100/100
|-weather|RainDance|[from] ability: Drizzle|[of] p1b: Pelipper
|turn|1
|inactive|wenzheng1811 has 30 seconds left.
|
|t:|1784533419
|move|p1a: Basculegion|Wave Crash|p2a: Maushold
|-enditem|p2a: Maushold|Focus Sash
|-damage|p2a: Maushold|1/100
|-damage|p1a: Basculegion|70/100|[from] Recoil
|move|p2a: Maushold|Taunt|p1b: Pelipper
|-start|p1b: Pelipper|move: Taunt
|cant|p1b: Pelipper|move: Taunt|Tailwind
|move|p2b: Annihilape|Rage Fist|p1a: Basculegion
|-supereffective|p1a: Basculegion|1
|-damage|p1a: Basculegion|11/100
|
|-weather|RainDance|[upkeep]
|upkeep
|turn|2
|inactive|HeyEllie has 30 seconds left.
|
|t:|1784533448
|move|p2a: Maushold|Protect|p2a: Maushold
|-singleturn|p2a: Maushold|Protect
|move|p1a: Basculegion|Last Respects|p2b: Annihilape
|-supereffective|p2b: Annihilape|1
|-damage|p2b: Annihilape|62/100
|move|p1b: Pelipper|Hurricane|p2b: Annihilape
|-supereffective|p2b: Annihilape|1
|-damage|p2b: Annihilape|22/100
|-enditem|p2b: Annihilape|Sitrus Berry|[eat]
|-heal|p2b: Annihilape|47/100|[from] item: Sitrus Berry
|move|p2b: Annihilape|Rage Fist|p1b: Pelipper
|-damage|p1b: Pelipper|20/100y
|
|-weather|RainDance|[upkeep]
|upkeep
|turn|3
|inactive|wenzheng1811 has 30 seconds left.
|inactive|wenzheng1811 has 20 seconds left.
|inactive|wenzheng1811 has 15 seconds left.
|
|t:|1784533490
|switch|p1b: Metagross|Metagross, L50|100/100
|move|p2b: Annihilape|Protect|p2b: Annihilape
|-singleturn|p2b: Annihilape|Protect
|move|p1a: Basculegion|Last Respects|p2b: Annihilape
|-activate|p2b: Annihilape|move: Protect
|move|p2a: Maushold|Beat Up|p1a: Basculegion
|-supereffective|p1a: Basculegion|1
|-damage|p1a: Basculegion|4/100
|-supereffective|p1a: Basculegion|1
|-damage|p1a: Basculegion|0 fnt
|faint|p1a: Basculegion
|-hitcount|p1: Basculegion|2
|
|-weather|RainDance|[upkeep]
|upkeep
|
|t:|1784533503
|switch|p1a: Pelipper|Pelipper, L50, F|20/100y
|turn|4
|
|t:|1784533511
|move|p2a: Maushold|Follow Me|p2a: Maushold
|-singleturn|p2a: Maushold|move: Follow Me
|move|p1b: Metagross|Bullet Punch|p2a: Maushold
|-damage|p2a: Maushold|0 fnt
|faint|p2a: Maushold
|move|p1a: Pelipper|Hurricane|p2b: Annihilape
|-supereffective|p2b: Annihilape|1
|-damage|p2b: Annihilape|0 fnt
|faint|p2b: Annihilape
|
|-weather|RainDance|[upkeep]
|upkeep
|
|t:|1784533514
|switch|p2a: Basculegion|Basculegion, L50, M|100/100
|switch|p2b: Talonflame|Talonflame, L50, F|100/100
|turn|5
|inactive|wenzheng1811 has 30 seconds left.
|
|t:|1784533540
|switch|p1b: Swampert|Swampert, L50, M|100/100
|move|p2b: Talonflame|Will-O-Wisp|p1b: Swampert
|-status|p1b: Swampert|brn
|move|p2a: Basculegion|Last Respects|p1a: Pelipper
|-damage|p1a: Pelipper|0 fnt
|faint|p1a: Pelipper
|
|-weather|none
|-damage|p1b: Swampert|94/100 brn|[from] brn
|upkeep
|
|t:|1784533551
|switch|p1a: Metagross|Metagross, L50|100/100
|turn|6
|
|t:|1784533564
|move|p2b: Talonflame|Tailwind|p2b: Talonflame
|-sidestart|p2: HeyEllie|move: Tailwind
|move|p2a: Basculegion|Last Respects|p1a: Metagross
|-supereffective|p1a: Metagross|1
|-damage|p1a: Metagross|0 fnt
|faint|p1a: Metagross
|move|p1b: Swampert|Liquidation|p2b: Talonflame
|-supereffective|p2b: Talonflame|1
|-damage|p2b: Talonflame|38/100
|
|-damage|p1b: Swampert|88/100 brn|[from] brn
|upkeep
|turn|7
|
|t:|1784533581
|detailschange|p1b: Swampert|Swampert-Mega, L50, M
|-mega|p1b: Swampert|Swampert|Swampertite
|move|p2b: Talonflame|Dual Wingbeat|p1b: Swampert
|-damage|p1b: Swampert|69/100 brn
|-damage|p1b: Swampert|52/100 brn
|-hitcount|p1b: Swampert|2
|move|p2a: Basculegion|Last Respects|p1b: Swampert
|-damage|p1b: Swampert|0 fnt
|faint|p1b: Swampert
|
|win|HeyEllie
