|j|☆Jaybird112233
|j|☆terosath
|html|Jaybird112233terosath    
|uhtml|bestof|Game 2 of a best-of-3
|t:|1785109569
|gametype|doubles
|player|p1|Jaybird112233|naveen|
|player|p2|terosath|n|
|gen|9
|tier|[Gen 9 Champions] VGC 2026 Reg M-B (Bo3)
|rule|Species Clause: Limit one of each Pokémon
|rule|Item Clause: Limit 1 of each item
|clearpoke
|poke|p1|Altaria, L50, M, shiny|
|poke|p1|Sinistcha, L50|
|poke|p1|Tyranitar, L50, F, shiny|
|poke|p1|Rotom-Heat, L50, shiny|
|poke|p1|Slowbro, L50, M|
|poke|p1|Aggron, L50, F|
|poke|p2|Drampa, L50, M|
|poke|p2|Crabominable, L50, F|
|poke|p2|Sinistcha-Masterpiece, L50|
|poke|p2|Politoed, L50, M|
|poke|p2|Farigiraf, L50, F|
|poke|p2|Garganacl, L50, F|
|teampreview|4
|showteam|p1|Altaria||Altarianite|CloudNine|HyperVoice,DracoMeteor,HyperBeam,Protect|Quiet||M|||50|]Sinistcha||SitrusBerry|Hospitality|MatchaGotcha,LifeDew,RagePowder,TrickRoom|Calm|||||50|]Tyranitar||Tyranitarite|SandStream|KnockOff,RockSlide,LowKick,Protect|Adamant||F|||50|]Rotom-Heat||WhiteHerb|Levitate|Thunderbolt,Overheat,LightScreen,VoltSwitch|Modest|||||50|]Slowbro||Leftovers|Regenerator|HealPulse,TrickRoom,Scald,Protect|Relaxed||M|||50|]Aggron||Aggronite|Sturdy|IronDefense,BodyPress,HeavySlam,Protect|Impish||F|||50|
|showteam|p2|Drampa||Drampanite|Berserk|Protect,EarthPower,CalmMind,HyperVoice|Quiet||M|||50|]Crabominable||Crabominite|HyperCutter|DrainPunch,Protect,IceHammer,ThunderPunch|Brave||F|||50|]Sinistcha-Masterpiece||SitrusBerry|Hospitality|TrickRoom,MatchaGotcha,LifeDew,RagePowder|Modest|||||50|]Politoed||MysticWater|Drizzle|MuddyWater,Protect,Encore,HelpingHand|Calm||M|||50|]Farigiraf||MentalHerb|ArmorTail|TrickRoom,PsychicNoise,LightScreen,Reflect|Sassy||F|||50|]Garganacl||Leftovers|PurifyingSalt|WideGuard,RockSlide,Protect,BodyPress|Relaxed||F|||50|
|j| geminiduality2
|j| Bingus Von Bongus
|j| seafan13
|
|t:|1785109624
|teamsize|p1|4
|teamsize|p2|4
|start
|switch|p1a: Pidgeon|Altaria, L50, M, shiny|100/100
|switch|p1b: Air Fryer|Rotom-Heat, L50, shiny|100/100
|switch|p2a: Put up yer dukes|Crabominable, L50, F|100/100
|switch|p2b: He sparks joy :)|Politoed, L50, M|100/100
|-ability|p1a: Pidgeon|Cloud Nine
|-weather|RainDance|[from] ability: Drizzle|[of] p2b: He sparks joy :)
|turn|1
|
|t:|1785109662
|switch|p2a: RacecaR|Farigiraf, L50, F|100/100
|move|p1a: Pidgeon|Protect|p1a: Pidgeon
|-singleturn|p1a: Pidgeon|Protect
|move|p1b: Air Fryer|Light Screen|p1b: Air Fryer
|-sidestart|p1: Jaybird112233|move: Light Screen
|move|p2b: He sparks joy :)|Muddy Water|p1a: Pidgeon|[spread] p1b
|-activate|p1a: Pidgeon|move: Protect
|-supereffective|p1b: Air Fryer|1
|-damage|p1b: Air Fryer|63/100
|-unboost|p1b: Air Fryer|accuracy|1
|-enditem|p1b: Air Fryer|White Herb
|-clearnegativeboost|p1b: Air Fryer|[silent]
|
|-weather|RainDance|[upkeep]
|upkeep
|turn|2
|
|t:|1785109717
|detailschange|p1a: Pidgeon|Altaria-Mega, L50, M, shiny
|-mega|p1a: Pidgeon|Altaria|Altarianite
|move|p1b: Air Fryer|Volt Switch|p2b: He sparks joy :)
|-supereffective|p2b: He sparks joy :)|1
|-damage|p2b: He sparks joy :)|56/100
|
|t:|1785109724
|switch|p1b: Ferrous|Aggron, L50, F|100/100|[from] Volt Switch
|move|p1a: Pidgeon|Hyper Voice|p2a: RacecaR|[spread] p2a,p2b
|-damage|p2a: RacecaR|72/100
|-damage|p2b: He sparks joy :)|28/100
|move|p2b: He sparks joy :)|Encore|p1a: Pidgeon
|-start|p1a: Pidgeon|Encore
|move|p2a: RacecaR|Trick Room|p2a: RacecaR
|-fieldstart|move: Trick Room|[of] p2a: RacecaR
|
|-weather|RainDance|[upkeep]
|upkeep
|turn|3
|
|t:|1785109778
|switch|p2a: Double Gulp|Sinistcha-Masterpiece, L50|100/100
|-heal|p2b: He sparks joy :)|53/100|[from] ability: Hospitality|[of] p2a: Double Gulp
|move|p1b: Ferrous|Iron Defense|p1b: Ferrous
|-boost|p1b: Ferrous|def|2
|move|p1a: Pidgeon|Hyper Voice|p2b: He sparks joy :)|[spread] p2a,p2b
|-damage|p2a: Double Gulp|60/100
|-damage|p2b: He sparks joy :)|28/100
|move|p2b: He sparks joy :)|Muddy Water|p1b: Ferrous|[spread] p1a,p1b
|-resisted|p1a: Pidgeon|1
|-supereffective|p1b: Ferrous|1
|-damage|p1a: Pidgeon|88/100
|-damage|p1b: Ferrous|29/100
|
|-weather|RainDance|[upkeep]
|upkeep
|turn|4
|
|t:|1785109816
|move|p2a: Double Gulp|Rage Powder|p2a: Double Gulp
|-singleturn|p2a: Double Gulp|move: Rage Powder
|move|p1b: Ferrous|Heavy Slam|p2a: Double Gulp
|-damage|p2a: Double Gulp|24/100
|-enditem|p2a: Double Gulp|Sitrus Berry|[eat]
|-heal|p2a: Double Gulp|49/100|[from] item: Sitrus Berry
|move|p2b: He sparks joy :)|Muddy Water|p1a: Pidgeon|[spread] p1b
|-miss|p2b: He sparks joy :)|p1a: Pidgeon
|-supereffective|p1b: Ferrous|1
|-damage|p1b: Ferrous|0 fnt
|faint|p1b: Ferrous
|move|p1a: Pidgeon|Hyper Voice|p2a: Double Gulp|[spread] p2a,p2b
|-damage|p2a: Double Gulp|8/100
|-damage|p2b: He sparks joy :)|0 fnt
|faint|p2b: He sparks joy :)
|
|-weather|RainDance|[upkeep]
|upkeep
|
|t:|1785109843
|switch|p1b: Air Fryer|Rotom-Heat, L50, shiny|63/100
|switch|p2b: RacecaR|Farigiraf, L50, F|72/100
|turn|5
|
|t:|1785109867
|move|p2b: RacecaR|Light Screen|p2b: RacecaR
|-sidestart|p2: terosath|move: Light Screen
|move|p2a: Double Gulp|Life Dew|p2a: Double Gulp|[spread] p2a,p2b
|-heal|p2a: Double Gulp|34/100
|-heal|p2b: RacecaR|97/100
|move|p1a: Pidgeon|Hyper Voice|p2a: Double Gulp|[spread] p2a,p2b
|-damage|p2a: Double Gulp|6/100
|-damage|p2b: RacecaR|77/100
|move|p1b: Air Fryer|Volt Switch|p2a: Double Gulp
|-resisted|p2a: Double Gulp|1
|-damage|p2a: Double Gulp|0 fnt
|faint|p2a: Double Gulp
|
|t:|1785109878
|switch|p1b: Cuppa Tay|Sinistcha, L50|100/100|[from] Volt Switch
|-heal|p1a: Pidgeon|100/100|[from] ability: Hospitality|[of] p1b: Cuppa Tay
|
|-weather|none
|-end|p1a: Pidgeon|Encore
|-sideend|p1: Jaybird112233|move: Light Screen
|upkeep
|
|t:|1785109884
|switch|p2a: Put up yer dukes|Crabominable, L50, F|100/100
|turn|6
|
|t:|1785109902
|detailschange|p2a: Put up yer dukes|Crabominable-Mega, L50, F
|-mega|p2a: Put up yer dukes|Crabominable|Crabominite
|move|p1b: Cuppa Tay|Rage Powder|p1b: Cuppa Tay
|-singleturn|p1b: Cuppa Tay|move: Rage Powder
|move|p2a: Put up yer dukes|Ice Hammer|p1b: Cuppa Tay
|-supereffective|p1b: Cuppa Tay|1
|-damage|p1b: Cuppa Tay|0 fnt
|-unboost|p2a: Put up yer dukes|spe|1
|faint|p1b: Cuppa Tay
|move|p2b: RacecaR|Psychic Noise|p1a: Pidgeon
|-damage|p1a: Pidgeon|73/100
|-start|p1a: Pidgeon|move: Heal Block
|move|p1a: Pidgeon|Hyper Beam|p2a: Put up yer dukes
|-supereffective|p2a: Put up yer dukes|1
|-damage|p2a: Put up yer dukes|7/100
|-mustrecharge|p1a: Pidgeon
|
|-fieldend|move: Trick Room
|upkeep
|
|t:|1785109917
|switch|p1b: Air Fryer|Rotom-Heat, L50, shiny|63/100
|turn|7
|
|t:|1785109929
|move|p2a: Put up yer dukes|Protect|p2a: Put up yer dukes
|-singleturn|p2a: Put up yer dukes|Protect
|move|p1b: Air Fryer|Thunderbolt|p2a: Put up yer dukes
|-activate|p2a: Put up yer dukes|move: Protect
|cant|p1a: Pidgeon|recharge
|move|p2b: RacecaR|Trick Room|p2b: RacecaR
|-fieldstart|move: Trick Room|[of] p2b: RacecaR
|
|-end|p1a: Pidgeon|move: Heal Block
|upkeep
|turn|8
|
|t:|1785109957
|move|p2a: Put up yer dukes|Drain Punch|p1b: Air Fryer
|-damage|p1b: Air Fryer|0 fnt
|-heal|p2a: Put up yer dukes|31/100|[from] drain|[of] p1b: Air Fryer
|faint|p1b: Air Fryer
|move|p2b: RacecaR|Psychic Noise|p1a: Pidgeon
|-damage|p1a: Pidgeon|47/100
|-start|p1a: Pidgeon|move: Heal Block
|move|p1a: Pidgeon|Hyper Voice|p2b: RacecaR|[spread] p2a,p2b
|-supereffective|p2a: Put up yer dukes|1
|-damage|p2a: Put up yer dukes|0 fnt
|-damage|p2b: RacecaR|56/100
|faint|p2a: Put up yer dukes
|
|upkeep
|turn|9
|
|t:|1785109982
|move|p2b: RacecaR|Psychic Noise|p1a: Pidgeon
|-damage|p1a: Pidgeon|21/100
|move|p1a: Pidgeon|Hyper Beam|p2b: RacecaR
|-damage|p2b: RacecaR|11/100
|-mustrecharge|p1a: Pidgeon
|
|-end|p1a: Pidgeon|move: Heal Block
|-sideend|p2: terosath|move: Light Screen
|upkeep
|turn|10
|
|t:|1785109994
|move|p2b: RacecaR|Psychic Noise|p1a: Pidgeon
|-damage|p1a: Pidgeon|0 fnt
|faint|p1a: Pidgeon
|
|win|terosath
||Jaybird112233 is ready for game 3.
||terosath is ready for game 3.
|uhtml|next|Next: Game 3 of 3
|l| geminiduality2
|l| Bingus Von Bongus
|l|☆Jaybird112233
|player|p1|
