|j|☆Jabby Wabby
|j|☆Randompanda2
|html|Jabby WabbyRandompanda2    
|uhtml|bestof|Game 1 of a best-of-3
|t:|1782997278
|gametype|doubles
|player|p1|Jabby Wabby|morty|
|player|p2|Randompanda2|giovanni|
|gen|9
|tier|[Gen 9 Champions] VGC 2026 Reg M-B (Bo3)
|rule|Species Clause: Limit one of each Pokémon
|rule|Item Clause: Limit 1 of each item
|clearpoke
|poke|p1|Scrafty, L50, F, shiny|
|poke|p1|Glimmora, L50, M, shiny|
|poke|p1|Chandelure, L50, M, shiny|
|poke|p1|Sinistcha, L50|
|poke|p1|Mimikyu, L50, F, shiny|
|poke|p1|Meowstic, L50, M, shiny|
|poke|p2|Gardevoir, L50, M|
|poke|p2|Scizor, L50, F|
|poke|p2|Ditto, L50|
|poke|p2|Gyarados, L50, F|
|poke|p2|Umbreon, L50, F|
|poke|p2|Chandelure, L50, F|
|teampreview|4
|showteam|p1|Scrafty||LifeOrb|Intimidate|FirePunch,IronHead,DrainPunch,KnockOff|Adamant||F|||50|]Glimmora||Glimmoranite|ToxicDebris|EarthPower,SludgeBomb,PowerGem,SpikyShield|Timid||M|||50|]Chandelure||Chandelurite|FlashFire|HeatWave,ShadowBall,Protect,Overheat|Modest||M|||50|]Sinistcha||Leftovers|Hospitality|MatchaGotcha,RagePowder,Protect,LifeDew|Bold|||||50|]Mimikyu||ChoiceScarf|Disguise|ShadowClaw,WillOWisp,DestinyBond,DrainPunch|Adamant||F|||50|]Meowstic||LightClay|Prankster|FakeOut,LightScreen,Reflect,Psychic|Bold||M|||50|
|showteam|p2|Gardevoir||Gardevoirite|Synchronize|DrainingKiss,HyperVoice,Psychic,Protect|Timid||M|||50|]Scizor||LifeOrb|Technician|SwordsDance,BulletPunch,BugBite,DualWingbeat|Adamant||F|||50|]Ditto||ChoiceScarf|Imposter|Transform|Bold|||||50|]Gyarados||FocusSash|Intimidate|DragonDance,Earthquake,Waterfall,Outrage|Adamant||F|||50|]Umbreon||Leftovers|Synchronize|FoulPlay,Moonlight,Toxic,Reflect|Calm||F|||50|]Chandelure||ExpertBelt|FlashFire|Flamethrower,Curse,Hex,Trailblaze|Hasty||F|||50|
|
|t:|1782997410
|teamsize|p1|4
|teamsize|p2|4
|start
|switch|p1a: Mimikyu|Mimikyu, L50, F, shiny|100/100
|switch|p1b: Meowstic|Meowstic, L50, M, shiny|100/100
|switch|p2a: Gyarados|Gyarados, L50, F|100/100
|switch|p2b: Scizor|Scizor, L50, F|100/100
|-ability|p2a: Gyarados|Intimidate|boost
|-unboost|p1a: Mimikyu|atk|1
|-unboost|p1b: Meowstic|atk|1
|turn|1
|
|t:|1782997450
|move|p1b: Meowstic|Fake Out|p2a: Gyarados
|-damage|p2a: Gyarados|95/100
|move|p1a: Mimikyu|Will-O-Wisp|p2b: Scizor
|-status|p2b: Scizor|brn
|cant|p2a: Gyarados|flinch
|move|p2b: Scizor|Swords Dance|p2b: Scizor
|-boost|p2b: Scizor|atk|2
|
|-damage|p2b: Scizor|93/100 brn|[from] brn
|upkeep
|turn|2
|
|t:|1782997485
|switch|p1a: Glimmora|Glimmora, L50, M, shiny|100/100
|move|p1b: Meowstic|Reflect|p1b: Meowstic
|-sidestart|p1: Jabby Wabby|Reflect
|move|p2a: Gyarados|Waterfall|p1a: Glimmora
|-supereffective|p1a: Glimmora|1
|-damage|p1a: Glimmora|24/100
|-activate|p1a: Glimmora|ability: Toxic Debris
|-sidestart|p2: Randompanda2|move: Toxic Spikes
|move|p2b: Scizor|Swords Dance|p2b: Scizor
|-boost|p2b: Scizor|atk|2
|
|-damage|p2b: Scizor|87/100 brn|[from] brn
|upkeep
|turn|3
|
|t:|1782997555
|switch|p1b: Sinistcha|Sinistcha, L50|100/100
|-heal|p1a: Glimmora|49/100|[from] ability: Hospitality|[of] p1b: Sinistcha
|detailschange|p1a: Glimmora|Glimmora-Mega, L50, M, shiny
|-mega|p1a: Glimmora|Glimmora|Glimmoranite
|move|p1a: Glimmora|Spiky Shield|p1a: Glimmora
|-singleturn|p1a: Glimmora|move: Protect
|move|p2a: Gyarados|Waterfall|p1a: Glimmora
|-activate|p1a: Glimmora|move: Protect
|-damage|p2a: Gyarados|83/100|[from] Spiky Shield|[of] p1a: Glimmora
|move|p2b: Scizor|Bug Bite|p1b: Sinistcha
|-damage|p1b: Sinistcha|50/100g
|-damage|p2b: Scizor|77/100 brn|[from] item: Life Orb
|
|-heal|p1b: Sinistcha|56/100|[from] item: Leftovers
|-damage|p2b: Scizor|71/100 brn|[from] brn
|upkeep
|turn|4
|
|t:|1782997582
|move|p1b: Sinistcha|Rage Powder|p1b: Sinistcha
|-singleturn|p1b: Sinistcha|move: Rage Powder
|move|p1a: Glimmora|Power Gem|p2b: Scizor
|-damage|p2b: Scizor|0 fnt
|faint|p2b: Scizor
|move|p2a: Gyarados|Waterfall|p1b: Sinistcha
|-resisted|p1b: Sinistcha|1
|-damage|p1b: Sinistcha|46/100
|
|-heal|p1b: Sinistcha|52/100|[from] item: Leftovers
|upkeep
|
|t:|1782997594
|switch|p2b: Gardevoir|Gardevoir, L50, M|100/100
|-status|p2b: Gardevoir|psn
|turn|5
|
|t:|1782997610
|detailschange|p2b: Gardevoir|Gardevoir-Mega, L50, M
|-mega|p2b: Gardevoir|Gardevoir|Gardevoirite
|move|p1a: Glimmora|Sludge Bomb|p2b: Gardevoir
|-supereffective|p2b: Gardevoir|1
|-damage|p2b: Gardevoir|0 fnt
|faint|p2b: Gardevoir
|move|p2a: Gyarados|Outrage|p1b: Sinistcha
|-damage|p1b: Sinistcha|32/100
|move|p1b: Sinistcha|Life Dew|p1b: Sinistcha|[spread] p1a,p1b
|-heal|p1a: Glimmora|74/100
|-heal|p1b: Sinistcha|57/100
|
|-heal|p1b: Sinistcha|63/100|[from] item: Leftovers
|upkeep
|
|t:|1782997625
|switch|p2b: Ditto|Ditto, L50|100/100
|-status|p2b: Ditto|psn
|-transform|p2b: Ditto|p1a: Glimmora|[from] ability: Imposter
|turn|6
|
|t:|1782997638
|move|p1b: Sinistcha|Rage Powder|p1b: Sinistcha
|-singleturn|p1b: Sinistcha|move: Rage Powder
|move|p2b: Ditto|Sludge Bomb|p1b: Sinistcha
|-damage|p1b: Sinistcha|0 fnt
|faint|p1b: Sinistcha
|move|p1a: Glimmora|Earth Power|p2b: Ditto
|-supereffective|p2b: Ditto|2
|-damage|p2b: Ditto|0 fnt
|faint|p2b: Ditto
|move|p2a: Gyarados|Outrage|p1a: Glimmora|[from] lockedmove
|-damage|p1a: Glimmora|41/100
|
|upkeep
|
|t:|1782997651
|switch|p1b: Meowstic|Meowstic, L50, M, shiny|100/100
|turn|7
|
|t:|1782997658
|move|p1b: Meowstic|Fake Out|p2a: Gyarados
|-damage|p2a: Gyarados|76/100
|move|p1a: Glimmora|Power Gem|p2a: Gyarados
|-supereffective|p2a: Gyarados|1
|-damage|p2a: Gyarados|0 fnt
|faint|p2a: Gyarados
|
|win|Jabby Wabby
|inactive|Jabby Wabby has 30 seconds to confirm battle start!
|inactive|Randompanda2 has 30 seconds to confirm battle start!
||Randompanda2 is ready for game 2.
|inactive|Jabby Wabby has 20 seconds to confirm battle start!
|inactive|Jabby Wabby has 10 seconds to confirm battle start!
|uhtml|next|Next: Game 2 of 3
