|j|☆MrTedno
|j|☆new mental
|html|MrTednonew mental    
|uhtml|bestof|Game 1 of a best-of-3
|t:|1783249409
|gametype|doubles
|player|p1|MrTedno|265|1190
|player|p2|new mental|volkner|1197
|gen|9
|tier|[Gen 9 Champions] VGC 2026 Reg M-B (Bo3)
|rated|
|rule|Species Clause: Limit one of each Pokémon
|rule|Item Clause: Limit 1 of each item
|clearpoke
|poke|p1|Archaludon, L50, M|
|poke|p1|Samurott-Hisui, L50, F|
|poke|p1|Garchomp, L50, F|
|poke|p1|Pelipper, L50, F|
|poke|p1|Venusaur, L50, F|
|poke|p1|Incineroar, L50, M|
|poke|p2|Aerodactyl, L50, M|
|poke|p2|Garchomp, L50, M|
|poke|p2|Kingambit, L50, F|
|poke|p2|Charizard, L50, F|
|poke|p2|Sylveon, L50, M|
|poke|p2|Farigiraf, L50, M|
|teampreview|4
|showteam|p1|Archaludon||Leftovers|Stamina|ElectroShot,DragonPulse,FlashCannon,Protect|Modest||M|||50|]Samurott-Hisui||FocusSash|Sharpness|AquaCutter,NightSlash,SacredSword,Detect|Jolly||F|||50|]Garchomp||LifeOrb|RoughSkin|DragonClaw,StompingTantrum,RockSlide,Protect|Jolly||F|||50|]Pelipper||SitrusBerry|Drizzle|Tailwind,WeatherBall,Hurricane,Protect|Modest||F|||50|]Venusaur||Venusaurite|Chlorophyll|GigaDrain,SludgeBomb,EarthPower,Protect|Modest||F|||50|]Incineroar||ChopleBerry|Intimidate|FakeOut,ThroatChop,PartingShot,FlareBlitz|Careful||M|||50|
|showteam|p2|Aerodactyl||Aerodactylite|Unnerve|IceFang,RockSlide,Tailwind,DualWingbeat|Jolly||M|||50|]Garchomp||LifeOrb|RoughSkin|DragonClaw,StompingTantrum,Earthquake,Protect|Jolly||M|||50|]Kingambit||FocusSash|Defiant|SuckerPunch,KowtowCleave,IronHead,LowKick|Adamant||F|||50|]Charizard||CharizarditeY|SolarPower|Protect,HeatWave,SolarBeam,WeatherBall|Timid||F|||50|]Sylveon||FairyFeather|Pixilate|Protect,HyperVoice,HyperBeam,QuickAttack|Modest||M|||50|]Farigiraf||SitrusBerry|ArmorTail|TrickRoom,Thunderbolt,Psychic,Roar|Bold||M|||50|
|inactive|Battle timer is ON: inactive players will automatically lose when time's up. (requested by new mental)
|inactive|MrTedno has 60 seconds left.
|
|t:|1783249467
|teamsize|p1|4
|teamsize|p2|4
|start
|switch|p1a: Kermit|Venusaur, L50, F|100/100
|switch|p1b: Animal|Garchomp, L50, F|100/100
|switch|p2a: Sylveon|Sylveon, L50, M|100/100
|switch|p2b: Farigiraf|Farigiraf, L50, M|100/100
|turn|1
|inactive|MrTedno has 30 seconds left.
|
|t:|1783249493
|detailschange|p1a: Kermit|Venusaur-Mega, L50, F
|-mega|p1a: Kermit|Venusaur|Venusaurite
|move|p2a: Sylveon|Protect|p2a: Sylveon
|-singleturn|p2a: Sylveon|Protect
|move|p1b: Animal|Dragon Claw|p2b: Farigiraf
|-damage|p2b: Farigiraf|56/100
|-damage|p1b: Animal|90/100|[from] item: Life Orb
|move|p1a: Kermit|Sludge Bomb|p2a: Sylveon
|-activate|p2a: Sylveon|move: Protect
|move|p2b: Farigiraf|Trick Room|p2b: Farigiraf
|-fieldstart|move: Trick Room|[of] p2b: Farigiraf
|
|upkeep
|turn|2
|
|t:|1783249514
|switch|p1b: Miss Piggy|Incineroar, L50, M|100/100
|-ability|p1b: Miss Piggy|Intimidate|boost
|-unboost|p2a: Sylveon|atk|1
|-unboost|p2b: Farigiraf|atk|1
|move|p2b: Farigiraf|Psychic|p1a: Kermit
|-supereffective|p1a: Kermit|1
|-damage|p1a: Kermit|54/100
|-unboost|p1a: Kermit|spd|1
|move|p2a: Sylveon|Hyper Voice|p1b: Miss Piggy|[spread] p1a,p1b
|-resisted|p1a: Kermit|1
|-damage|p1a: Kermit|26/100
|-damage|p1b: Miss Piggy|62/100
|move|p1a: Kermit|Sludge Bomb|p2b: Farigiraf
|-damage|p2b: Farigiraf|20/100r
|-enditem|p2b: Farigiraf|Sitrus Berry|[eat]
|-heal|p2b: Farigiraf|45/100|[from] item: Sitrus Berry
|
|upkeep
|turn|3
|inactive|new mental has 30 seconds left.
|
|t:|1783249539
|move|p1a: Kermit|Protect|p1a: Kermit
|-singleturn|p1a: Kermit|Protect
|move|p2b: Farigiraf|Thunderbolt|p1b: Miss Piggy
|-damage|p1b: Miss Piggy|44/100
|move|p2a: Sylveon|Hyper Voice|p1a: Kermit|[spread] p1b
|-activate|p1a: Kermit|move: Protect
|-damage|p1b: Miss Piggy|9/100
|move|p1b: Miss Piggy|Throat Chop|p2b: Farigiraf
|-supereffective|p2b: Farigiraf|1
|-damage|p2b: Farigiraf|0 fnt
|faint|p2b: Farigiraf
|
|upkeep
|
|t:|1783249553
|switch|p2b: Kingambit|Kingambit, L50, F|100/100
|turn|4
|
|t:|1783249569
|switch|p1a: Sam Eagle|Pelipper, L50, F|100/100
|-weather|RainDance|[from] ability: Drizzle|[of] p1a: Sam Eagle
|move|p2a: Sylveon|Hyper Voice|p1a: Sam Eagle|[spread] p1a,p1b
|-damage|p1a: Sam Eagle|40/100
|-damage|p1b: Miss Piggy|0 fnt
|-enditem|p1a: Sam Eagle|Sitrus Berry|[eat]
|-heal|p1a: Sam Eagle|64/100|[from] item: Sitrus Berry
|faint|p1b: Miss Piggy
|move|p2b: Kingambit|Kowtow Cleave|p1a: Sam Eagle
|-damage|p1a: Sam Eagle|7/100
|
|-weather|RainDance|[upkeep]
|upkeep
|inactive|MrTedno has 30 seconds left.
|
|t:|1783249601
|switch|p1b: Animal|Garchomp, L50, F|90/100
|turn|5
|
|t:|1783249620
|move|p1b: Animal|Protect|p1b: Animal
|-singleturn|p1b: Animal|Protect
|move|p2a: Sylveon|Hyper Voice|p1b: Animal|[spread] p1a
|-activate|p1b: Animal|move: Protect
|-damage|p1a: Sam Eagle|0 fnt
|faint|p1a: Sam Eagle
|move|p2b: Kingambit|Kowtow Cleave|p1b: Animal
|-activate|p1b: Animal|move: Protect
|
|-weather|RainDance|[upkeep]
|-fieldend|move: Trick Room
|upkeep
|
|t:|1783249624
|switch|p1a: Kermit|Venusaur-Mega, L50, F|26/100
|turn|6
|
|t:|1783249635
|move|p1a: Kermit|Protect|p1a: Kermit
|-singleturn|p1a: Kermit|Protect
|move|p2b: Kingambit|Sucker Punch||[still]
|-fail|p2b: Kingambit
|move|p1b: Animal|Stomping Tantrum|p2b: Kingambit
|-supereffective|p2b: Kingambit|1
|-damage|p2b: Kingambit|11/100
|-damage|p1b: Animal|80/100|[from] item: Life Orb
|move|p2a: Sylveon|Hyper Voice|p1a: Kermit|[spread] p1b
|-activate|p1a: Kermit|move: Protect
|-supereffective|p1b: Animal|1
|-damage|p1b: Animal|0 fnt
|faint|p1b: Animal
|
|-weather|RainDance|[upkeep]
|upkeep
|turn|7
|-message|MrTedno forfeited.
|
|win|new mental
||MrTedno is ready for game 2.
||new mental is ready for game 2.
|uhtml|next|Next: Game 2 of 3
|l|☆MrTedno
|player|p1|
