|j|☆Recadeco
|j|☆backonmypittbull
|html|Recadecobackonmypittbull    
|uhtml|bestof|Game 3 of a best-of-3
|t:|1755450402
|gametype|doubles
|player|p1|Recadeco|lucas|1378
|player|p2|backonmypittbull|n|1327
|gen|9
|tier|[Gen 9] VGC 2025 Reg H (Bo3)
|rated|
|rule|Species Clause: Limit one of each Pokémon
|rule|Item Clause: Limit 1 of each item
|clearpoke
|poke|p1|Kingambit, L50, M|
|poke|p1|Maushold-Four, L50|
|poke|p1|Talonflame, L50, M|
|poke|p1|Primarina, L50, F|
|poke|p1|Rillaboom, L50, F|
|poke|p1|Gholdengo, L50|
|poke|p2|Charizard, L50, M|
|poke|p2|Torkoal, L50, F|
|poke|p2|Porygon2, L50|
|poke|p2|Incineroar, L50, F|
|poke|p2|Jumpluff, L50, F|
|poke|p2|Ursaluna, L50, M|
|teampreview|4
|showteam|p1|Kingambit||BlackGlasses|Defiant|KowtowCleave,SuckerPunch,SwordsDance,Protect|||M|||50|,,,,,Dark]Maushold-Four||SafetyGoggles|FriendGuard|SuperFang,HelpingHand,FollowMe,Taunt||||||50|,,,,,Ghost]Talonflame||CovertCloak|GaleWings|BraveBird,FlareBlitz,WillOWisp,Tailwind|||M|||50|,,,,,Stellar]Primarina||LifeOrb|LiquidVoice|HyperVoice,Moonblast,Haze,Protect|||F|||50|,,,,,Poison]Rillaboom||AssaultVest|GrassySurge|WoodHammer,HighHorsepower,Uturn,FakeOut|||F|||50|,,,,,Fire]Gholdengo||ChoiceSpecs|GoodasGold|MakeItRain,ShadowBall,Thunderbolt,Trick||||||50|,,,,,Steel
|showteam|p2|Charizard||ChoiceSpecs|SolarPower|HeatWave,Overheat,WeatherBall,AirSlash|||M|||50|,,,,,Ghost]Torkoal||EjectPack|Drought|Eruption,Overheat,HelpingHand,Protect|||F|||50|,,,,,Fire]Porygon2||Eviolite|Download|TeraBlast,IceBeam,Recover,TrickRoom||||||50|,,,,,Fighting]Incineroar||SitrusBerry|Intimidate|FlareBlitz,KnockOff,FakeOut,PartingShot|||F|||50|,,,,,Ghost]Jumpluff||CovertCloak|Chlorophyll|SleepPowder,SunnyDay,RagePowder,Tailwind|||F|||50|,,,,,Water]Ursaluna||FlameOrb|Guts|HeadlongRush,Facade,Earthquake,Protect|||M|||50|,,,,,Ghost
|inactive|Battle timer is ON: inactive players will automatically lose when time's up. (requested by Recadeco)
|
|t:|1755450431
|teamsize|p1|4
|teamsize|p2|4
|start
|switch|p1a: Flying Gorilla|Rillaboom, L50, F|100/100
|switch|p1b: Tom y Jerry|Maushold-Four, L50|100/100
|switch|p2a: Porygon2|Porygon2, L50|100/100
|switch|p2b: Charizard|Charizard, L50, M|100/100
|-fieldstart|move: Grassy Terrain|[from] ability: Grassy Surge|[of] p1a: Flying Gorilla
|-ability|p2a: Porygon2|Download|boost
|-boost|p2a: Porygon2|spa|1
|turn|1
|inactive|Recadeco has 30 seconds left.
|inactive|backonmypittbull has 30 seconds left.
|inactive|backonmypittbull has 20 seconds left.
|inactive|Recadeco has 20 seconds left.
|inactive|Recadeco has 15 seconds left.
|inactive|Recadeco has 10 seconds left.
|
|t:|1755450487
|switch|p1a: Ariel|Primarina, L50, F|100/100
|switch|p2a: Torkoal|Torkoal, L50, F|100/100
|-weather|SunnyDay|[from] ability: Drought|[of] p2a: Torkoal
|move|p1b: Tom y Jerry|Taunt|p2a: Torkoal
|-start|p2a: Torkoal|move: Taunt
|move|p2b: Charizard|Heat Wave|p1a: Ariel|[spread] p1a,p1b
|-resisted|p1a: Ariel
|-damage|p1a: Ariel|67/100
|-damage|p1b: Tom y Jerry|0 fnt
|-status|p1a: Ariel|brn
|faint|p1b: Tom y Jerry
|
|-weather|SunnyDay|[upkeep]
|-damage|p2b: Charizard|88/100|[from] ability: Solar Power|[of] p2b: Charizard
|-heal|p1a: Ariel|73/100 brn|[from] Grassy Terrain
|-damage|p1a: Ariel|67/100 brn|[from] brn
|upkeep
|
|t:|1755450511
|switch|p1b: Shreder|Kingambit, L50, M, shiny|100/100
|turn|2
|inactive|Recadeco has 30 seconds left.
|
|t:|1755450537
|switch|p2b: Porygon2|Porygon2, L50|100/100
|-ability|p2b: Porygon2|Download|boost
|-boost|p2b: Porygon2|spa|1
|move|p1a: Ariel|Protect|p1a: Ariel
|-singleturn|p1a: Ariel|Protect
|move|p1b: Shreder|Protect|p1b: Shreder
|-singleturn|p1b: Shreder|Protect
|move|p2a: Torkoal|Overheat|p1b: Shreder
|-activate|p1b: Shreder|move: Protect
|
|-weather|SunnyDay|[upkeep]
|-heal|p1a: Ariel|73/100 brn|[from] Grassy Terrain
|-damage|p1a: Ariel|67/100 brn|[from] brn
|upkeep
|turn|3
|inactive|Recadeco has 30 seconds left.
|inactive|Recadeco has 20 seconds left.
|inactive|Recadeco has 15 seconds left.
|inactive|Recadeco has 10 seconds left.
|inactive|Recadeco has 5 seconds left.
|
|t:|1755450596
|move|p1a: Ariel|Hyper Voice|p2b: Porygon2|[spread] p2a,p2b
|-supereffective|p2a: Torkoal
|-damage|p2a: Torkoal|39/100
|-damage|p2b: Porygon2|86/100
|-damage|p1a: Ariel|57/100 brn|[from] item: Life Orb
|move|p2b: Porygon2|Tera Blast|p1a: Ariel
|-damage|p1a: Ariel|5/100 brn
|move|p1b: Shreder|Kowtow Cleave|p2a: Torkoal
|-damage|p2a: Torkoal|0 fnt
|faint|p2a: Torkoal
|
|-weather|SunnyDay|[upkeep]
|-heal|p1a: Ariel|11/100 brn|[from] Grassy Terrain
|-heal|p2b: Porygon2|93/100|[from] Grassy Terrain
|-damage|p1a: Ariel|5/100 brn|[from] brn
|upkeep
|
|t:|1755450611
|switch|p2a: Ursaluna|Ursaluna, L50, M|100/100
|turn|4
|inactive|Recadeco has 30 seconds left.
|inactive|backonmypittbull has 30 seconds left.
|inactive|Recadeco has 20 seconds left.
|inactive|Recadeco has 15 seconds left.
|inactive|Recadeco has 10 seconds left.
|inactive|backonmypittbull has 20 seconds left.
|
|t:|1755450663
|switch|p1a: Flying Gorilla|Rillaboom, L50, F|100/100
|-terastallize|p2b: Porygon2|Fighting
|move|p2a: Ursaluna|Protect|p2a: Ursaluna
|-singleturn|p2a: Ursaluna|Protect
|move|p1b: Shreder|Protect|p1b: Shreder
|-singleturn|p1b: Shreder|Protect
|move|p2b: Porygon2|Tera Blast|p1b: Shreder|[anim] Tera Blast Fighting
|-activate|p1b: Shreder|move: Protect
|
|-weather|SunnyDay|[upkeep]
|-heal|p2b: Porygon2|99/100|[from] Grassy Terrain
|-status|p2a: Ursaluna|brn|[from] item: Flame Orb
|upkeep
|turn|5
|
|t:|1755450689
|switch|p1b: Ariel|Primarina, L50, F|5/100 brn
|move|p1a: Flying Gorilla|Wood Hammer|p2a: Ursaluna
|-supereffective|p2a: Ursaluna
|-damage|p2a: Ursaluna|0 fnt
|faint|p2a: Ursaluna
|-damage|p1a: Flying Gorilla|63/100|[from] Recoil
|move|p2b: Porygon2|Tera Blast|p1b: Ariel|[anim] Tera Blast Fighting
|-resisted|p1b: Ariel
|-damage|p1b: Ariel|0 fnt
|faint|p1b: Ariel
|
|-weather|none
|-heal|p1a: Flying Gorilla|69/100|[from] Grassy Terrain
|-heal|p2b: Porygon2|100/100|[from] Grassy Terrain
|-fieldend|move: Grassy Terrain
|upkeep
|
|t:|1755450696
|switch|p1b: Shreder|Kingambit, L50, M, shiny|100/100
|switch|p2a: Charizard|Charizard, L50, M|88/100
|turn|6
|
|t:|1755450710
|-terastallize|p1b: Shreder|Dark
|move|p1b: Shreder|Sucker Punch|p2a: Charizard
|-damage|p2a: Charizard|0 fnt
|faint|p2a: Charizard
|move|p1a: Flying Gorilla|Wood Hammer|p2b: Porygon2
|-damage|p2b: Porygon2|56/100
|-damage|p1a: Flying Gorilla|55/100|[from] Recoil
|move|p2b: Porygon2|Ice Beam|p1a: Flying Gorilla
|-supereffective|p1a: Flying Gorilla
|-damage|p1a: Flying Gorilla|0 fnt
|faint|p1a: Flying Gorilla
|
|upkeep
|turn|7
|c|☆Recadeco|Ggs
|inactive|Recadeco has 30 seconds left.
|inactive|Recadeco has 20 seconds left.
|inactive|Recadeco has 15 seconds left.
|c|☆backonmypittbull|very gg
|c|☆backonmypittbull|wp
|inactive|Recadeco has 10 seconds left.
|
|t:|1755450760
|move|p2b: Porygon2|Tera Blast|p1b: Shreder|[anim] Tera Blast Fighting
|-supereffective|p1b: Shreder
|-damage|p1b: Shreder|0 fnt
|faint|p1b: Shreder
|
|win|backonmypittbull
|raw|Recadeco's rating: 1378 → 1355(-23 for losing)
|raw|backonmypittbull's rating: 1327 → 1350(+23 for winning)
|c|☆Recadeco|Yeah
