|j|☆stormyrat
|j|☆Mclovingods
|html|stormyratMclovingods    
|uhtml|bestof|Game 1 of a best-of-3
|t:|1782194611
|gametype|doubles
|player|p1|stormyrat|265|1170
|player|p2|Mclovingods|102|1121
|gen|9
|tier|[Gen 9 Champions] VGC 2026 Reg M-B (Bo3)
|rated|
|rule|Species Clause: Limit one of each Pokémon
|rule|Item Clause: Limit 1 of each item
|clearpoke
|poke|p1|Floette-Eternal, L50, F|
|poke|p1|Gholdengo, L50|
|poke|p1|Aerodactyl, L50, M|
|poke|p1|Incineroar, L50, F|
|poke|p1|Basculegion, L50, M|
|poke|p1|Rotom-Mow, L50|
|poke|p2|Delphox, L50, F|
|poke|p2|Basculegion, L50, M|
|poke|p2|Sinistcha, L50|
|poke|p2|Incineroar, L50, M|
|poke|p2|Garchomp, L50, F|
|poke|p2|Staraptor, L50, M|
|teampreview|4
|showteam|p1|Floette-Eternal||Floettite|FlowerVeil|Moonblast,LightofRuin,DazzlingGleam,Protect|Modest||F|||50|]Gholdengo||LifeOrb|GoodasGold|NastyPlot,ShadowBall,MakeItRain,Protect|Modest|||||50|]Aerodactyl||FocusSash|Unnerve|DualWingbeat,RockSlide,Tailwind,WideGuard|Jolly||M|||50|]Incineroar||SitrusBerry|Intimidate|FakeOut,PartingShot,DarkestLariat,FlareBlitz|Impish||F|||50|]Basculegion||MysticWater|Adaptability|Protect,WaveCrash,LastRespects,AquaJet|Jolly||M|||50|]Rotom-Mow||WideLens|Levitate|LeafStorm,Electroweb,VoltSwitch,Protect|Timid|||||50|
|showteam|p2|Delphox||Delphoxite|Blaze|NastyPlot,HeatWave,Psychic,Protect|Timid||F|||50|]Basculegion||MysticWater|Adaptability|WaveCrash,AquaJet,LastRespects,Protect|Jolly||M|||50|]Sinistcha||KasibBerry|Hospitality|MatchaGotcha,RagePowder,Protect,TrickRoom|Calm|||||50|]Incineroar||SitrusBerry|Intimidate|FakeOut,PartingShot,FlareBlitz,DarkestLariat|Careful||M|||50|]Garchomp||LifeOrb|RoughSkin|Earthquake,DragonClaw,RockSlide,Protect|Jolly||F|||50|]Staraptor||Staraptite|Intimidate|CloseCombat,BraveBird,Tailwind,Uturn|Jolly||M|||50|
|inactive|Battle timer is ON: inactive players will automatically lose when time's up. (requested by stormyrat)
|l|☆stormyrat
|inactive|stormyrat disconnected and has a minute to reconnect!
|player|p1|
|j|☆stormyrat
|inactive|stormyrat reconnected and has 60 seconds left.
|player|p1|stormyrat|265|
|
|t:|1782194660
|teamsize|p1|4
|teamsize|p2|4
|start
|switch|p1a: Aerodactyl|Aerodactyl, L50, M|100/100
|switch|p1b: Incineroar|Incineroar, L50, F|100/100
|switch|p2a: Delphox|Delphox, L50, F|100/100
|switch|p2b: Incineroar|Incineroar, L50, M|100/100
|-ability|p1a: Aerodactyl|Unnerve
|-ability|p2b: Incineroar|Intimidate|boost
|-unboost|p1a: Aerodactyl|atk|1
|-unboost|p1b: Incineroar|atk|1
|-ability|p1b: Incineroar|Intimidate|boost
|-unboost|p2a: Delphox|atk|1
|-unboost|p2b: Incineroar|atk|1
|turn|1
|inactive|stormyrat has 30 seconds left.
|
|t:|1782194691
|switch|p2b: Basculegion|Basculegion, L50, M|100/100
|detailschange|p2a: Delphox|Delphox-Mega, L50, F
|-mega|p2a: Delphox|Delphox|Delphoxite
|move|p2a: Delphox|Protect|p2a: Delphox
|-singleturn|p2a: Delphox|Protect
|move|p1b: Incineroar|Fake Out|p2a: Delphox
|-activate|p2a: Delphox|move: Protect
|move|p1a: Aerodactyl|Rock Slide|p2a: Delphox|[spread] p2b
|-activate|p2a: Delphox|move: Protect
|-damage|p2b: Basculegion|78/100
|
|upkeep
|turn|2
|
|t:|1782194702
|switch|p2a: Sinistcha|Sinistcha, L50|100/100
|-heal|p2b: Basculegion|100/100|[from] ability: Hospitality|[of] p2a: Sinistcha
|move|p2b: Basculegion|Aqua Jet|p1a: Aerodactyl
|-supereffective|p1a: Aerodactyl|1
|-damage|p1a: Aerodactyl|8/100
|move|p1a: Aerodactyl|Tailwind|p1a: Aerodactyl
|-sidestart|p1: stormyrat|move: Tailwind
|move|p1b: Incineroar|Darkest Lariat|p2a: Sinistcha
|-supereffective|p2a: Sinistcha|1
|-damage|p2a: Sinistcha|59/100
|
|upkeep
|turn|3
|
|t:|1782194722
|move|p1a: Aerodactyl|Rock Slide|p2a: Sinistcha|[spread] p2a,p2b
|-damage|p2a: Sinistcha|43/100
|-damage|p2b: Basculegion|78/100
|move|p1b: Incineroar|Flare Blitz|p2a: Sinistcha
|-supereffective|p2a: Sinistcha|1
|-damage|p2a: Sinistcha|0 fnt
|faint|p2a: Sinistcha
|-damage|p1b: Incineroar|87/100|[from] Recoil
|move|p2b: Basculegion|Wave Crash|p1b: Incineroar
|-supereffective|p1b: Incineroar|1
|-damage|p1b: Incineroar|0 fnt
|faint|p1b: Incineroar
|-damage|p2b: Basculegion|48/100|[from] Recoil
|
|upkeep
|
|t:|1782194736
|switch|p2a: Incineroar|Incineroar, L50, M|100/100
|switch|p1b: Basculegion|Basculegion, L50, M|100/100
|-ability|p2a: Incineroar|Intimidate|boost
|-unboost|p1a: Aerodactyl|atk|1
|-unboost|p1b: Basculegion|atk|1
|turn|4
|
|t:|1782194757
|switch|p1a: Floette|Floette-Eternal, L50, F|100/100
|move|p2b: Basculegion|Aqua Jet|p1a: Floette
|-damage|p1a: Floette|59/100
|move|p1b: Basculegion|Last Respects|p2b: Basculegion
|-supereffective|p2b: Basculegion|1
|-damage|p2b: Basculegion|0 fnt
|faint|p2b: Basculegion
|move|p2a: Incineroar|Darkest Lariat|p1b: Basculegion
|-supereffective|p1b: Basculegion|1
|-damage|p1b: Basculegion|20/100y
|
|upkeep
|
|t:|1782194767
|switch|p2b: Delphox|Delphox-Mega, L50, F|100/100
|turn|5
|
|t:|1782194780
|detailschange|p1a: Floette|Floette-Mega, L50, F
|-mega|p1a: Floette|Floette|Floettite
|-ability|p1a: Floette|Fairy Aura
|move|p2b: Delphox|Protect|p2b: Delphox
|-singleturn|p2b: Delphox|Protect
|move|p1b: Basculegion|Wave Crash|p2b: Delphox
|-activate|p2b: Delphox|move: Protect
|move|p1a: Floette|Light of Ruin|p2a: Incineroar
|-damage|p2a: Incineroar|10/100
|-enditem|p2a: Incineroar|Sitrus Berry|[eat]
|-heal|p2a: Incineroar|35/100|[from] item: Sitrus Berry
|-damage|p1a: Floette|7/100|[from] Recoil
|move|p2a: Incineroar|Darkest Lariat|p1b: Basculegion
|-supereffective|p1b: Basculegion|1
|-damage|p1b: Basculegion|0 fnt
|faint|p1b: Basculegion
|
|-sideend|p1: stormyrat|move: Tailwind
|upkeep
|
|t:|1782194789
|switch|p1b: Aerodactyl|Aerodactyl, L50, M|8/100
|-ability|p1b: Aerodactyl|Unnerve
|turn|6
|
|t:|1782194802
|move|p2b: Delphox|Psychic|p1b: Aerodactyl
|-damage|p1b: Aerodactyl|0 fnt
|faint|p1b: Aerodactyl
|move|p1a: Floette|Light of Ruin|p2b: Delphox
|-resisted|p2b: Delphox|1
|-damage|p2b: Delphox|44/100
|-damage|p1a: Floette|0 fnt|[from] Recoil
|faint|p1a: Floette
|
|win|Mclovingods
||stormyrat is ready for game 2.
||Mclovingods is ready for game 2.
|uhtml|next|Next: Game 2 of 3
