|j|☆AbacusStabacus
|j|☆pantalonesHat
|html|AbacusStabacuspantalonesHat    
|uhtml|bestof|Game 1 of a best-of-3
|t:|1757029838
|gametype|doubles
|player|p1|AbacusStabacus|169|1000
|player|p2|pantalonesHat|swimmer-gen4dp|1036
|gen|9
|tier|[Gen 9] VGC 2025 Reg H (Bo3)
|rated|
|rule|Species Clause: Limit one of each Pokémon
|rule|Item Clause: Limit 1 of each item
|clearpoke
|poke|p1|Gholdengo, L50|
|poke|p1|Incineroar, L50, M|
|poke|p1|Sneasler, L50, M|
|poke|p1|Rillaboom, L50, M|
|poke|p1|Ninetales-Alola, L50, M|
|poke|p1|Primarina, L50, F|
|poke|p2|Archaludon, L50, M|
|poke|p2|Gholdengo, L50|
|poke|p2|Incineroar, L50, F|
|poke|p2|Overqwil, L50, M|
|poke|p2|Pelipper, L50, M|
|poke|p2|Amoonguss, L50, M|
|teampreview|4
|showteam|p1|Gholdengo||LifeOrb|GoodasGold|Protect,NastyPlot,ShadowBall,MakeItRain||||||50|,,,,,Dark]Incineroar||SitrusBerry|Intimidate|FakeOut,FlareBlitz,PartingShot,KnockOff|||M|||50|,,,,,Ghost]Sneasler||ChoiceBand|Unburden|DireClaw,CloseCombat,NightSlash,Uturn|||M|||50|,,,,,Fighting]Rillaboom||AssaultVest|GrassySurge|FakeOut,BrickBreak,GrassyGlide,WoodHammer|||M|||50|,,,,,Water]Ninetales-Alola||LightClay|SnowWarning|AuroraVeil,Blizzard,Disable,Protect|||M|||50|,,,,,Water]Primarina||ThroatSpray|LiquidVoice|HyperVoice,Haze,DazzlingGleam,Encore|||F|||50|,,,,,Steel
|showteam|p2|Archaludon||AssaultVest|Stamina|BodyPress,DragonPulse,ElectroShot,FlashCannon|||M|||50|,,,,,Steel]Gholdengo||LifeOrb|GoodasGold|MakeItRain,ShadowBall,NastyPlot,Protect||||||50|,,,,,Water]Incineroar||SafetyGoggles|Intimidate|KnockOff,Taunt,PartingShot,FakeOut|||F|||50|,,,,,Fire]Overqwil||ClearAmulet|SwiftSwim|GunkShot,SwordsDance,AquaTail,Protect|||M|||50|,,,,,Water]Pelipper||CovertCloak|Drizzle|WeatherBall,Hurricane,Protect,Tailwind|||M|||50|,,,,,Ground]Amoonguss||MentalHerb|Regenerator|Spore,RagePowder,Protect,ClearSmog|||M|||50|,,,,,Water
|inactive|Battle timer is ON: inactive players will automatically lose when time's up. (requested by AbacusStabacus)
|inactive|AbacusStabacus has 60 seconds left.
|inactive|pantalonesHat has 60 seconds left.
|
|t:|1757029879
|teamsize|p1|4
|teamsize|p2|4
|start
|switch|p1a: Sneasler|Sneasler, L50, M|100/100
|switch|p1b: Primarina|Primarina, L50, F|100/100
|switch|p2a: Overqwil|Overqwil, L50, M, shiny|100/100
|switch|p2b: Pelipper|Pelipper, L50, M|100/100
|-weather|RainDance|[from] ability: Drizzle|[of] p2b: Pelipper
|turn|1
|inactive|AbacusStabacus has 30 seconds left.
|inactive|pantalonesHat has 30 seconds left.
|inactive|AbacusStabacus has 20 seconds left.
|inactive|pantalonesHat has 20 seconds left.
|inactive|AbacusStabacus has 15 seconds left.
|inactive|pantalonesHat has 15 seconds left.
|
|t:|1757029922
|switch|p1a: Rillaboom|Rillaboom, L50, M|100/100
|-fieldstart|move: Grassy Terrain|[from] ability: Grassy Surge|[of] p1a: Rillaboom
|move|p2a: Overqwil|Gunk Shot|p1b: Primarina
|-supereffective|p1b: Primarina
|-damage|p1b: Primarina|0 fnt
|faint|p1b: Primarina
|move|p2b: Pelipper|Tailwind|p2b: Pelipper
|-sidestart|p2: pantalonesHat|move: Tailwind
|
|-weather|RainDance|[upkeep]
|upkeep
|
|t:|1757029928
|switch|p1b: Gholdengo|Gholdengo, L50|100/100
|turn|2
|inactive|pantalonesHat has 30 seconds left.
|
|t:|1757029958
|move|p1a: Rillaboom|Fake Out|p2a: Overqwil
|-crit|p2a: Overqwil
|-damage|p2a: Overqwil|78/100
|cant|p2a: Overqwil|flinch
|move|p2b: Pelipper|Weather Ball|p1b: Gholdengo
|-damage|p1b: Gholdengo|54/100
|move|p1b: Gholdengo|Nasty Plot|p1b: Gholdengo
|-boost|p1b: Gholdengo|spa|2
|
|-weather|RainDance|[upkeep]
|-heal|p2a: Overqwil|84/100|[from] Grassy Terrain
|-heal|p1b: Gholdengo|60/100|[from] Grassy Terrain
|upkeep
|turn|3
|inactive|pantalonesHat has 30 seconds left.
|inactive|pantalonesHat has 20 seconds left.
|
|t:|1757029996
|-terastallize|p1a: Rillaboom|Water
|move|p2a: Overqwil|Aqua Tail|p1b: Gholdengo
|-damage|p1b: Gholdengo|13/100
|move|p2b: Pelipper|Weather Ball|p1b: Gholdengo
|-damage|p1b: Gholdengo|0 fnt
|faint|p1b: Gholdengo
|move|p1a: Rillaboom|Wood Hammer|p2b: Pelipper
|-damage|p2b: Pelipper|0 fnt
|faint|p2b: Pelipper
|-damage|p1a: Rillaboom|79/100|[from] Recoil
|
|-weather|RainDance|[upkeep]
|-heal|p2a: Overqwil|90/100|[from] Grassy Terrain
|-heal|p1a: Rillaboom|85/100|[from] Grassy Terrain
|upkeep
|
|t:|1757030014
|switch|p2b: Archaludon|Archaludon, L50, M|100/100
|switch|p1b: Sneasler|Sneasler, L50, M|100/100
|turn|4
|
|t:|1757030033
|move|p2a: Overqwil|Gunk Shot|p1a: Rillaboom
|-damage|p1a: Rillaboom|25/100
|move|p2b: Archaludon|Electro Shot||[still]
|-prepare|p2b: Archaludon|Electro Shot
|-boost|p2b: Archaludon|spa|1
|-anim|p2b: Archaludon|Electro Shot|p1b: Sneasler
|-damage|p1b: Sneasler|27/100
|move|p1b: Sneasler|Close Combat|p2b: Archaludon
|-supereffective|p2b: Archaludon
|-damage|p2b: Archaludon|0 fnt
|-unboost|p1b: Sneasler|def|1
|-unboost|p1b: Sneasler|spd|1
|faint|p2b: Archaludon
|move|p1a: Rillaboom|Wood Hammer|p2a: Overqwil
|-resisted|p2a: Overqwil
|-damage|p2a: Overqwil|48/100
|-damage|p1a: Rillaboom|13/100|[from] Recoil
|
|-weather|RainDance|[upkeep]
|-heal|p2a: Overqwil|54/100|[from] Grassy Terrain
|-heal|p1b: Sneasler|33/100|[from] Grassy Terrain
|-heal|p1a: Rillaboom|18/100|[from] Grassy Terrain
|-sideend|p2: pantalonesHat|move: Tailwind
|upkeep
|
|t:|1757030052
|switch|p2b: Gholdengo|Gholdengo, L50, shiny|100/100
|turn|5
|inactive|pantalonesHat has 30 seconds left.
|
|t:|1757030078
|move|p2a: Overqwil|Aqua Tail|p1b: Sneasler
|-damage|p1b: Sneasler|0 fnt
|faint|p1b: Sneasler
|move|p2b: Gholdengo|Make It Rain|p1a: Rillaboom
|-resisted|p1a: Rillaboom
|-damage|p1a: Rillaboom|0 fnt
|-unboost|p2b: Gholdengo|spa|1
|faint|p1a: Rillaboom
|-damage|p2b: Gholdengo|91/100|[from] item: Life Orb
|
|win|pantalonesHat
|raw|AbacusStabacus's rating: 1000 → 1000(+0 for losing)
|raw|pantalonesHat's rating: 1036 → 1067(+31 for winning)
|l|☆AbacusStabacus
|player|p1|
