|j|☆prosta1
|j|☆new mental
|html|prosta1new mental    
|uhtml|bestof|Game 2 of a best-of-3
|t:|1784314994
|gametype|doubles
|player|p1|prosta1|1|1222
|player|p2|new mental|volkner|1288
|gen|9
|tier|[Gen 9 Champions] VGC 2026 Reg M-B (Bo3)
|rated|
|rule|Species Clause: Limit one of each Pokémon
|rule|Item Clause: Limit 1 of each item
|clearpoke
|poke|p1|Grimmsnarl, L50, M|
|poke|p1|Feraligatr, L50, M|
|poke|p1|Charizard, L50, M|
|poke|p1|Pelipper, L50, M|
|poke|p1|Venusaur, L50, F|
|poke|p1|Archaludon, L50, F|
|poke|p2|Incineroar, L50, F|
|poke|p2|Maushold, L50|
|poke|p2|Sinistcha, L50|
|poke|p2|Sneasler, L50, F|
|poke|p2|Blastoise, L50, M|
|poke|p2|Delphox, L50, F|
|teampreview|4
|showteam|p1|Grimmsnarl||LightClay|Prankster|SpiritBreak,PartingShot,Reflect,LightScreen|Sassy||M|||50|]Feraligatr||LifeOrb|SheerForce|Liquidation,Protect,FlipTurn,IcePunch|Adamant||M|||50|]Charizard||CharizarditeY|Blaze|Protect,HeatWave,WeatherBall,SolarBeam|Modest||M|||50|]Pelipper||SitrusBerry|Drizzle|Hurricane,WeatherBall,Tailwind,WideGuard|Modest||M|||50|]Venusaur||FocusSash|Chlorophyll|SludgeBomb,SleepPowder,EarthPower,Protect|Modest||F|||50|]Archaludon||Leftovers|Stamina|ElectroShot,DragonPulse,FlashCannon,Protect|Calm||F|||50|
|showteam|p2|Incineroar||SitrusBerry|Intimidate|FakeOut,FlareBlitz,DarkestLariat,PartingShot|Impish||F|||50|]Maushold||ChopleBerry|FriendGuard|SuperFang,FollowMe,Protect,Feint|Impish|||||50|]Sinistcha||OccaBerry|Hospitality|MatchaGotcha,LifeDew,RagePowder,Protect|Bold|||||50|]Sneasler||FocusSash|PoisonTouch|FakeOut,CloseCombat,DireClaw,QuickGuard|Jolly||F|||50|]Blastoise||Blastoisinite|Torrent|WaterSpout,DarkPulse,ShellSmash,Protect|Modest||M|||50|]Delphox||Delphoxite|Blaze|HeatWave,Psychic,NastyPlot,Protect|Timid||F|||50|
|inactive|Battle timer is ON: inactive players will automatically lose when time's up. (requested by new mental)
|
|t:|1784315009
|teamsize|p1|4
|teamsize|p2|4
|start
|switch|p1a: Charizard|Charizard, L50, M|100/100
|switch|p1b: Venusaur|Venusaur, L50, F|100/100
|switch|p2a: Maushold|Maushold, L50|100/100
|switch|p2b: Blastoise|Blastoise, L50, M|100/100
|turn|1
|
|t:|1784315027
|detailschange|p1a: Charizard|Charizard-Mega-Y, L50, M
|-mega|p1a: Charizard|Charizard|Charizardite Y
|-weather|SunnyDay|[from] ability: Drought|[of] p1a: Charizard
|detailschange|p2b: Blastoise|Blastoise-Mega, L50, M
|-mega|p2b: Blastoise|Blastoise|Blastoisinite
|move|p2a: Maushold|Follow Me|p2a: Maushold
|-singleturn|p2a: Maushold|move: Follow Me
|move|p1b: Venusaur|Sleep Powder|p2a: Maushold
|-status|p2a: Maushold|slp|[from] move: Sleep Powder
|move|p1a: Charizard|Heat Wave|p2a: Maushold|[spread] p2a,p2b
|-resisted|p2b: Blastoise|1
|-damage|p2a: Maushold|30/100 slp
|-damage|p2b: Blastoise|76/100
|move|p2b: Blastoise|Shell Smash|p2b: Blastoise
|-unboost|p2b: Blastoise|def|1
|-unboost|p2b: Blastoise|spd|1
|-boost|p2b: Blastoise|atk|2
|-boost|p2b: Blastoise|spa|2
|-boost|p2b: Blastoise|spe|2
|
|-weather|SunnyDay|[upkeep]
|upkeep
|turn|2
|inactive|new mental has 30 seconds left.
|inactive|new mental has 20 seconds left.
|
|t:|1784315063
|switch|p1a: Feraligatr|Feraligatr, L50, M|100/100
|switch|p2a: Sinistcha|Sinistcha, L50|100/100
|-heal|p2b: Blastoise|100/100|[from] ability: Hospitality|[of] p2a: Sinistcha
|move|p1b: Venusaur|Sleep Powder|p2b: Blastoise
|-status|p2b: Blastoise|slp|[from] move: Sleep Powder
|cant|p2b: Blastoise|slp
|
|-weather|SunnyDay|[upkeep]
|upkeep
|turn|3
|inactive|prosta1 has 30 seconds left.
|
|t:|1784315091
|switch|p2a: Sneasler|Sneasler, L50, F|100/100
|move|p1b: Venusaur|Sludge Bomb|p2b: Blastoise
|-damage|p2b: Blastoise|33/100 slp
|cant|p2b: Blastoise|slp
|move|p1a: Feraligatr|Ice Punch|p2b: Blastoise
|-resisted|p2b: Blastoise|1
|-damage|p2b: Blastoise|3/100 slp
|
|-weather|SunnyDay|[upkeep]
|upkeep
|turn|4
|inactive|prosta1 has 30 seconds left.
|
|t:|1784315120
|move|p1b: Venusaur|Protect|p1b: Venusaur
|-singleturn|p1b: Venusaur|Protect
|-curestatus|p2b: Blastoise|slp|[msg]
|move|p2b: Blastoise|Protect|p2b: Blastoise
|-singleturn|p2b: Blastoise|Protect
|move|p1a: Feraligatr|Protect|p1a: Feraligatr
|-singleturn|p1a: Feraligatr|Protect
|move|p2a: Sneasler|Fake Out|p1b: Venusaur
|-activate|p1b: Venusaur|move: Protect
|
|-weather|SunnyDay|[upkeep]
|upkeep
|turn|5
|inactive|prosta1 has 30 seconds left.
|
|t:|1784315148
|switch|p2a: Sinistcha|Sinistcha, L50|100/100
|-heal|p2b: Blastoise|27/100|[from] ability: Hospitality|[of] p2a: Sinistcha
|move|p1b: Venusaur|Earth Power|p2a: Sinistcha
|-resisted|p2a: Sinistcha|1
|-damage|p2a: Sinistcha|87/100
|move|p2b: Blastoise|Dark Pulse|p1a: Feraligatr
|-damage|p1a: Feraligatr|6/100
|move|p1a: Feraligatr|Flip Turn|p2b: Blastoise
|-resisted|p2b: Blastoise|1
|-damage|p2b: Blastoise|13/100
|-damage|p1a: Feraligatr|0 fnt|[from] item: Life Orb
|faint|p1a: Feraligatr
|
|-weather|none
|upkeep
|
|t:|1784315163
|switch|p1a: Charizard|Charizard-Mega-Y, L50, M|100/100
|-weather|SunnyDay|[from] ability: Drought|[of] p1a: Charizard
|turn|6
|
|t:|1784315173
|switch|p2a: Sneasler|Sneasler, L50, F|100/100
|move|p2b: Blastoise|Protect|p2b: Blastoise
|-singleturn|p2b: Blastoise|Protect
|move|p1b: Venusaur|Sludge Bomb|p2a: Sneasler
|-resisted|p2a: Sneasler|1
|-damage|p2a: Sneasler|69/100
|move|p1a: Charizard|Heat Wave|p2b: Blastoise|[spread] p2a
|-activate|p2b: Blastoise|move: Protect
|-damage|p2a: Sneasler|0 fnt
|faint|p2a: Sneasler
|
|-weather|SunnyDay|[upkeep]
|upkeep
|
|t:|1784315186
|switch|p2a: Sinistcha|Sinistcha, L50|87/100
|-heal|p2b: Blastoise|38/100|[from] ability: Hospitality|[of] p2a: Sinistcha
|turn|7
|
|t:|1784315196
|move|p2b: Blastoise|Protect|p2b: Blastoise
|-singleturn|p2b: Blastoise|Protect
|move|p1b: Venusaur|Sludge Bomb|p2b: Blastoise
|-activate|p2b: Blastoise|move: Protect
|move|p1a: Charizard|Heat Wave|p2a: Sinistcha|[spread] p2a
|-activate|p2b: Blastoise|move: Protect
|-supereffective|p2a: Sinistcha|1
|-enditem|p2a: Sinistcha|Occa Berry|[eat]
|-enditem|p2a: Sinistcha|Occa Berry|[weaken]
|-damage|p2a: Sinistcha|35/100
|-status|p2a: Sinistcha|brn
|move|p2a: Sinistcha|Life Dew|p2a: Sinistcha|[spread] p2a,p2b
|-heal|p2a: Sinistcha|60/100 brn
|-heal|p2b: Blastoise|63/100
|
|-weather|SunnyDay|[upkeep]
|-damage|p2a: Sinistcha|54/100 brn|[from] brn
|upkeep
|turn|8
|
|t:|1784315220
|switch|p2a: Maushold|Maushold, L50|30/100 slp
|move|p1b: Venusaur|Sludge Bomb|p2b: Blastoise
|-damage|p2b: Blastoise|14/100
|-status|p2b: Blastoise|psn
|move|p2b: Blastoise|Dark Pulse|p1a: Charizard
|-damage|p1a: Charizard|16/100
|cant|p1a: Charizard|flinch
|
|-weather|SunnyDay|[upkeep]
|-damage|p2b: Blastoise|2/100 psn|[from] psn
|upkeep
|turn|9
|
|t:|1784315237
|switch|p2a: Sinistcha|Sinistcha, L50|54/100 brn
|-heal|p2b: Blastoise|27/100 psn|[from] ability: Hospitality|[of] p2a: Sinistcha
|move|p2b: Blastoise|Protect|p2b: Blastoise
|-singleturn|p2b: Blastoise|Protect
|move|p1a: Charizard|Protect|p1a: Charizard
|-singleturn|p1a: Charizard|Protect
|move|p1b: Venusaur|Sludge Bomb|p2a: Sinistcha
|-damage|p2a: Sinistcha|14/100 brn
|
|-weather|SunnyDay|[upkeep]
|-damage|p2b: Blastoise|14/100 psn|[from] psn
|-damage|p2a: Sinistcha|7/100 brn|[from] brn
|upkeep
|turn|10
|
|t:|1784315259
|switch|p2a: Maushold|Maushold, L50|30/100 slp
|move|p1a: Charizard|Protect||[still]
|-fail|p1a: Charizard
|move|p1b: Venusaur|Sludge Bomb|p2b: Blastoise
|-damage|p2b: Blastoise|0 fnt
|faint|p2b: Blastoise
|
|-weather|none
|upkeep
|-message|new mental forfeited.
|
|win|prosta1
||new mental is ready for game 3.
||prosta1 is ready for game 3.
|uhtml|next|Next: Game 3 of 3
|l|☆new mental
|player|p2|
