|j|☆bexuanmailonto
|j|☆prosta1
|html|bexuanmailontoprosta1    
|uhtml|bestof|Game 1 of a best-of-3
|t:|1785431914
|gametype|doubles
|player|p1|bexuanmailonto|169|1177
|player|p2|prosta1|102|1218
|gen|9
|tier|[Gen 9 Champions] VGC 2026 Reg M-B (Bo3)
|rated|
|rule|Species Clause: Limit one of each Pokémon
|rule|Item Clause: Limit 1 of each item
|clearpoke
|poke|p1|Garchomp, L50, F|
|poke|p1|Tyranitar, L50, F|
|poke|p1|Corviknight, L50, F|
|poke|p1|Milotic, L50, F|
|poke|p1|Sinistcha, L50|
|poke|p1|Ceruledge, L50, M|
|poke|p2|Gengar, L50, F|
|poke|p2|Swampert, L50, M|
|poke|p2|Incineroar, L50, M|
|poke|p2|Politoed, L50, M|
|poke|p2|Kommo-o, L50, M|
|poke|p2|Vivillon, L50, M|
|teampreview|4
|showteam|p1|Garchomp||Garchompite|RoughSkin|EarthPower,DracoMeteor,PowerGem,Protect|Modest||F|||50|]Tyranitar||ChoiceScarf|SandStream|KnockOff,RockSlide,IcePunch,LowKick|Jolly||F|||50|]Corviknight||Leftovers|MirrorArmor|BraveBird,IronHead,Tailwind,Protect|Lax||F|||50|]Milotic||SitrusBerry|Competitive|Scald,IcyWind,Haze,Protect|Bold||F|||50|]Sinistcha||KasibBerry|Hospitality|MatchaGotcha,RagePowder,TrickRoom,Protect|Bold|||||50|]Ceruledge||ColburBerry|FlashFire|BitterBlade,ShadowSneak,BulkUp,Protect|Adamant||M|||50|
|showteam|p2|Gengar||Gengarite|CursedBody|ShadowBall,SludgeBomb,PerishSong,Protect|Timid||F|||50|]Swampert||Swampertite|Damp|WaveCrash,Earthquake,IcePunch,Protect|Adamant||M|||50|]Incineroar||PasshoBerry|Intimidate|ThroatChop,PartingShot,FakeOut,Protect|Sassy||M|||50|]Politoed||SitrusBerry|Drizzle|WeatherBall,PerishSong,Hypnosis,Protect|Calm||M|||50|]Kommo-o||Leftovers|Soundproof|ClangingScales,ClangorousSoul,AuraSphere,Protect|Modest||M|||50|]Vivillon||FocusSash|CompoundEyes|Hurricane,SleepPowder,RagePowder,Protect|Timid||M|||50|
|inactive|Battle timer is ON: inactive players will automatically lose when time's up. (requested by prosta1)
|inactive|bexuanmailonto has 60 seconds left.
|
|t:|1785431990
|teamsize|p1|4
|teamsize|p2|4
|start
|switch|p1a: Sinistcha|Sinistcha, L50|100/100
|switch|p1b: Milotic|Milotic, L50, F|100/100
|switch|p2a: Gengar|Gengar, L50, F|100/100
|switch|p2b: Kommo-o|Kommo-o, L50, M|100/100
|turn|1
|inactive|bexuanmailonto has 30 seconds left.
|inactive|prosta1 has 30 seconds left.
|inactive|bexuanmailonto has 20 seconds left.
|inactive|prosta1 has 20 seconds left.
|
|t:|1785432029
|detailschange|p2a: Gengar|Gengar-Mega, L50, F
|-mega|p2a: Gengar|Gengar|Gengarite
|move|p1a: Sinistcha|Protect|p1a: Sinistcha
|-singleturn|p1a: Sinistcha|Protect
|move|p2a: Gengar|Perish Song|p2a: Gengar
|-start|p1a: Sinistcha|perish3|[silent]
|-start|p1b: Milotic|perish3|[silent]
|-start|p2a: Gengar|perish3|[silent]
|-immune|p2b: Kommo-o|[from] ability: Soundproof
|-fieldactivate|move: Perish Song
|move|p2b: Kommo-o|Aura Sphere|p1b: Milotic
|-damage|p1b: Milotic|69/100
|move|p1b: Milotic|Icy Wind|p2b: Kommo-o|[spread] p2a,p2b
|-supereffective|p2b: Kommo-o|1
|-damage|p2a: Gengar|89/100
|-damage|p2b: Kommo-o|81/100
|-unboost|p2a: Gengar|spe|1
|-unboost|p2b: Kommo-o|spe|1
|
|-heal|p2b: Kommo-o|87/100|[from] item: Leftovers
|-start|p2a: Gengar|perish3
|-start|p1b: Milotic|perish3
|-start|p1a: Sinistcha|perish3
|upkeep
|turn|2
|
|t:|1785432053
|move|p2a: Gengar|Protect|p2a: Gengar
|-singleturn|p2a: Gengar|Protect
|move|p1b: Milotic|Icy Wind|p2a: Gengar|[spread] p2b
|-activate|p2a: Gengar|move: Protect
|-supereffective|p2b: Kommo-o|1
|-damage|p2b: Kommo-o|69/100
|-unboost|p2b: Kommo-o|spe|1
|move|p1a: Sinistcha|Matcha Gotcha|p2a: Gengar|[spread] p2b
|-activate|p2a: Gengar|move: Protect
|-resisted|p2b: Kommo-o|1
|-damage|p2b: Kommo-o|58/100
|move|p2b: Kommo-o|Clangorous Soul|p2b: Kommo-o
|-boost|p2b: Kommo-o|atk|1
|-boost|p2b: Kommo-o|def|1
|-boost|p2b: Kommo-o|spa|1
|-boost|p2b: Kommo-o|spd|1
|-boost|p2b: Kommo-o|spe|1
|-damage|p2b: Kommo-o|25/100
|
|-heal|p2b: Kommo-o|31/100|[from] item: Leftovers
|-start|p2a: Gengar|perish2
|-start|p1b: Milotic|perish2
|-start|p1a: Sinistcha|perish2
|upkeep
|turn|3
|inactive|prosta1 has 30 seconds left.
|inactive|bexuanmailonto has 30 seconds left.
|
|t:|1785432093
|switch|p2a: Politoed|Politoed, L50, M|100/100
|-weather|RainDance|[from] ability: Drizzle|[of] p2a: Politoed
|move|p2b: Kommo-o|Protect|p2b: Kommo-o
|-singleturn|p2b: Kommo-o|Protect
|move|p1b: Milotic|Scald|p2a: Politoed
|-resisted|p2a: Politoed|1
|-damage|p2a: Politoed|81/100
|move|p1a: Sinistcha|Matcha Gotcha|p2b: Kommo-o|[spread] p2a
|-activate|p2b: Kommo-o|move: Protect
|-supereffective|p2a: Politoed|1
|-damage|p2a: Politoed|45/100
|-enditem|p2a: Politoed|Sitrus Berry|[eat]
|-heal|p2a: Politoed|70/100|[from] item: Sitrus Berry
|
|-weather|RainDance|[upkeep]
|-heal|p2b: Kommo-o|37/100|[from] item: Leftovers
|-start|p1b: Milotic|perish1
|-start|p1a: Sinistcha|perish1
|upkeep
|turn|4
|inactive|bexuanmailonto has 30 seconds left.
|inactive|prosta1 has 30 seconds left.
|inactive|bexuanmailonto has 20 seconds left.
|inactive|bexuanmailonto has 15 seconds left.
|
|t:|1785432134
|switch|p1b: Garchomp|Garchomp, L50, F|100/100
|switch|p1a: Tyranitar|Tyranitar, L50, F|100/100
|-weather|Sandstorm|[from] ability: Sand Stream|[of] p1a: Tyranitar
|move|p2a: Politoed|Perish Song|p2a: Politoed
|-start|p1a: Tyranitar|perish3|[silent]
|-start|p1b: Garchomp|perish3|[silent]
|-start|p2a: Politoed|perish3|[silent]
|-immune|p2b: Kommo-o|[from] ability: Soundproof
|-fieldactivate|move: Perish Song
|move|p2b: Kommo-o|Clanging Scales|p1a: Tyranitar|[spread] p1a,p1b
|-supereffective|p1b: Garchomp|1
|-damage|p1a: Tyranitar|62/100
|-damage|p1b: Garchomp|0 fnt
|faint|p1b: Garchomp
|-unboost|p2b: Kommo-o|def|1
|
|-weather|Sandstorm|[upkeep]
|-damage|p2a: Politoed|63/100|[from] Sandstorm
|-damage|p2b: Kommo-o|31/100|[from] Sandstorm
|-heal|p2b: Kommo-o|37/100|[from] item: Leftovers
|-start|p1a: Tyranitar|perish3
|-start|p2a: Politoed|perish3
|upkeep
|
|t:|1785432152
|switch|p1b: Sinistcha|Sinistcha, L50|100/100
|-heal|p1a: Tyranitar|87/100|[from] ability: Hospitality|[of] p1b: Sinistcha
|turn|5
|inactive|bexuanmailonto has 30 seconds left.
|inactive|prosta1 has 30 seconds left.
|inactive|bexuanmailonto has 20 seconds left.
|inactive|bexuanmailonto has 15 seconds left.
|inactive|bexuanmailonto has 10 seconds left.
|
|t:|1785432200
|move|p2b: Kommo-o|Protect|p2b: Kommo-o
|-singleturn|p2b: Kommo-o|Protect
|move|p1a: Tyranitar|Rock Slide|p2a: Politoed|[spread] p2a
|-activate|p2b: Kommo-o|move: Protect
|-damage|p2a: Politoed|36/100
|move|p2a: Politoed|Perish Song|p2a: Politoed
|-start|p1b: Sinistcha|perish3|[silent]
|-immune|p2b: Kommo-o|[from] ability: Soundproof
|-fieldactivate|move: Perish Song
|move|p1b: Sinistcha|Matcha Gotcha|p2b: Kommo-o|[spread] p2a
|-activate|p2b: Kommo-o|move: Protect
|-supereffective|p2a: Politoed|1
|-damage|p2a: Politoed|0 fnt
|faint|p2a: Politoed
|
|-weather|Sandstorm|[upkeep]
|-damage|p1b: Sinistcha|93/100|[from] Sandstorm
|-damage|p2b: Kommo-o|31/100|[from] Sandstorm
|-heal|p2b: Kommo-o|37/100|[from] item: Leftovers
|-start|p1a: Tyranitar|perish2
|-start|p1b: Sinistcha|perish3
|upkeep
|
|t:|1785432225
|switch|p2a: Vivillon|Vivillon, L50, M|100/100
|turn|6
|
|t:|1785432241
|move|p1a: Tyranitar|Rock Slide|p2a: Vivillon|[spread] p2a,p2b
|-supereffective|p2a: Vivillon|2
|-resisted|p2b: Kommo-o|1
|-enditem|p2a: Vivillon|Focus Sash
|-damage|p2a: Vivillon|1/100
|-damage|p2b: Kommo-o|25/100
|move|p2a: Vivillon|Hurricane|p1b: Sinistcha
|-supereffective|p1b: Sinistcha|1
|-damage|p1b: Sinistcha|15/100
|cant|p2b: Kommo-o|flinch
|move|p1b: Sinistcha|Trick Room|p1b: Sinistcha
|-fieldstart|move: Trick Room|[of] p1b: Sinistcha
|
|-weather|Sandstorm|[upkeep]
|-damage|p2b: Kommo-o|19/100|[from] Sandstorm
|-damage|p1b: Sinistcha|9/100|[from] Sandstorm
|-damage|p2a: Vivillon|0 fnt|[from] Sandstorm
|faint|p2a: Vivillon
|-heal|p2b: Kommo-o|25/100|[from] item: Leftovers
|-start|p1b: Sinistcha|perish2
|-start|p1a: Tyranitar|perish1
|upkeep
|
|t:|1785432259
|switch|p2a: Gengar|Gengar-Mega, L50, F|89/100
|turn|7
|
|t:|1785432272
|move|p2b: Kommo-o|Aura Sphere|p1a: Tyranitar
|-supereffective|p1a: Tyranitar|2
|-damage|p1a: Tyranitar|0 fnt
|faint|p1a: Tyranitar
|move|p1b: Sinistcha|Matcha Gotcha|p2a: Gengar|[spread] p2a,p2b
|-resisted|p2a: Gengar|1
|-resisted|p2b: Kommo-o|1
|-damage|p2a: Gengar|76/100
|-heal|p1b: Sinistcha|15/100|[from] drain|[of] p2a: Gengar
|-damage|p2b: Kommo-o|19/100
|-heal|p1b: Sinistcha|19/100|[from] drain|[of] p2b: Kommo-o
|move|p2a: Gengar|Shadow Ball|p1b: Sinistcha
|-supereffective|p1b: Sinistcha|1
|-enditem|p1b: Sinistcha|Kasib Berry|[eat]
|-enditem|p1b: Sinistcha|Kasib Berry|[weaken]
|-damage|p1b: Sinistcha|0 fnt
|faint|p1b: Sinistcha
|
|-weather|Sandstorm|[upkeep]
|-damage|p2b: Kommo-o|13/100|[from] Sandstorm
|-damage|p2a: Gengar|70/100|[from] Sandstorm
|-heal|p2b: Kommo-o|19/100|[from] item: Leftovers
|upkeep
|
|t:|1785432288
|switch|p1b: Milotic|Milotic, L50, F|69/100
|turn|8
|inactive|prosta1 has 30 seconds left.
|
|t:|1785432315
|move|p2b: Kommo-o|Protect|p2b: Kommo-o
|-singleturn|p2b: Kommo-o|Protect
|move|p1b: Milotic|Icy Wind|p2a: Gengar|[spread] p2a
|-activate|p2b: Kommo-o|move: Protect
|-damage|p2a: Gengar|60/100
|-unboost|p2a: Gengar|spe|1
|move|p2a: Gengar|Perish Song|p2a: Gengar
|-start|p1b: Milotic|perish3|[silent]
|-start|p2a: Gengar|perish3|[silent]
|-immune|p2b: Kommo-o|[from] ability: Soundproof
|-fieldactivate|move: Perish Song
|
|-weather|none
|-heal|p2b: Kommo-o|25/100|[from] item: Leftovers
|-start|p1b: Milotic|perish3
|-start|p2a: Gengar|perish3
|upkeep
|turn|9
|inactive|prosta1 has 30 seconds left.
|
|t:|1785432344
|move|p2b: Kommo-o|Clanging Scales|p1b: Milotic
|-damage|p1b: Milotic|6/100
|-enditem|p1b: Milotic|Sitrus Berry|[eat]
|-heal|p1b: Milotic|31/100|[from] item: Sitrus Berry
|-unboost|p2b: Kommo-o|def|1
|move|p1b: Milotic|Icy Wind|p2a: Gengar|[spread] p2a,p2b
|-supereffective|p2b: Kommo-o|1
|-damage|p2a: Gengar|50/100g
|-damage|p2b: Kommo-o|13/100
|-unboost|p2a: Gengar|spe|1
|-unboost|p2b: Kommo-o|spe|1
|move|p2a: Gengar|Sludge Bomb|p1b: Milotic
|-damage|p1b: Milotic|0 fnt
|faint|p1b: Milotic
|
|win|prosta1
||bexuanmailonto is ready for game 2.
|inactive|prosta1 has 30 seconds to confirm battle start!
||prosta1 is ready for game 2.
|uhtml|next|Next: Game 2 of 3
