|j|☆MrManlyMeep
|j|☆TeyVgc
|html|MrManlyMeepTeyVgc    
|uhtml|bestof|Game 1 of a best-of-3
|t:|1783311680
|gametype|doubles
|player|p1|MrManlyMeep|170|1222
|player|p2|TeyVgc|rood|1318
|gen|9
|tier|[Gen 9 Champions] VGC 2026 Reg M-B (Bo3)
|rated|
|rule|Species Clause: Limit one of each Pokémon
|rule|Item Clause: Limit 1 of each item
|clearpoke
|poke|p1|Mawile, L50, F|
|poke|p1|Grimmsnarl, L50, M|
|poke|p1|Ampharos, L50, M|
|poke|p1|Sinistcha-Masterpiece, L50|
|poke|p1|Ceruledge, L50, M|
|poke|p1|Kommo-o, L50, F|
|poke|p2|Sneasler, L50, M|
|poke|p2|Floette-Eternal, L50, F|
|poke|p2|Sinistcha, L50|
|poke|p2|Incineroar, L50, F|
|poke|p2|Kingambit, L50, F|
|poke|p2|Garchomp, L50, M|
|teampreview|4
|showteam|p1|Mawile||Mawilite|Intimidate|SuckerPunch,PlayRough,IronHead,Protect|Adamant||F|||50|]Grimmsnarl||LightClay|Prankster|SpiritBreak,Reflect,LightScreen,PartingShot|Adamant||M|||50|]Ampharos||Ampharosite|Static|Thunderbolt,CottonGuard,Protect,DragonPulse|Calm||M|||50|]Sinistcha-Masterpiece||SitrusBerry|Hospitality|RagePowder,TrickRoom,MatchaGotcha,ShadowBall|Relaxed|||||50|]Ceruledge||ColburBerry|FlashFire|BulkUp,BitterBlade,ShadowSneak,Protect|Adamant||M|||50|]Kommo-o||Leftovers|Soundproof|AuraSphere,ClangingScales,ClangorousSoul,Protect|Modest||F|||50|
|showteam|p2|Sneasler||WhiteHerb|Unburden|CloseCombat,GunkShot,Coaching,FakeOut|Jolly||M|||50|]Floette-Eternal||Floettite|FlowerVeil|CalmMind,Protect,Moonblast,DazzlingGleam|Modest||F|||50|]Sinistcha||ColburBerry|Hospitality|MatchaGotcha,Protect,RagePowder,TrickRoom|Bold|||||50|]Incineroar||SitrusBerry|Intimidate|FakeOut,FlareBlitz,ThroatChop,PartingShot|Impish||F|||50|]Kingambit||ChopleBerry|Defiant|KowtowCleave,SuckerPunch,IronHead,Protect|Adamant||F|||50|]Garchomp||Garchompite|RoughSkin|DragonClaw,Earthquake,SwordsDance,Protect|Adamant||M|||50|
|
|t:|1783311711
|teamsize|p1|4
|teamsize|p2|4
|start
|switch|p1a: Mawile|Mawile, L50, F|100/100
|switch|p1b: Kommo-o|Kommo-o, L50, F|100/100
|switch|p2a: Floette|Floette-Eternal, L50, F|100/100
|switch|p2b: Sneasler|Sneasler, L50, M|100/100
|-ability|p1a: Mawile|Intimidate|boost
|-unboost|p2a: Floette|atk|1
|-unboost|p2b: Sneasler|atk|1
|-enditem|p2b: Sneasler|White Herb
|-clearnegativeboost|p2b: Sneasler|[silent]
|turn|1
|
|t:|1783311742
|switch|p1b: Ceruledge|Ceruledge, L50, M|100/100
|move|p1a: Mawile|Protect|p1a: Mawile
|-singleturn|p1a: Mawile|Protect
|move|p2b: Sneasler|Fake Out|p1a: Mawile
|-activate|p1a: Mawile|move: Protect
|move|p2a: Floette|Calm Mind|p2a: Floette
|-boost|p2a: Floette|spa|1
|-boost|p2a: Floette|spd|1
|
|upkeep
|turn|2
|
|t:|1783311762
|detailschange|p2a: Floette|Floette-Mega, L50, F
|-mega|p2a: Floette|Floette|Floettite
|-ability|p2a: Floette|Fairy Aura
|detailschange|p1a: Mawile|Mawile-Mega, L50, F
|-mega|p1a: Mawile|Mawile|Mawilite
|move|p2b: Sneasler|Close Combat|p1a: Mawile
|-damage|p1a: Mawile|42/100
|-unboost|p2b: Sneasler|def|1
|-unboost|p2b: Sneasler|spd|1
|move|p2a: Floette|Dazzling Gleam|p1b: Ceruledge|[spread] p1a,p1b
|-resisted|p1a: Mawile|1
|-crit|p1a: Mawile
|-resisted|p1b: Ceruledge|1
|-damage|p1a: Mawile|0 fnt
|-damage|p1b: Ceruledge|65/100
|faint|p1a: Mawile
|move|p1b: Ceruledge|Bulk Up|p1b: Ceruledge
|-boost|p1b: Ceruledge|atk|1
|-boost|p1b: Ceruledge|def|1
|
|upkeep
|
|t:|1783311777
|switch|p1a: Grimmsnarl|Grimmsnarl, L50, M|100/100
|turn|3
|
|t:|1783311804
|move|p2a: Floette|Protect|p2a: Floette
|-singleturn|p2a: Floette|Protect
|move|p1a: Grimmsnarl|Light Screen|p1a: Grimmsnarl
|-sidestart|p1: MrManlyMeep|move: Light Screen
|move|p2b: Sneasler|Gunk Shot|p1a: Grimmsnarl
|-supereffective|p1a: Grimmsnarl|1
|-damage|p1a: Grimmsnarl|0 fnt
|faint|p1a: Grimmsnarl
|move|p1b: Ceruledge|Bitter Blade|p2a: Floette
|-activate|p2a: Floette|move: Protect
|
|upkeep
|
|t:|1783311809
|switch|p1a: Kommo-o|Kommo-o, L50, F|100/100
|turn|4
|
|t:|1783311821
|move|p1a: Kommo-o|Protect|p1a: Kommo-o
|-singleturn|p1a: Kommo-o|Protect
|move|p2b: Sneasler|Gunk Shot|p1b: Ceruledge
|-resisted|p1b: Ceruledge|1
|-damage|p1b: Ceruledge|39/100
|-status|p1b: Ceruledge|psn
|move|p2a: Floette|Dazzling Gleam|p1b: Ceruledge|[spread] p1b
|-activate|p1a: Kommo-o|move: Protect
|-resisted|p1b: Ceruledge|1
|-damage|p1b: Ceruledge|15/100 psn
|move|p1b: Ceruledge|Bitter Blade|p2a: Floette
|-damage|p2a: Floette|27/100
|-heal|p1b: Ceruledge|52/100 psn|[from] drain|[of] p2a: Floette
|
|-damage|p1b: Ceruledge|40/100 psn|[from] psn
|upkeep
|turn|5
|
|t:|1783311859
|move|p2b: Sneasler|Gunk Shot|p1a: Kommo-o
|-damage|p1a: Kommo-o|50/100y
|move|p2a: Floette|Dazzling Gleam|p1a: Kommo-o|[spread] p1a,p1b
|-supereffective|p1a: Kommo-o|2
|-resisted|p1b: Ceruledge|1
|-damage|p1a: Kommo-o|0 fnt
|-damage|p1b: Ceruledge|19/100 psn
|faint|p1a: Kommo-o
|move|p1b: Ceruledge|Bitter Blade|p2b: Sneasler
|-crit|p2b: Sneasler
|-damage|p2b: Sneasler|0 fnt
|-heal|p1b: Ceruledge|63/100 psn|[from] drain|[of] p2b: Sneasler
|faint|p2b: Sneasler
|
|-damage|p1b: Ceruledge|51/100 psn|[from] psn
|upkeep
|
|t:|1783311870
|switch|p2b: Incineroar|Incineroar, L50, F|100/100
|-ability|p2b: Incineroar|Intimidate|boost
|-unboost|p1b: Ceruledge|atk|1
|turn|6
|
|t:|1783311880
|move|p2a: Floette|Moonblast|p1b: Ceruledge
|-resisted|p1b: Ceruledge|1
|-damage|p1b: Ceruledge|18/100 psn
|move|p1b: Ceruledge|Bitter Blade|p2a: Floette
|-damage|p2a: Floette|0 fnt
|-heal|p1b: Ceruledge|31/100 psn|[from] drain|[of] p2a: Floette
|faint|p2a: Floette
|move|p2b: Incineroar|Parting Shot|p1b: Ceruledge
|-unboost|p1b: Ceruledge|atk|1
|-unboost|p1b: Ceruledge|spa|1
|
|t:|1783311887
|switch|p2b: Kingambit|Kingambit, L50, F|100/100|[from] Parting Shot
|
|-damage|p1b: Ceruledge|19/100 psn|[from] psn
|upkeep
|
|t:|1783311894
|switch|p2a: Incineroar|Incineroar, L50, F|100/100
|-ability|p2a: Incineroar|Intimidate|boost
|-unboost|p1b: Ceruledge|atk|1
|turn|7
|-message|MrManlyMeep forfeited.
|
|win|TeyVgc
