|j|‽MPM1998
|j|☆pseudo_777
|html|MPM1998pseudo_777    
|uhtml|bestof|Game 3 of a best-of-3
|t:|1783863468
|gametype|doubles
|player|p1|MPM1998|2|1326
|player|p2|pseudo_777|dancer|1326
|gen|9
|tier|[Gen 9 Champions] VGC 2026 Reg M-B (Bo3)
|rated|
|rule|Species Clause: Limit one of each Pokémon
|rule|Item Clause: Limit 1 of each item
|clearpoke
|poke|p1|Pelipper, L50, M|
|poke|p1|Sneasler, L50, F|
|poke|p1|Gholdengo, L50|
|poke|p1|Archaludon, L50, M|
|poke|p1|Swampert, L50, M|
|poke|p1|Basculegion, L50, M|
|poke|p2|Aerodactyl, L50, F|
|poke|p2|Charizard, L50, M|
|poke|p2|Incineroar, L50, F|
|poke|p2|Sylveon, L50, F|
|poke|p2|Garchomp, L50, F|
|poke|p2|Kingambit, L50, M|
|teampreview|4
|showteam|p1|Pelipper||FocusSash|Drizzle|Tailwind,Hurricane,WeatherBall,Protect|Timid||M|||50|]Sneasler||WhiteHerb|Unburden|FakeOut,CloseCombat,DireClaw,Protect|Adamant||F|||50|]Gholdengo||LifeOrb|GoodasGold|MakeItRain,ShadowBall,NastyPlot,Protect|Timid|||||50|]Archaludon||SitrusBerry|Stamina|FlashCannon,DragonPulse,ElectroShot,Protect|Modest||M|||50|]Swampert||Swampertite|Torrent|WaveCrash,HighHorsepower,IcePunch,Protect|Adamant||M|||50|]Basculegion||ChoiceScarf|Adaptability|WaveCrash,FlipTurn,LastRespects,AquaJet|Jolly||M|||50|
|showteam|p2|Aerodactyl||Aerodactylite|RockHead|RockSlide,Tailwind,IceFang,WideGuard|Jolly||F|||50|]Charizard||CharizarditeY|Blaze|Protect,HeatWave,WeatherBall,SolarBeam|Modest||M|||50|]Incineroar||SitrusBerry|Intimidate|FlareBlitz,FakeOut,PartingShot,DarkestLariat|Impish||F|||50|]Sylveon||FairyFeather|Pixilate|HyperVoice,Detect,HyperBeam,CalmMind|Modest||F|||50|]Garchomp||LifeOrb|RoughSkin|Earthquake,DragonClaw,StompingTantrum,Protect|Jolly||F|||50|]Kingambit||FocusSash|Defiant|LowKick,KowtowCleave,SuckerPunch,IronHead|Adamant||M|||50|
|
|t:|1783863490
|teamsize|p1|4
|teamsize|p2|4
|start
|switch|p1a: Pelipper|Pelipper, L50, M|100/100
|switch|p1b: Basculegion|Basculegion, L50, M|100/100
|switch|p2a: Kingambit|Kingambit, L50, M|100/100
|switch|p2b: Sylveon|Sylveon, L50, F|100/100
|-weather|RainDance|[from] ability: Drizzle|[of] p1a: Pelipper
|turn|1
|
|t:|1783863498
|move|p2a: Kingambit|Sucker Punch|p1b: Basculegion
|-supereffective|p1b: Basculegion|1
|-damage|p1b: Basculegion|0 fnt
|faint|p1b: Basculegion
|move|p1a: Pelipper|Weather Ball|p2a: Kingambit
|-damage|p2a: Kingambit|20/100y
|move|p2b: Sylveon|Hyper Voice|p1a: Pelipper
|-damage|p1a: Pelipper|8/100
|
|-weather|RainDance|[upkeep]
|upkeep
|
|t:|1783863503
|switch|p1b: Sneasler|Sneasler, L50, F|100/100
|turn|2
|
|t:|1783863520
|switch|p1a: Archaludon|Archaludon, L50, M|100/100
|move|p1b: Sneasler|Fake Out|p2b: Sylveon
|-damage|p2b: Sylveon|83/100
|move|p2a: Kingambit|Sucker Punch||[still]
|-fail|p2a: Kingambit
|cant|p2b: Sylveon|flinch
|
|-weather|RainDance|[upkeep]
|upkeep
|turn|3
|
|t:|1783863532
|move|p2b: Sylveon|Detect|p2b: Sylveon
|-singleturn|p2b: Sylveon|Protect
|move|p1b: Sneasler|Dire Claw|p2b: Sylveon
|-activate|p2b: Sylveon|move: Protect
|move|p1a: Archaludon|Electro Shot||[still]
|-prepare|p1a: Archaludon|Electro Shot
|-boost|p1a: Archaludon|spa|1
|-anim|p1a: Archaludon|Electro Shot|p2a: Kingambit
|-damage|p2a: Kingambit|0 fnt
|faint|p2a: Kingambit
|
|-weather|RainDance|[upkeep]
|upkeep
|
|t:|1783863542
|switch|p2a: Charizard|Charizard, L50, M|100/100
|turn|4
|
|t:|1783863559
|switch|p2b: Incineroar|Incineroar, L50, F|100/100
|-ability|p2b: Incineroar|Intimidate|boost
|-unboost|p1a: Archaludon|atk|1
|-unboost|p1b: Sneasler|atk|1
|-enditem|p1b: Sneasler|White Herb
|-clearnegativeboost|p1b: Sneasler|[silent]
|move|p2a: Charizard|Protect|p2a: Charizard
|-singleturn|p2a: Charizard|Protect
|move|p1a: Archaludon|Protect|p1a: Archaludon
|-singleturn|p1a: Archaludon|Protect
|move|p1b: Sneasler|Dire Claw|p2b: Incineroar
|-damage|p2b: Incineroar|68/100
|-status|p2b: Incineroar|psn
|
|-weather|RainDance|[upkeep]
|-damage|p2b: Incineroar|55/100 psn|[from] psn
|upkeep
|turn|5
|
|t:|1783863573
|detailschange|p2a: Charizard|Charizard-Mega-Y, L50, M
|-mega|p2a: Charizard|Charizard|Charizardite Y
|-weather|SunnyDay|[from] ability: Drought|[of] p2a: Charizard
|move|p1b: Sneasler|Protect|p1b: Sneasler
|-singleturn|p1b: Sneasler|Protect
|move|p1a: Archaludon|Protect||[still]
|-fail|p1a: Archaludon
|move|p2b: Incineroar|Fake Out|p1a: Archaludon
|-resisted|p1a: Archaludon|1
|-damage|p1a: Archaludon|95/100
|-ability|p1a: Archaludon|Stamina|boost
|-boost|p1a: Archaludon|def|1
|move|p2a: Charizard|Heat Wave|p1a: Archaludon|[spread] p1a
|-activate|p1b: Sneasler|move: Protect
|-damage|p1a: Archaludon|34/100
|-ability|p1a: Archaludon|Stamina|boost
|-boost|p1a: Archaludon|def|1
|-enditem|p1a: Archaludon|Sitrus Berry|[eat]
|-heal|p1a: Archaludon|59/100|[from] item: Sitrus Berry
|
|-weather|SunnyDay|[upkeep]
|-damage|p2b: Incineroar|43/100 psn|[from] psn
|upkeep
|-enditem|p2b: Incineroar|Sitrus Berry|[eat]
|-heal|p2b: Incineroar|68/100 psn|[from] item: Sitrus Berry
|turn|6
|
|t:|1783863601
|switch|p1b: Pelipper|Pelipper, L50, M|8/100
|-weather|RainDance|[from] ability: Drizzle|[of] p1b: Pelipper
|switch|p2a: Sylveon|Sylveon, L50, F|83/100
|move|p1a: Archaludon|Electro Shot||[still]
|-prepare|p1a: Archaludon|Electro Shot
|-boost|p1a: Archaludon|spa|1
|-anim|p1a: Archaludon|Electro Shot|p2b: Incineroar
|-damage|p2b: Incineroar|0 fnt
|faint|p2b: Incineroar
|
|-weather|RainDance|[upkeep]
|upkeep
|
|t:|1783863613
|switch|p2b: Charizard|Charizard-Mega-Y, L50, M|100/100
|-weather|SunnyDay|[from] ability: Drought|[of] p2b: Charizard
|turn|7
|
|t:|1783863635
|move|p2a: Sylveon|Detect|p2a: Sylveon
|-singleturn|p2a: Sylveon|Protect
|move|p2b: Charizard|Weather Ball|p1a: Archaludon
|-damage|p1a: Archaludon|0 fnt
|faint|p1a: Archaludon
|move|p1b: Pelipper|Tailwind|p1b: Pelipper
|-sidestart|p1: MPM1998|move: Tailwind
|
|-weather|SunnyDay|[upkeep]
|upkeep
|
|t:|1783863638
|switch|p1a: Sneasler|Sneasler, L50, F|100/100
|turn|8
|
|t:|1783863653
|move|p1a: Sneasler|Dire Claw|p2a: Sylveon
|-supereffective|p2a: Sylveon|1
|-damage|p2a: Sylveon|0 fnt
|faint|p2a: Sylveon
|move|p1b: Pelipper|Hurricane|p2b: Charizard|[miss]
|-miss|p1b: Pelipper|p2b: Charizard
|move|p2b: Charizard|Heat Wave|p1a: Sneasler|[spread] p1a
|-miss|p2b: Charizard|p1b: Pelipper
|-damage|p1a: Sneasler|21/100
|-status|p1a: Sneasler|brn
|
|-weather|SunnyDay|[upkeep]
|-damage|p1a: Sneasler|15/100 brn|[from] brn
|upkeep
|turn|9
|
|t:|1783863662
|move|p1a: Sneasler|Dire Claw|p2b: Charizard
|-crit|p2b: Charizard
|-damage|p2b: Charizard|60/100
|move|p1b: Pelipper|Hurricane|p2b: Charizard
|-damage|p2b: Charizard|21/100
|move|p2b: Charizard|Heat Wave|p1a: Sneasler|[spread] p1a,p1b
|-resisted|p1b: Pelipper|1
|-damage|p1a: Sneasler|0 fnt
|-damage|p1b: Pelipper|0 fnt
|faint|p1a: Sneasler
|faint|p1b: Pelipper
|
|win|pseudo_777
|raw|MPM1998's rating: 1326 → 1306(-20 for losing)
|raw|pseudo_777's rating: 1326 → 1346(+20 for winning)
|l|‽MPM1998
|player|p1|
