|j|☆MilenaCapilla
|j|☆eeveesbabydaddy
|html|MilenaCapillaeeveesbabydaddy    
|uhtml|bestof|Game 1 of a best-of-3
|t:|1757707661
|gametype|doubles
|player|p1|MilenaCapilla|skierf|1178
|player|p2|eeveesbabydaddy|archie-usum|1147
|gen|9
|tier|[Gen 9] VGC 2025 Reg H (Bo3)
|rated|
|rule|Species Clause: Limit one of each Pokémon
|rule|Item Clause: Limit 1 of each item
|clearpoke
|poke|p1|Pelipper, L50, F|
|poke|p1|Basculegion, L50, M|
|poke|p1|Archaludon, L50, M|
|poke|p1|Farigiraf, L50, F|
|poke|p1|Incineroar, L50, M|
|poke|p1|Amoonguss, L50, F|
|poke|p2|Tyranitar, L50, F|
|poke|p2|Corviknight, L50, F|
|poke|p2|Dragonite, L50, M|
|poke|p2|Whimsicott, L50, M|
|poke|p2|Ursaluna-Bloodmoon, L50, M|
|poke|p2|Arcanine-Hisui, L50, M|
|teampreview|4
|showteam|p1|Pelipper||LifeOrb|Drizzle|WeatherBall,Hurricane,Tailwind,Protect|||F|||50|,,,,,Grass]Basculegion||ChoiceBand|SwiftSwim|WaveCrash,LastRespects,FlipTurn,AquaJet|||M|||50|,,,,,Water]Archaludon||PowerHerb|Sturdy|ElectroShot,DragonPulse,BodyPress,Protect|||M|||50|,,,,,Electric]Farigiraf||ThroatSpray|ArmorTail|HyperVoice,Psychic,TrickRoom,Protect|||F|||50|,,,,,Fairy]Incineroar||SafetyGoggles|Intimidate|KnockOff,PartingShot,FakeOut,Taunt|||M|||50|,,,,,Dragon]Amoonguss||SitrusBerry|Regenerator|PollenPuff,RagePowder,Spore,Protect|||F|||50|,,,,,Dark
|showteam|p2|Tyranitar||AssaultVest|SandStream|RockSlide,KnockOff,TeraBlast,LowKick|||F|||50|,,,,,Grass]Corviknight||SitrusBerry|MirrorArmor|BraveBird,PowerTrip,BulkUp,Roost|||F|||50|,,,,,Water]Dragonite||LoadedDice|InnerFocus|ScaleShot,StompingTantrum,Protect,Haze|||M|||50|,,,,,Ground]Whimsicott||CovertCloak|Prankster|Moonblast,LightScreen,Tailwind,Taunt|||M|||50|,,,,,Steel]Ursaluna-Bloodmoon||LifeOrb|MindsEye|BloodMoon,HyperVoice,EarthPower,Protect|||M|||50|,,,,,Normal]Arcanine-Hisui||ClearAmulet|Intimidate|RockSlide,ExtremeSpeed,FlareBlitz,Protect|||M|||50|,,,,,Water
|inactive|Battle timer is ON: inactive players will automatically lose when time's up. (requested by MilenaCapilla)
|inactive|MilenaCapilla has 60 seconds left.
|inactive|eeveesbabydaddy has 60 seconds left.
|inactive|MilenaCapilla has 30 seconds left.
|inactive|MilenaCapilla has 20 seconds left.
|inactive|MilenaCapilla has 15 seconds left.
|
|t:|1757707744
|teamsize|p1|4
|teamsize|p2|4
|start
|switch|p1a: Basculegion|Basculegion, L50, M|100/100
|switch|p1b: Incineroar|Incineroar, L50, M|100/100
|switch|p2a: Whimsicott|Whimsicott, L50, M, shiny|100/100
|switch|p2b: Ursaluna|Ursaluna-Bloodmoon, L50, M|100/100
|-ability|p1b: Incineroar|Intimidate|boost
|-unboost|p2a: Whimsicott|atk|1
|-unboost|p2b: Ursaluna|atk|1
|turn|1
|
|t:|1757707767
|switch|p1b: Pelipper|Pelipper, L50, F|100/100
|-weather|RainDance|[from] ability: Drizzle|[of] p1b: Pelipper
|move|p2b: Ursaluna|Protect|p2b: Ursaluna
|-singleturn|p2b: Ursaluna|Protect
|move|p2a: Whimsicott|Light Screen|p2a: Whimsicott
|-sidestart|p2: eeveesbabydaddy|move: Light Screen
|move|p1a: Basculegion|Wave Crash|p2b: Ursaluna
|-activate|p2b: Ursaluna|move: Protect
|
|-weather|RainDance|[upkeep]
|upkeep
|turn|2
|inactive|eeveesbabydaddy has 30 seconds left.
|
|t:|1757707802
|switch|p2a: Arcanine|Arcanine-Hisui, L50, M|100/100
|-ability|p2a: Arcanine|Intimidate|boost
|-unboost|p1a: Basculegion|atk|1
|-unboost|p1b: Pelipper|atk|1
|-terastallize|p2b: Ursaluna|Normal
|move|p1a: Basculegion|Wave Crash|p2b: Ursaluna
|-damage|p2b: Ursaluna|23/100
|-damage|p1a: Basculegion|75/100|[from] Recoil
|move|p1b: Pelipper|Tailwind|p1b: Pelipper
|-sidestart|p1: MilenaCapilla|move: Tailwind
|move|p2b: Ursaluna|Hyper Voice|p1b: Pelipper|[spread] p1a,p1b
|-damage|p1a: Basculegion|0 fnt
|-damage|p1b: Pelipper|0 fnt
|faint|p1a: Basculegion
|faint|p1b: Pelipper
|-damage|p2b: Ursaluna|13/100|[from] item: Life Orb
|
|-weather|RainDance|[upkeep]
|upkeep
|
|t:|1757707816
|switch|p1a: Incineroar|Incineroar, L50, M|100/100
|switch|p1b: Archaludon|Archaludon, L50, M|100/100
|-ability|p1a: Incineroar|Intimidate|boost
|-fail|p2a: Arcanine|unboost|[from] item: Clear Amulet|[of] p2a: Arcanine
|-unboost|p2b: Ursaluna|atk|1
|turn|3
|
|t:|1757707839
|switch|p2b: Tyranitar|Tyranitar, L50, F|100/100
|-weather|Sandstorm|[from] ability: Sand Stream|[of] p2b: Tyranitar
|move|p2a: Arcanine|Protect|p2a: Arcanine
|-singleturn|p2a: Arcanine|Protect
|move|p1b: Archaludon|Electro Shot||[still]
|-prepare|p1b: Archaludon|Electro Shot
|-boost|p1b: Archaludon|spa|1
|-enditem|p1b: Archaludon|Power Herb
|-anim|p1b: Archaludon|Electro Shot|p2a: Arcanine
|-activate|p2a: Arcanine|move: Protect
|move|p1a: Incineroar|Knock Off|p2b: Tyranitar
|-resisted|p2b: Tyranitar
|-damage|p2b: Tyranitar|82/100
|-enditem|p2b: Tyranitar|Assault Vest|[from] move: Knock Off|[of] p1a: Incineroar
|
|-weather|Sandstorm|[upkeep]
|upkeep
|turn|4
|inactive|MilenaCapilla has 30 seconds left.
|inactive|MilenaCapilla has 20 seconds left.
|
|t:|1757707876
|move|p1b: Archaludon|Body Press|p2b: Tyranitar
|-supereffective|p2b: Tyranitar
|-damage|p2b: Tyranitar|4/100
|move|p1a: Incineroar|Parting Shot|p2a: Arcanine
|-fail|p2a: Arcanine|unboost|[from] item: Clear Amulet|[of] p2a: Arcanine
|move|p2a: Arcanine|Rock Slide|p1a: Incineroar|[spread] p1a,p1b
|-supereffective|p1a: Incineroar
|-resisted|p1b: Archaludon
|-damage|p1a: Incineroar|50/100
|-damage|p1b: Archaludon|90/100
|move|p2b: Tyranitar|Rock Slide|p1a: Incineroar|[spread] p1a,p1b
|-supereffective|p1a: Incineroar
|-resisted|p1b: Archaludon
|-damage|p1a: Incineroar|0 fnt
|-damage|p1b: Archaludon|75/100
|faint|p1a: Incineroar
|
|-weather|Sandstorm|[upkeep]
|upkeep
|turn|5
|-message|MilenaCapilla forfeited.
|
|win|eeveesbabydaddy
|l|☆MilenaCapilla
|player|p1|
||MilenaCapilla is ready for game 2.
|inactive|eeveesbabydaddy has 30 seconds to confirm battle start!
||eeveesbabydaddy is ready for game 2.
|uhtml|next|Next: Game 2 of 3
