|j|☆aseyo
|j|☆starlight74
|html|aseyostarlight74    
|uhtml|bestof|Game 2 of a best-of-3
|t:|1755788411
|gametype|doubles
|player|p1|aseyo|266|1333
|player|p2|starlight74|emma|1450
|gen|9
|tier|[Gen 9] VGC 2025 Reg H (Bo3)
|rated|
|rule|Species Clause: Limit one of each Pokémon
|rule|Item Clause: Limit 1 of each item
|clearpoke
|poke|p1|Kingambit, L50, M|
|poke|p1|Rillaboom, L50, M|
|poke|p1|Sneasler, L50, F|
|poke|p1|Electabuzz, L50, F|
|poke|p1|Ursaluna-Bloodmoon, L50, M|
|poke|p1|Dragonite, L50, M|
|poke|p2|Ursaluna, L50, M|
|poke|p2|Incineroar, L50, F|
|poke|p2|Sinistcha, L50|
|poke|p2|Archaludon, L50, M|
|poke|p2|Pelipper, L50, M|
|poke|p2|Basculegion, L50, M|
|teampreview|4
|showteam|p1|Kingambit||BlackGlasses|Defiant|KowtowCleave,SuckerPunch,SwordsDance,Protect|||M|||50|,,,,,Dark]Rillaboom||AssaultVest|GrassySurge|WoodHammer,GrassyGlide,HighHorsepower,FakeOut|||M|||50|,,,,,Fire]Sneasler||FocusSash|Unburden|CloseCombat,DireClaw,FakeOut,Coaching|||F|||50|,,,,,Ghost]Electabuzz||Eviolite|VitalSpirit|Electroweb,FollowMe,HelpingHand,Protect|||F|||50|,,,,,Dragon]Ursaluna-Bloodmoon||LifeOrb|MindsEye|BloodMoon,HyperVoice,EarthPower,Protect|||M|||50|,,,,,Normal]Dragonite||LoadedDice|Multiscale|ScaleShot,Haze,Tailwind,Protect|||M|||50|,,,,,Fairy
|showteam|p2|Ursaluna||FlameOrb|Guts|Earthquake,Facade,HeadlongRush,Protect|||M|||50|,,,,,Ghost]Incineroar||SafetyGoggles|Intimidate|FakeOut,PartingShot,KnockOff,FlareBlitz|||F|||50|,,,,,Ghost]Sinistcha||SitrusBerry|Hospitality|RagePowder,TrickRoom,GigaDrain,LifeDew||||||50|,,,,,Dark]Archaludon||AssaultVest|Stamina|ElectroShot,DragonPulse,Snarl,BodyPress|||M|||50|,,,,,Bug]Pelipper||FocusSash|Drizzle|WeatherBall,Hurricane,Protect,Tailwind|||M|||50|,,,,,Stellar]Basculegion||ChoiceScarf|Adaptability|WaveCrash,AquaJet,LastRespects,FlipTurn|||M|||50|,,,,,Water
|inactive|Battle timer is ON: inactive players will automatically lose when time's up. (requested by aseyo)
|inactive|starlight74 also wants the timer to be on.
|inactive|aseyo has 60 seconds left.
|inactive|aseyo has 30 seconds left.
|
|t:|1755788479
|teamsize|p1|4
|teamsize|p2|4
|start
|switch|p1a: Bolt|Electabuzz, L50, F|100/100
|switch|p1b: Ursaluna|Ursaluna-Bloodmoon, L50, M|100/100
|switch|p2a: Pelipper|Pelipper, L50, M|100/100
|switch|p2b: Ursaluna|Ursaluna, L50, M|100/100
|-weather|RainDance|[from] ability: Drizzle|[of] p2a: Pelipper
|turn|1
|
|t:|1755788491
|switch|p2a: Archaludon|Archaludon, L50, M|100/100
|-terastallize|p1b: Ursaluna|Normal
|move|p2b: Ursaluna|Protect|p2b: Ursaluna
|-singleturn|p2b: Ursaluna|Protect
|move|p1a: Bolt|Electroweb|p2a: Archaludon|[spread] p2a
|-activate|p2b: Ursaluna|move: Protect
|-resisted|p2a: Archaludon
|-damage|p2a: Archaludon|94/100
|-unboost|p2a: Archaludon|spe|1
|-ability|p2a: Archaludon|Stamina|boost
|-boost|p2a: Archaludon|def|1
|move|p1b: Ursaluna|Hyper Voice|p2b: Ursaluna|[spread] p2a
|-activate|p2b: Ursaluna|move: Protect
|-resisted|p2a: Archaludon
|-damage|p2a: Archaludon|66/100
|-ability|p2a: Archaludon|Stamina|boost
|-boost|p2a: Archaludon|def|1
|-damage|p1b: Ursaluna|91/100|[from] item: Life Orb
|
|-weather|RainDance|[upkeep]
|-status|p2b: Ursaluna|brn|[from] item: Flame Orb
|upkeep
|turn|2
|
|t:|1755788515
|-terastallize|p2a: Archaludon|Bug
|move|p1a: Bolt|Follow Me|p1a: Bolt
|-singleturn|p1a: Bolt|move: Follow Me
|move|p1b: Ursaluna|Blood Moon|p2b: Ursaluna
|-damage|p2b: Ursaluna|0 fnt
|faint|p2b: Ursaluna
|-damage|p1b: Ursaluna|81/100|[from] item: Life Orb
|move|p2a: Archaludon|Snarl|p1b: Ursaluna|[spread] p1a,p1b
|-damage|p1a: Bolt|89/100
|-damage|p1b: Ursaluna|63/100
|-unboost|p1a: Bolt|spa|1
|-unboost|p1b: Ursaluna|spa|1
|
|-weather|RainDance|[upkeep]
|upkeep
|
|t:|1755788526
|switch|p2b: Sinistcha|Sinistcha, L50|100/100
|-heal|p2a: Archaludon|91/100|[from] ability: Hospitality|[of] p2b: Sinistcha
|turn|3
|
|t:|1755788547
|move|p1a: Bolt|Helping Hand|p1b: Ursaluna
|-singleturn|p1b: Ursaluna|Helping Hand|[of] p1a: Bolt
|move|p1b: Ursaluna|Hyper Voice|p2a: Archaludon|[spread] p2a,p2b
|-damage|p2a: Archaludon|36/100
|-damage|p2b: Sinistcha|42/100
|-ability|p2a: Archaludon|Stamina|boost
|-boost|p2a: Archaludon|def|1
|-enditem|p2b: Sinistcha|Sitrus Berry|[eat]
|-heal|p2b: Sinistcha|67/100|[from] item: Sitrus Berry
|-damage|p1b: Ursaluna|54/100|[from] item: Life Orb
|move|p2a: Archaludon|Electro Shot||[still]
|-prepare|p2a: Archaludon|Electro Shot
|-boost|p2a: Archaludon|spa|1
|-anim|p2a: Archaludon|Electro Shot|p1b: Ursaluna
|-damage|p1b: Ursaluna|0 fnt
|faint|p1b: Ursaluna
|move|p2b: Sinistcha|Trick Room|p2b: Sinistcha
|-fieldstart|move: Trick Room|[of] p2b: Sinistcha
|
|-weather|RainDance|[upkeep]
|upkeep
|
|t:|1755788563
|switch|p1b: Dragonite|Dragonite, L50, M|100/100
|turn|4
|
|t:|1755788576
|move|p1a: Bolt|Follow Me|p1a: Bolt
|-singleturn|p1a: Bolt|move: Follow Me
|move|p2b: Sinistcha|Life Dew|p2b: Sinistcha|[spread] p2a,p2b
|-heal|p2a: Archaludon|61/100
|-heal|p2b: Sinistcha|92/100
|move|p2a: Archaludon|Electro Shot||[still]
|-prepare|p2a: Archaludon|Electro Shot
|-boost|p2a: Archaludon|spa|1
|-anim|p2a: Archaludon|Electro Shot|p1a: Bolt
|-resisted|p1a: Bolt
|-damage|p1a: Bolt|51/100
|move|p1b: Dragonite|Haze|p1b: Dragonite
|-clearallboost
|
|-weather|RainDance|[upkeep]
|upkeep
|turn|5
|inactive|aseyo has 30 seconds left.
|inactive|aseyo has 20 seconds left.
|inactive|aseyo has 15 seconds left.
|
|t:|1755788616
|move|p1a: Bolt|Follow Me|p1a: Bolt
|-singleturn|p1a: Bolt|move: Follow Me
|move|p2b: Sinistcha|Life Dew|p2b: Sinistcha|[spread] p2a,p2b
|-heal|p2a: Archaludon|86/100
|-heal|p2b: Sinistcha|100/100
|move|p2a: Archaludon|Electro Shot||[still]
|-prepare|p2a: Archaludon|Electro Shot
|-boost|p2a: Archaludon|spa|1
|-anim|p2a: Archaludon|Electro Shot|p1a: Bolt
|-resisted|p1a: Bolt
|-damage|p1a: Bolt|27/100
|move|p1b: Dragonite|Scale Shot|p2b: Sinistcha
|-damage|p2b: Sinistcha|87/100
|-damage|p2b: Sinistcha|73/100
|-damage|p2b: Sinistcha|59/100
|-crit|p2b: Sinistcha
|-damage|p2b: Sinistcha|39/100
|-hitcount|p2b: Sinistcha|4
|-unboost|p1b: Dragonite|def|1
|-boost|p1b: Dragonite|spe|1
|
|-weather|none
|upkeep
|turn|6
|inactive|aseyo has 30 seconds left.
|inactive|aseyo has 20 seconds left.
|
|t:|1755788654
|switch|p1a: Wolverine|Sneasler, L50, F|100/100
|move|p2b: Sinistcha|Giga Drain|p1b: Dragonite
|-resisted|p1b: Dragonite
|-damage|p1b: Dragonite|97/100
|-heal|p2b: Sinistcha|40/100|[from] drain|[of] p1b: Dragonite
|move|p2a: Archaludon|Dragon Pulse|p1b: Dragonite
|-supereffective|p1b: Dragonite
|-damage|p1b: Dragonite|0 fnt
|faint|p1b: Dragonite
|
|upkeep
|
|t:|1755788666
|switch|p1b: Bolt|Electabuzz, L50, F|27/100
|turn|7
|
|t:|1755788683
|switch|p2b: Pelipper|Pelipper, L50, M|100/100
|-weather|RainDance|[from] ability: Drizzle|[of] p2b: Pelipper
|move|p1b: Bolt|Protect|p1b: Bolt
|-singleturn|p1b: Bolt|Protect
|move|p2a: Archaludon|Electro Shot||[still]
|-prepare|p2a: Archaludon|Electro Shot
|-boost|p2a: Archaludon|spa|1
|-anim|p2a: Archaludon|Electro Shot|p1b: Bolt
|-activate|p1b: Bolt|move: Protect
|move|p1a: Wolverine|Dire Claw|p2b: Pelipper
|-damage|p2b: Pelipper|46/100
|
|-weather|RainDance|[upkeep]
|-fieldend|move: Trick Room
|upkeep
|turn|8
|
|t:|1755788699
|move|p2b: Pelipper|Protect|p2b: Pelipper
|-singleturn|p2b: Pelipper|Protect
|move|p1a: Wolverine|Dire Claw|p2a: Archaludon
|-damage|p2a: Archaludon|58/100
|-status|p2a: Archaludon|psn
|-ability|p2a: Archaludon|Stamina|boost
|-boost|p2a: Archaludon|def|1
|move|p1b: Bolt|Electroweb|p2b: Pelipper|[spread] p2a
|-activate|p2b: Pelipper|move: Protect
|-damage|p2a: Archaludon|47/100 psn
|-unboost|p2a: Archaludon|spe|1
|-ability|p2a: Archaludon|Stamina|boost
|-boost|p2a: Archaludon|def|1
|move|p2a: Archaludon|Electro Shot||[still]
|-prepare|p2a: Archaludon|Electro Shot
|-boost|p2a: Archaludon|spa|1
|-anim|p2a: Archaludon|Electro Shot|p1a: Wolverine
|-enditem|p1a: Wolverine|Focus Sash
|-damage|p1a: Wolverine|1/100
|
|-weather|RainDance|[upkeep]
|-damage|p2a: Archaludon|35/100 psn|[from] psn
|upkeep
|turn|9
|
|t:|1755788714
|switch|p2b: Sinistcha|Sinistcha, L50|40/100
|-heal|p2a: Archaludon|59/100 psn|[from] ability: Hospitality|[of] p2b: Sinistcha
|move|p1a: Wolverine|Dire Claw|p2a: Archaludon
|-damage|p2a: Archaludon|47/100 psn
|-ability|p2a: Archaludon|Stamina|boost
|-boost|p2a: Archaludon|def|1
|move|p1b: Bolt|Electroweb|p2a: Archaludon|[spread] p2a,p2b
|-resisted|p2b: Sinistcha
|-damage|p2a: Archaludon|36/100 psn
|-damage|p2b: Sinistcha|35/100
|-unboost|p2a: Archaludon|spe|1
|-unboost|p2b: Sinistcha|spe|1
|-ability|p2a: Archaludon|Stamina|boost
|-boost|p2a: Archaludon|def|1
|move|p2a: Archaludon|Snarl|p1a: Wolverine|[spread] p1a,p1b
|-resisted|p1a: Wolverine
|-damage|p1a: Wolverine|0 fnt
|-damage|p1b: Bolt|0 fnt
|faint|p1a: Wolverine
|faint|p1b: Bolt
|
|win|starlight74
|raw|aseyo's rating: 1333 → 1319(-14 for losing)
|raw|starlight74's rating: 1450 → 1464(+14 for winning)
|l|☆aseyo
|player|p1|
