|j|☆Pelosis
|j|☆pitty boi
|html|Pelosispitty boi    
|uhtml|bestof|Game 2 of a best-of-3
|t:|1784642997
|gametype|doubles
|player|p1|Pelosis|170|1175
|player|p2|pitty boi|2|1124
|gen|9
|tier|[Gen 9 Champions] VGC 2026 Reg M-B (Bo3)
|rated|
|rule|Species Clause: Limit one of each Pokémon
|rule|Item Clause: Limit 1 of each item
|clearpoke
|poke|p1|Metagross, L50|
|poke|p1|Hydreigon, L50, M|
|poke|p1|Talonflame, L50, M|
|poke|p1|Sneasler, L50, F|
|poke|p1|Ninetales-Alola, L50, F|
|poke|p1|Floette-Eternal, L50, F|
|poke|p2|Staraptor, L50, F|
|poke|p2|Metagross, L50|
|poke|p2|Farigiraf, L50, F|
|poke|p2|Whimsicott, L50, F|
|poke|p2|Garchomp, L50, F|
|poke|p2|Ceruledge, L50, F|
|teampreview|4
|showteam|p1|Metagross||Metagrossite|ClearBody|Protect,IronHead,ThunderPunch,PsychicFangs|Jolly|||||50|]Hydreigon||ChoiceScarf|Levitate|Snarl,DragonPulse,DarkPulse,EarthPower|Modest||M|||50|]Talonflame||SharpBeak|GaleWings|Protect,DualWingbeat,Tailwind,FlareBlitz|Adamant||M|||50|]Sneasler||FocusSash|Unburden|FakeOut,DireClaw,CloseCombat,Coaching|Jolly||F|||50|]Ninetales-Alola||LightClay|SnowWarning|Protect,AuroraVeil,Blizzard,FreezeDry|Timid||F|||50|]Floette-Eternal||Floettite|FlowerVeil|Protect,CalmMind,DrainingKiss,DazzlingGleam|Modest||F|||50|
|showteam|p2|Staraptor||Staraptite|Intimidate|Protect,CloseCombat,BraveBird,Roost|Jolly||F|||50|]Metagross||Metagrossite|ClearBody|Protect,IronHead,PsychicFangs,StompingTantrum|Adamant|||||50|]Farigiraf||SitrusBerry|ArmorTail|HelpingHand,Psychic,Thunderbolt,TrickRoom|Calm||F|||50|]Whimsicott||FocusSash|Prankster|Moonblast,Tailwind,Charm,Encore|Timid||F|||50|]Garchomp||LifeOrb|RoughSkin|Protect,StompingTantrum,RockSlide,DragonClaw|Jolly||F|||50|]Ceruledge||ColburBerry|FlashFire|Protect,BitterBlade,BulkUp,ShadowSneak|Adamant||F|||50|
|inactive|Battle timer is ON: inactive players will automatically lose when time's up. (requested by pitty boi)
|
|t:|1784643030
|teamsize|p1|4
|teamsize|p2|4
|start
|switch|p1a: Hydreigon|Hydreigon, L50, M|100/100
|switch|p1b: Talonflame|Talonflame, L50, M|100/100
|switch|p2a: Whimsicott|Whimsicott, L50, F|100/100
|switch|p2b: Metagross|Metagross, L50|100/100
|turn|1
|
|t:|1784643050
|detailschange|p2b: Metagross|Metagross-Mega, L50
|-mega|p2b: Metagross|Metagross|Metagrossite
|move|p2b: Metagross|Protect|p2b: Metagross
|-singleturn|p2b: Metagross|Protect
|move|p2a: Whimsicott|Charm|p1b: Talonflame
|-unboost|p1b: Talonflame|atk|2
|move|p1b: Talonflame|Dual Wingbeat|p2a: Whimsicott
|-supereffective|p2a: Whimsicott|1
|-damage|p2a: Whimsicott|69/100
|-supereffective|p2a: Whimsicott|1
|-damage|p2a: Whimsicott|38/100
|-hitcount|p2a: Whimsicott|2
|move|p1a: Hydreigon|Dark Pulse|p2b: Metagross
|-activate|p2b: Metagross|move: Protect
|
|upkeep
|turn|2
|inactive|pitty boi has 30 seconds left.
|inactive|Pelosis has 30 seconds left.
|inactive|pitty boi has 20 seconds left.
|inactive|Pelosis has 20 seconds left.
|
|t:|1784643100
|switch|p1a: Ninetales|Ninetales-Alola, L50, F|100/100
|-weather|Snowscape|[from] ability: Snow Warning|[of] p1a: Ninetales
|switch|p2b: Garchomp|Garchomp, L50, F|100/100
|move|p2a: Whimsicott|Tailwind|p2a: Whimsicott
|-sidestart|p2: pitty boi|move: Tailwind
|move|p1b: Talonflame|Dual Wingbeat|p2a: Whimsicott
|-supereffective|p2a: Whimsicott|1
|-damage|p2a: Whimsicott|8/100
|-supereffective|p2a: Whimsicott|1
|-damage|p2a: Whimsicott|0 fnt
|faint|p2a: Whimsicott
|-hitcount|p2: Whimsicott|2
|
|-weather|Snowscape|[upkeep]
|upkeep
|
|t:|1784643116
|switch|p2a: Metagross|Metagross-Mega, L50|100/100
|turn|3
|
|t:|1784643127
|move|p1b: Talonflame|Tailwind|p1b: Talonflame
|-sidestart|p1: Pelosis|move: Tailwind
|move|p1a: Ninetales|Blizzard|p2a: Metagross|[spread] p2a,p2b
|-resisted|p2a: Metagross|1
|-supereffective|p2b: Garchomp|2
|-damage|p2a: Metagross|85/100
|-damage|p2b: Garchomp|0 fnt
|faint|p2b: Garchomp
|move|p2a: Metagross|Psychic Fangs|p1a: Ninetales
|-damage|p1a: Ninetales|38/100
|
|-weather|Snowscape|[upkeep]
|upkeep
|c|☆Pelosis|:P
|
|t:|1784643134
|switch|p2b: Ceruledge|Ceruledge, L50, F|100/100
|turn|4
|
|t:|1784643148
|move|p1b: Talonflame|Flare Blitz|p2a: Metagross
|-supereffective|p2a: Metagross|1
|-damage|p2a: Metagross|49/100
|-damage|p1b: Talonflame|86/100|[from] Recoil
|move|p1a: Ninetales|Aurora Veil|p1a: Ninetales
|-sidestart|p1: Pelosis|move: Aurora Veil
|move|p2a: Metagross|Psychic Fangs|p1a: Ninetales
|-sideend|p1: Pelosis|move: Aurora Veil
|-damage|p1a: Ninetales|0 fnt
|faint|p1a: Ninetales
|move|p2b: Ceruledge|Bulk Up|p2b: Ceruledge
|-boost|p2b: Ceruledge|atk|1
|-boost|p2b: Ceruledge|def|1
|
|-weather|Snowscape|[upkeep]
|upkeep
|
|t:|1784643160
|switch|p1a: Hydreigon|Hydreigon, L50, M|100/100
|turn|5
|
|t:|1784643172
|switch|p1b: Floette|Floette-Eternal, L50, F|100/100
|move|p2a: Metagross|Protect|p2a: Metagross
|-singleturn|p2a: Metagross|Protect
|move|p1a: Hydreigon|Snarl|p2a: Metagross|[spread] p2b
|-activate|p2a: Metagross|move: Protect
|-supereffective|p2b: Ceruledge|1
|-enditem|p2b: Ceruledge|Colbur Berry|[eat]
|-enditem|p2b: Ceruledge|Colbur Berry|[weaken]
|-damage|p2b: Ceruledge|80/100
|-unboost|p2b: Ceruledge|spa|1
|move|p2b: Ceruledge|Bitter Blade|p1a: Hydreigon
|-resisted|p1a: Hydreigon|1
|-damage|p1a: Hydreigon|57/100
|-heal|p2b: Ceruledge|100/100|[from] drain|[of] p1a: Hydreigon
|
|-weather|Snowscape|[upkeep]
|-sideend|p2: pitty boi|move: Tailwind
|upkeep
|turn|6
|inactive|Pelosis has 30 seconds left.
|
|t:|1784643199
|switch|p1b: Talonflame|Talonflame, L50, M|86/100
|move|p2a: Metagross|Protect||[still]
|-fail|p2a: Metagross
|move|p1a: Hydreigon|Snarl|p2a: Metagross|[spread] p2a,p2b
|-supereffective|p2a: Metagross|1
|-supereffective|p2b: Ceruledge|1
|-damage|p2a: Metagross|3/100
|-damage|p2b: Ceruledge|56/100
|-unboost|p2a: Metagross|spa|1
|-unboost|p2b: Ceruledge|spa|1
|move|p2b: Ceruledge|Bitter Blade|p1a: Hydreigon
|-resisted|p1a: Hydreigon|1
|-crit|p1a: Hydreigon
|-damage|p1a: Hydreigon|0 fnt
|-heal|p2b: Ceruledge|82/100|[from] drain|[of] p1a: Hydreigon
|faint|p1a: Hydreigon
|
|-weather|none
|-sideend|p1: Pelosis|move: Tailwind
|upkeep
|-message|pitty boi forfeited.
|
|win|Pelosis
|raw|Pelosis's rating: 1175 → 1196(+21 for winning)
|raw|pitty boi's rating: 1124 → 1103(-21 for losing)
|l|☆pitty boi
|player|p2|
