|j|☆benjitulio
|j|☆lkwejaf
|html|benjituliolkwejaf    
|uhtml|bestof|Game 2 of a best-of-3
|t:|1783292792
|gametype|doubles
|player|p1|benjitulio|wattson|1126
|player|p2|lkwejaf|giovanni|1046
|gen|9
|tier|[Gen 9 Champions] VGC 2026 Reg M-B (Bo3)
|rated|
|rule|Species Clause: Limit one of each Pokémon
|rule|Item Clause: Limit 1 of each item
|clearpoke
|poke|p1|Maushold-Four, L50|
|poke|p1|Incineroar, L50, F|
|poke|p1|Metagross, L50|
|poke|p1|Aerodactyl, L50, M|
|poke|p1|Primarina, L50, M|
|poke|p1|Sinistcha, L50|
|poke|p2|Pyroar, L50, F|
|poke|p2|Torkoal, L50, M|
|poke|p2|Staraptor, L50, M|
|poke|p2|Altaria, L50, M|
|poke|p2|Sceptile, L50, F|
|poke|p2|Raichu-Alola, L50, M|
|teampreview|4
|showteam|p1|Maushold-Four||FocusSash|FriendGuard|FollowMe,RainDance,PopulationBomb,SuperFang|Jolly|||||50|]Incineroar||ChopleBerry|Intimidate|FakeOut,FlareBlitz,PartingShot,DarkestLariat|Impish||F|||50|]Metagross||Metagrossite|ClearBody|IronHead,Protect,PsychicFangs,Earthquake|Adamant|||||50|]Aerodactyl||FocusBand|Unnerve|RockSlide,Protect,Tailwind,IceFang|Jolly||M|||50|]Primarina||ChoiceScarf|LiquidVoice|HyperVoice,HydroPump,IcyWind,Moonblast|Modest||M|||50|]Sinistcha||Leftovers|Hospitality|MatchaGotcha,LifeDew,ShadowBall,RagePowder|Calm|||||50|
|showteam|p2|Pyroar||Pyroarite|Unnerve|HeatWave,SolarBeam,Protect,Overheat|Timid||F|||50|]Torkoal||HeatRock|Drought|HelpingHand,HeatWave,SolarBeam,Protect|Quiet||M|||50|]Staraptor||ChoiceScarf|Intimidate|FinalGambit,CloseCombat,BraveBird,Uturn|Jolly||M|||50|]Altaria||Leftovers|CloudNine|PerishSong,Protect,Roost,Haze|Calm||M|||50|]Sceptile||Sceptilite|Overgrow|DragonPulse,EarthPower,EnergyBall,Protect|Timid||F|||50|]Raichu-Alola||FocusSash|SurgeSurfer|Discharge,RisingVoltage,ElectricTerrain,Protect|Timid||M|||50|
|
|t:|1783292828
|teamsize|p1|4
|teamsize|p2|4
|start
|switch|p1a: Sinistcha|Sinistcha, L50|100/100
|switch|p1b: Aerodactyl|Aerodactyl, L50, M|100/100
|switch|p2a: Staraptor|Staraptor, L50, M|100/100
|switch|p2b: Torkoal|Torkoal, L50, M|100/100
|-ability|p1b: Aerodactyl|Unnerve
|-ability|p2a: Staraptor|Intimidate|boost
|-unboost|p1a: Sinistcha|atk|1
|-unboost|p1b: Aerodactyl|atk|1
|-weather|SunnyDay|[from] ability: Drought|[of] p2b: Torkoal
|turn|1
|
|t:|1783292849
|move|p1a: Sinistcha|Rage Powder|p1a: Sinistcha
|-singleturn|p1a: Sinistcha|move: Rage Powder
|move|p2a: Staraptor|Final Gambit|p1a: Sinistcha
|-immune|p1a: Sinistcha
|move|p1b: Aerodactyl|Rock Slide|p2b: Torkoal|[spread] p2a,p2b
|-supereffective|p2a: Staraptor|1
|-supereffective|p2b: Torkoal|1
|-damage|p2a: Staraptor|58/100
|-damage|p2b: Torkoal|76/100
|cant|p2b: Torkoal|flinch
|
|-weather|SunnyDay|[upkeep]
|upkeep
|turn|2
|
|t:|1783292864
|move|p1a: Sinistcha|Rage Powder|p1a: Sinistcha
|-singleturn|p1a: Sinistcha|move: Rage Powder
|move|p2a: Staraptor|Final Gambit|p1a: Sinistcha
|-immune|p1a: Sinistcha
|move|p1b: Aerodactyl|Rock Slide|p2a: Staraptor|[spread] p2b
|-miss|p1b: Aerodactyl|p2a: Staraptor
|-supereffective|p2b: Torkoal|1
|-damage|p2b: Torkoal|51/100
|move|p2b: Torkoal|Heat Wave|p1a: Sinistcha|[spread] p1a,p1b
|-supereffective|p1a: Sinistcha|1
|-resisted|p1b: Aerodactyl|1
|-damage|p1a: Sinistcha|24/100
|-damage|p1b: Aerodactyl|69/100
|-status|p1b: Aerodactyl|brn
|
|-weather|SunnyDay|[upkeep]
|-heal|p1a: Sinistcha|30/100|[from] item: Leftovers
|-damage|p1b: Aerodactyl|63/100 brn|[from] brn
|upkeep
|turn|3
|
|t:|1783292874
|move|p1a: Sinistcha|Rage Powder|p1a: Sinistcha
|-singleturn|p1a: Sinistcha|move: Rage Powder
|move|p2a: Staraptor|Final Gambit|p1a: Sinistcha
|-immune|p1a: Sinistcha
|move|p1b: Aerodactyl|Tailwind|p1b: Aerodactyl
|-sidestart|p1: benjitulio|move: Tailwind
|move|p2b: Torkoal|Heat Wave|p1a: Sinistcha|[spread] p1a,p1b
|-supereffective|p1a: Sinistcha|1
|-resisted|p1b: Aerodactyl|1
|-damage|p1a: Sinistcha|0 fnt
|-damage|p1b: Aerodactyl|33/100 brn
|faint|p1a: Sinistcha
|
|-weather|SunnyDay|[upkeep]
|-damage|p1b: Aerodactyl|27/100 brn|[from] brn
|upkeep
|
|t:|1783292883
|switch|p1a: Maushold|Maushold-Four, L50|100/100
|turn|4
|
|t:|1783292896
|move|p2b: Torkoal|Protect|p2b: Torkoal
|-singleturn|p2b: Torkoal|Protect
|move|p1b: Aerodactyl|Rock Slide|p2b: Torkoal|[spread] p2a
|-activate|p2b: Torkoal|move: Protect
|-supereffective|p2a: Staraptor|1
|-damage|p2a: Staraptor|36/100
|move|p1a: Maushold|Rain Dance|p1a: Maushold
|-weather|RainDance
|cant|p2a: Staraptor|flinch
|
|-weather|RainDance|[upkeep]
|-damage|p1b: Aerodactyl|21/100 brn|[from] brn
|upkeep
|turn|5
|
|t:|1783292923
|switch|p1b: Primarina|Primarina, L50, M|100/100
|switch|p2b: Altaria|Altaria, L50, M|100/100
|-ability|p2b: Altaria|Cloud Nine
|move|p1a: Maushold|Population Bomb|p2a: Staraptor
|-damage|p2a: Staraptor|25/100
|-damage|p2a: Staraptor|15/100
|-hitcount|p2a: Staraptor|2
|move|p2a: Staraptor|Final Gambit|p1b: Primarina
|-damage|p1b: Primarina|80/100
|faint|p2a: Staraptor
|
|-weather|RainDance|[upkeep]
|upkeep
|
|t:|1783292942
|switch|p2a: Torkoal|Torkoal, L50, M|51/100
|-weather|SunnyDay|[from] ability: Drought|[of] p2a: Torkoal
|turn|6
|
|t:|1783292953
|switch|p2b: Pyroar|Pyroar, L50, F|100/100
|-ability|p2b: Pyroar|Unnerve
|move|p1a: Maushold|Rain Dance|p1a: Maushold
|-weather|RainDance
|move|p1b: Primarina|Hyper Voice|p2b: Pyroar|[spread] p2a,p2b
|-supereffective|p2a: Torkoal|1
|-supereffective|p2b: Pyroar|1
|-damage|p2a: Torkoal|0 fnt
|-damage|p2b: Pyroar|0 fnt
|faint|p2a: Torkoal
|faint|p2b: Pyroar
|
|-weather|RainDance|[upkeep]
|-sideend|p1: benjitulio|move: Tailwind
|upkeep
|
|t:|1783292966
|switch|p2a: Altaria|Altaria, L50, M|100/100
|-ability|p2a: Altaria|Cloud Nine
|turn|7
|-message|lkwejaf forfeited.
|
|win|benjitulio
