|j|☆Rosa Verde
|j|☆Big6mybeloved
|html|Rosa VerdeBig6mybeloved    
|uhtml|bestof|Game 1 of a best-of-3
|t:|1785697678
|gametype|doubles
|player|p1|Rosa Verde|pokemonbreederf-gen4|1135
|player|p2|Big6mybeloved|265|1216
|gen|9
|tier|[Gen 9 Champions] VGC 2026 Reg M-B (Bo3)
|rated|
|rule|Species Clause: Limit one of each Pokémon
|rule|Item Clause: Limit 1 of each item
|clearpoke
|poke|p1|Gengar, L50, F|
|poke|p1|Altaria, L50, M|
|poke|p1|Annihilape, L50, F|
|poke|p1|Kingambit, L50, F|
|poke|p1|Tinkaton, L50, F|
|poke|p1|Incineroar, L50, F|
|poke|p2|Whimsicott, L50, F, shiny|
|poke|p2|Garchomp, L50, F|
|poke|p2|Basculegion, L50, M|
|poke|p2|Charizard, L50, M|
|poke|p2|Floette-Eternal, L50, F|
|poke|p2|Kingambit, L50, M|
|teampreview|4
|showteam|p1|Gengar||Gengarite|CursedBody|ShadowBall,Disable,PerishSong,Protect|Timid||F|||50|]Altaria||Leftovers|CloudNine|FireSpin,PerishSong,WillOWisp,Protect|Bold||M|||50|]Annihilape||ChoiceScarf|Defiant|CloseCombat,PhantomForce,IcePunch,Uturn|Adamant||F|||50|]Kingambit||BlackGlasses|Defiant|KowtowCleave,SuckerPunch,SwordsDance,Protect|Adamant||F|||50|]Tinkaton||ShucaBerry|MoldBreaker|GigatonHammer,Encore,FakeOut,Protect|Jolly||F|||50|]Incineroar||PasshoBerry|Intimidate|FlareBlitz,PartingShot,FakeOut,Protect|Relaxed||F|||50|
|showteam|p2|Whimsicott||FocusSash|Prankster|Protect,Tailwind,Encore,Moonblast|Timid||F|||50|]Garchomp||LifeOrb|RoughSkin|Protect,RockSlide,Earthquake,DragonClaw|Jolly||F|||50|]Basculegion||MysticWater|Adaptability|Protect,WaveCrash,LastRespects,AquaJet|Adamant||M|||50|]Charizard||CharizarditeY|Blaze|Protect,HeatWave,WeatherBall,SolarBeam|Modest||M|||50|]Floette-Eternal||Floettite|FlowerVeil|Protect,LightofRuin,DazzlingGleam,Moonblast|Modest||F|||50|]Kingambit||ChopleBerry|Defiant|LowKick,SuckerPunch,KowtowCleave,IronHead|Adamant||M|||50|
|inactive|Battle timer is ON: inactive players will automatically lose when time's up. (requested by Big6mybeloved)
|inactive|Rosa Verde has 60 seconds left.
|inactive|Big6mybeloved has 60 seconds left.
|
|t:|1785697722
|teamsize|p1|4
|teamsize|p2|4
|start
|switch|p1a: Gengar|Gengar, L50, F|100/100
|switch|p1b: Incineroar|Incineroar, L50, F|100/100
|switch|p2a: Floette|Floette-Eternal, L50, F|100/100
|switch|p2b: Whimsicott|Whimsicott, L50, F, shiny|100/100
|-ability|p1b: Incineroar|Intimidate|boost
|-unboost|p2a: Floette|atk|1
|-block|p2b: Whimsicott|ability: Flower Veil|[of] p2a: Floette
|turn|1
|
|t:|1785697746
|switch|p2a: Basculegion|Basculegion, L50, M|100/100
|detailschange|p1a: Gengar|Gengar-Mega, L50, F
|-mega|p1a: Gengar|Gengar|Gengarite
|move|p2b: Whimsicott|Protect|p2b: Whimsicott
|-singleturn|p2b: Whimsicott|Protect
|move|p1b: Incineroar|Fake Out|p2a: Basculegion
|-immune|p2a: Basculegion
|move|p1a: Gengar|Perish Song|p1a: Gengar
|-start|p1a: Gengar|perish3|[silent]
|-start|p1b: Incineroar|perish3|[silent]
|-start|p2a: Basculegion|perish3|[silent]
|-start|p2b: Whimsicott|perish3|[silent]
|-fieldactivate|move: Perish Song
|
|-start|p2b: Whimsicott|perish3
|-start|p1a: Gengar|perish3
|-start|p2a: Basculegion|perish3
|-start|p1b: Incineroar|perish3
|upkeep
|turn|2
|inactive|Rosa Verde has 30 seconds left.
|inactive|Big6mybeloved has 30 seconds left.
|
|t:|1785697778
|move|p1b: Incineroar|Protect|p1b: Incineroar
|-singleturn|p1b: Incineroar|Protect
|move|p2b: Whimsicott|Encore|p1a: Gengar
|-start|p1a: Gengar|Encore
|move|p1a: Gengar|Perish Song||[still]
|-fail|p1a: Gengar
|move|p2a: Basculegion|Wave Crash|p1a: Gengar
|-damage|p1a: Gengar|0 fnt
|faint|p1a: Gengar
|-damage|p2a: Basculegion|71/100|[from] Recoil
|
|-start|p2b: Whimsicott|perish2
|-start|p2a: Basculegion|perish2
|-start|p1b: Incineroar|perish2
|upkeep
|
|t:|1785697800
|switch|p1a: Tinkaton|Tinkaton, L50, F|100/100
|-ability|p1a: Tinkaton|Mold Breaker
|turn|3
|
|t:|1785697824
|switch|p2a: Kingambit|Kingambit, L50, M|100/100
|move|p2b: Whimsicott|Protect|p2b: Whimsicott
|-singleturn|p2b: Whimsicott|Protect
|move|p1a: Tinkaton|Gigaton Hammer|p2b: Whimsicott
|-activate|p2b: Whimsicott|move: Protect
|move|p1b: Incineroar|Parting Shot|p2a: Kingambit
|-unboost|p2a: Kingambit|atk|1
|-ability|p2a: Kingambit|Defiant|boost
|-boost|p2a: Kingambit|atk|2
|-unboost|p2a: Kingambit|spa|1
|-ability|p2a: Kingambit|Defiant|boost
|-boost|p2a: Kingambit|atk|2
|
|t:|1785697840
|switch|p1b: Annihilape|Annihilape, L50, F|100/100|[from] Parting Shot
|
|-start|p2b: Whimsicott|perish1
|upkeep
|turn|4
|inactive|Rosa Verde has 30 seconds left.
|
|t:|1785697866
|switch|p2b: Basculegion|Basculegion, L50, M|71/100
|move|p1a: Tinkaton|Protect|p1a: Tinkaton
|-singleturn|p1a: Tinkaton|Protect
|move|p2a: Kingambit|Sucker Punch|p1b: Annihilape
|-damage|p1b: Annihilape|6/100
|move|p1b: Annihilape|Close Combat|p2a: Kingambit
|-supereffective|p2a: Kingambit|2
|-enditem|p2a: Kingambit|Chople Berry|[eat]
|-enditem|p2a: Kingambit|Chople Berry|[weaken]
|-damage|p2a: Kingambit|6/100
|-unboost|p1b: Annihilape|def|1
|-unboost|p1b: Annihilape|spd|1
|
|upkeep
|turn|5
|inactive|Rosa Verde has 30 seconds left.
|
|t:|1785697899
|move|p2a: Kingambit|Sucker Punch|p1a: Tinkaton
|-resisted|p1a: Tinkaton|1
|-damage|p1a: Tinkaton|51/100
|move|p1b: Annihilape|Close Combat|p2a: Kingambit
|-supereffective|p2a: Kingambit|2
|-damage|p2a: Kingambit|0 fnt
|-unboost|p1b: Annihilape|def|1
|-unboost|p1b: Annihilape|spd|1
|faint|p2a: Kingambit
|move|p1a: Tinkaton|Gigaton Hammer|p2b: Basculegion
|-resisted|p2b: Basculegion|1
|-damage|p2b: Basculegion|47/100
|move|p2b: Basculegion|Wave Crash|p1a: Tinkaton
|-damage|p1a: Tinkaton|0 fnt
|faint|p1a: Tinkaton
|-damage|p2b: Basculegion|31/100|[from] Recoil
|
|upkeep
|
|t:|1785697911
|switch|p1a: Incineroar|Incineroar, L50, F|100/100
|switch|p2a: Floette|Floette-Eternal, L50, F|100/100
|-ability|p1a: Incineroar|Intimidate|boost
|-unboost|p2a: Floette|atk|1
|-unboost|p2b: Basculegion|atk|1
|turn|6
|
|t:|1785697927
|detailschange|p2a: Floette|Floette-Mega, L50, F
|-mega|p2a: Floette|Floette|Floettite
|-ability|p2a: Floette|Fairy Aura
|move|p1a: Incineroar|Fake Out|p2a: Floette
|-damage|p2a: Floette|84/100
|move|p2b: Basculegion|Aqua Jet|p1b: Annihilape
|-damage|p1b: Annihilape|0 fnt
|faint|p1b: Annihilape
|cant|p2a: Floette|flinch
|
|upkeep
|turn|7
|
|t:|1785697942
|move|p2a: Floette|Moonblast|p1a: Incineroar
|-damage|p1a: Incineroar|25/100
|move|p2b: Basculegion|Wave Crash|p1a: Incineroar
|-supereffective|p1a: Incineroar|1
|-enditem|p1a: Incineroar|Passho Berry|[eat]
|-enditem|p1a: Incineroar|Passho Berry|[weaken]
|-damage|p1a: Incineroar|0 fnt
|faint|p1a: Incineroar
|-damage|p2b: Basculegion|22/100|[from] Recoil
|
|win|Big6mybeloved
|l|☆Rosa Verde
|player|p1|
||Rosa Verde is ready for game 2.
||Big6mybeloved is ready for game 2.
|uhtml|next|Next: Game 2 of 3
