|j|☆dambro222
|j|☆tessa scarlet
|html|dambro222tessa scarlet    
|uhtml|bestof|Game 2 of a best-of-3
|t:|1756240704
|gametype|doubles
|player|p1|dambro222|ethan|1194
|player|p2|tessa scarlet|102|1271
|gen|9
|tier|[Gen 9] VGC 2025 Reg H (Bo3)
|rated|
|rule|Species Clause: Limit one of each Pokémon
|rule|Item Clause: Limit 1 of each item
|clearpoke
|poke|p1|Dragonite, L50, M|
|poke|p1|Volcarona, L50, F|
|poke|p1|Sneasler, L50, M|
|poke|p1|Rillaboom, L50, M|
|poke|p1|Electabuzz, L50, M|
|poke|p1|Kingambit, L50, M|
|poke|p2|Gholdengo, L50|
|poke|p2|Dragonite, L50, F|
|poke|p2|Volcarona, L50, M|
|poke|p2|Annihilape, L50, F|
|poke|p2|Dondozo, L50, F|
|poke|p2|Ursaluna-Bloodmoon, L50, M|
|teampreview|4
|showteam|p1|Dragonite||LoadedDice|Multiscale|ScaleShot,ExtremeSpeed,Haze,Protect|||M|||50|,,,,,Fairy]Volcarona||CovertCloak|FlameBody|HeatWave,TeraBlast,QuiverDance,Protect|||F|||50|,,,,,Fairy]Sneasler||FocusSash|Unburden|CloseCombat,DireClaw,Coaching,Protect|||M|||50|,,,,,Stellar]Rillaboom||AssaultVest|GrassySurge|WoodHammer,GrassyGlide,HighHorsepower,FakeOut|||M|||50|,,,,,Water]Electabuzz||Eviolite|VitalSpirit|Electroweb,FollowMe,Taunt,Protect|||M|||50|,,,,,Ghost]Kingambit||BlackGlasses|Defiant|KowtowCleave,SuckerPunch,SwordsDance,Protect|||M|||50|,,,,,Dark
|showteam|p2|Gholdengo||ChoiceScarf|GoodasGold|MakeItRain,ShadowBall,Trick,Protect||||||50|,,,,,Steel]Dragonite||LoadedDice|Multiscale|ScaleShot,ExtremeSpeed,Haze,Protect|||F|||50|,,,,,Fairy]Volcarona||CovertCloak|FlameBody|StruggleBug,HeatWave,RagePowder,Tailwind|||M|||50|,,,,,Dragon]Annihilape||FocusSash|Defiant|CloseCombat,RageFist,Coaching,FinalGambit|||F|||50|,,,,,Stellar]Dondozo||Leftovers|Unaware|WaveCrash,Yawn,Fissure,Protect|||F|||50|,,,,,Poison]Ursaluna-Bloodmoon||AssaultVest|MindsEye|BloodMoon,EarthPower,HyperVoice,VacuumWave|||M|||50|,,,,,Normal
|inactive|Battle timer is ON: inactive players will automatically lose when time's up. (requested by dambro222)
|inactive|dambro222 has 60 seconds left.
|
|t:|1756240737
|teamsize|p1|4
|teamsize|p2|4
|start
|switch|p1a: Volcarona|Volcarona, L50, F|100/100
|switch|p1b: Rillaboom|Rillaboom, L50, M|100/100
|switch|p2a: Volcarona|Volcarona, L50, M|100/100
|switch|p2b: Dondozo|Dondozo, L50, F|100/100
|-fieldstart|move: Grassy Terrain|[from] ability: Grassy Surge|[of] p1b: Rillaboom
|turn|1
|inactive|tessa scarlet has 30 seconds left.
|
|t:|1756240770
|move|p2b: Dondozo|Protect|p2b: Dondozo
|-singleturn|p2b: Dondozo|Protect
|move|p1b: Rillaboom|Fake Out|p2b: Dondozo
|-activate|p2b: Dondozo|move: Protect
|move|p2a: Volcarona|Heat Wave|p1a: Volcarona|[spread] p1a,p1b
|-crit|p1a: Volcarona
|-supereffective|p1b: Rillaboom
|-damage|p1a: Volcarona|54/100
|-damage|p1b: Rillaboom|50/100
|move|p1a: Volcarona|Quiver Dance|p1a: Volcarona
|-boost|p1a: Volcarona|spa|1
|-boost|p1a: Volcarona|spd|1
|-boost|p1a: Volcarona|spe|1
|
|-heal|p1a: Volcarona|60/100|[from] Grassy Terrain
|-heal|p1b: Rillaboom|56/100|[from] Grassy Terrain
|upkeep
|turn|2
|
|t:|1756240790
|-terastallize|p1a: Volcarona|Fairy
|-terastallize|p2b: Dondozo|Poison
|move|p1b: Rillaboom|Grassy Glide|p2b: Dondozo
|-resisted|p2b: Dondozo
|-damage|p2b: Dondozo|89/100
|move|p1a: Volcarona|Heat Wave|p2b: Dondozo|[spread] p2a,p2b
|-damage|p2a: Volcarona|50/100
|-damage|p2b: Dondozo|63/100
|move|p2a: Volcarona|Heat Wave|p1a: Volcarona|[spread] p1a
|-miss|p2a: Volcarona|p1b: Rillaboom
|-damage|p1a: Volcarona|39/100
|move|p2b: Dondozo|Wave Crash|p1a: Volcarona
|-damage|p1a: Volcarona|0 fnt
|faint|p1a: Volcarona
|-damage|p2b: Dondozo|54/100|[from] Recoil
|
|-heal|p2a: Volcarona|56/100|[from] Grassy Terrain
|-heal|p1b: Rillaboom|62/100|[from] Grassy Terrain
|-heal|p2b: Dondozo|60/100|[from] Grassy Terrain
|-heal|p2b: Dondozo|66/100|[from] item: Leftovers
|upkeep
|
|t:|1756240808
|switch|p1a: Sneasler|Sneasler, L50, M|100/100
|turn|3
|
|t:|1756240826
|move|p1a: Sneasler|Dire Claw|p2a: Volcarona
|-damage|p2a: Volcarona|3/100
|move|p2a: Volcarona|Heat Wave|p1b: Rillaboom|[spread] p1a
|-miss|p2a: Volcarona|p1b: Rillaboom
|-damage|p1a: Sneasler|58/100
|move|p1b: Rillaboom|High Horsepower|p2b: Dondozo|[miss]
|-miss|p1b: Rillaboom|p2b: Dondozo
|move|p2b: Dondozo|Yawn|p1a: Sneasler
|-start|p1a: Sneasler|move: Yawn|[of] p2b: Dondozo
|
|-heal|p1a: Sneasler|63/100|[from] Grassy Terrain
|-heal|p2a: Volcarona|9/100|[from] Grassy Terrain
|-heal|p1b: Rillaboom|68/100|[from] Grassy Terrain
|-heal|p2b: Dondozo|72/100|[from] Grassy Terrain
|-heal|p2b: Dondozo|79/100|[from] item: Leftovers
|upkeep
|turn|4
|inactive|dambro222 has 30 seconds left.
|
|t:|1756240854
|move|p1a: Sneasler|Dire Claw|p2a: Volcarona
|-damage|p2a: Volcarona|0 fnt
|faint|p2a: Volcarona
|move|p1b: Rillaboom|High Horsepower|p2b: Dondozo|[miss]
|-miss|p1b: Rillaboom|p2b: Dondozo
|move|p2b: Dondozo|Yawn|p1b: Rillaboom
|-start|p1b: Rillaboom|move: Yawn|[of] p2b: Dondozo
|
|-heal|p1a: Sneasler|69/100|[from] Grassy Terrain
|-heal|p1b: Rillaboom|74/100|[from] Grassy Terrain
|-heal|p2b: Dondozo|85/100|[from] Grassy Terrain
|-heal|p2b: Dondozo|91/100|[from] item: Leftovers
|-end|p1a: Sneasler|move: Yawn|[silent]
|-status|p1a: Sneasler|slp
|upkeep
|
|t:|1756240863
|switch|p2a: Dragonite|Dragonite, L50, F|100/100
|turn|5
|
|t:|1756240871
|switch|p1a: Electabuzz|Electabuzz, L50, M|100/100
|move|p2a: Dragonite|Scale Shot|p1a: Electabuzz
|-damage|p1a: Electabuzz|89/100
|-damage|p1a: Electabuzz|77/100
|-damage|p1a: Electabuzz|66/100
|-damage|p1a: Electabuzz|55/100
|-damage|p1a: Electabuzz|44/100
|-hitcount|p1a: Electabuzz|5
|-unboost|p2a: Dragonite|def|1
|-boost|p2a: Dragonite|spe|1
|move|p1b: Rillaboom|High Horsepower|p2b: Dondozo
|-supereffective|p2b: Dondozo
|-damage|p2b: Dondozo|54/100
|move|p2b: Dondozo|Yawn||[still]
|-fail|p2b: Dondozo
|
|-heal|p1a: Electabuzz|50/100|[from] Grassy Terrain
|-heal|p1b: Rillaboom|80/100|[from] Grassy Terrain
|-heal|p2b: Dondozo|60/100|[from] Grassy Terrain
|-heal|p2b: Dondozo|66/100|[from] item: Leftovers
|-end|p1b: Rillaboom|move: Yawn|[silent]
|-status|p1b: Rillaboom|slp
|-fieldend|move: Grassy Terrain
|upkeep
|turn|6
|
|t:|1756240884
|switch|p1b: Sneasler|Sneasler, L50, M|69/100 slp
|move|p2a: Dragonite|Scale Shot|p1a: Electabuzz|[miss]
|-miss|p2a: Dragonite|p1a: Electabuzz
|move|p1a: Electabuzz|Electroweb|p2a: Dragonite|[spread] p2b
|-miss|p1a: Electabuzz|p2a: Dragonite
|-damage|p2b: Dondozo|57/100
|-unboost|p2b: Dondozo|spe|1
|move|p2b: Dondozo|Wave Crash|p1a: Electabuzz
|-damage|p1a: Electabuzz|17/100
|-damage|p2b: Dondozo|49/100|[from] Recoil
|
|-heal|p2b: Dondozo|56/100|[from] item: Leftovers
|upkeep
|turn|7
|
|t:|1756240903
|move|p2a: Dragonite|Scale Shot|p1a: Electabuzz
|-crit|p1a: Electabuzz
|-damage|p1a: Electabuzz|0 fnt
|faint|p1a: Electabuzz
|-hitcount|p1: Electabuzz|1
|-unboost|p2a: Dragonite|def|1
|-boost|p2a: Dragonite|spe|1
|cant|p1b: Sneasler|slp
|move|p2b: Dondozo|Wave Crash|p1b: Sneasler
|-damage|p1b: Sneasler|0 fnt
|faint|p1b: Sneasler
|-damage|p2b: Dondozo|41/100|[from] Recoil
|
|-heal|p2b: Dondozo|47/100|[from] item: Leftovers
|upkeep
|
|t:|1756240909
|switch|p1b: Rillaboom|Rillaboom, L50, M|80/100 slp
|-fieldstart|move: Grassy Terrain|[from] ability: Grassy Surge|[of] p1b: Rillaboom
|turn|8
|-message|dambro222 forfeited.
|
|win|tessa scarlet
|raw|dambro222's rating: 1194 → 1174(-20 for losing)
|raw|tessa scarlet's rating: 1271 → 1291(+20 for winning)
|l|☆dambro222
|player|p1|
|l|☆tessa scarlet
|player|p2|
|j|☆dambro222
|player|p1|dambro222|ethan|
