|j|☆akucintaindonesia
|j|☆ovalboi
|html|akucintaindonesiaovalboi    
|uhtml|bestof|Game 3 of a best-of-3
|t:|1782711978
|gametype|doubles
|player|p1|akucintaindonesia|169|1024
|player|p2|ovalboi|acetrainer-gen4dp|1178
|gen|9
|tier|[Gen 9 Champions] VGC 2026 Reg M-B (Bo3)
|rated|
|rule|Species Clause: Limit one of each Pokémon
|rule|Item Clause: Limit 1 of each item
|clearpoke
|poke|p1|Scrafty, L50, M|
|poke|p1|Farigiraf, L50, M|
|poke|p1|Archaludon, L50, F|
|poke|p1|Annihilape, L50, F|
|poke|p1|Zoroark-Hisui, L50, F|
|poke|p1|Scolipede, L50, M|
|poke|p2|Dragonite, L50, F|
|poke|p2|Incineroar, L50, F|
|poke|p2|Toxapex, L50, F|
|poke|p2|Sinistcha, L50|
|poke|p2|Floette-Eternal, L50, F|
|poke|p2|Sneasler, L50, M|
|teampreview|4
|showteam|p1|Scrafty||Scraftinite|Intimidate|FakeOut,Protect,HighJumpKick,KnockOff|Careful||M|||50|]Farigiraf||SitrusBerry|ArmorTail|HelpingHand,Protect,Psychic,DazzlingGleam|Bold||M|||50|]Archaludon||DragonFang|Stamina|DracoMeteor,DragonPulse,FlashCannon,Protect|Calm||F|||50|]Annihilape||ChoiceScarf|Defiant|RageFist,DrainPunch,CloseCombat,GunkShot|Jolly||F|||50|]Zoroark-Hisui||FocusSash|Illusion|IcyWind,BitterMalice,Snarl,Protect|Timid||F|||50|]Scolipede||Scolipite|SpeedBoost|RockSlide,GunkShot,Toxic,Protect|Adamant||M|||50|
|showteam|p2|Dragonite||Dragoninite|Multiscale|DragonPulse,Thunderbolt,HeatWave,Protect|Timid||F|||50|]Incineroar||SitrusBerry|Intimidate|FlareBlitz,ThroatChop,FakeOut,PartingShot|Jolly||F|||50|]Toxapex||Leftovers|Regenerator|Toxic,Infestation,Recover,BanefulBunker|Calm||F|||50|]Sinistcha||KasibBerry|Hospitality|MatchaGotcha,RagePowder,TrickRoom,Protect|Calm|||||50|]Floette-Eternal||Floettite|FlowerVeil|Moonblast,DrainingKiss,CalmMind,Protect|Timid||F|||50|]Sneasler||FocusSash|PoisonTouch|CloseCombat,PoisonJab,FakeOut,ThroatChop|Jolly||M|||50|
|inactive|Battle timer is ON: inactive players will automatically lose when time's up. (requested by ovalboi)
|
|t:|1782712014
|teamsize|p1|4
|teamsize|p2|4
|start
|switch|p1a: Archaludon|Archaludon, L50, F|100/100
|switch|p1b: Farigiraf|Farigiraf, L50, M|100/100
|switch|p2a: Dragonite|Dragonite, L50, F|100/100
|switch|p2b: Toxapex|Toxapex, L50, F|100/100
|turn|1
|inactive|ovalboi has 30 seconds left.
|
|t:|1782712044
|move|p2a: Dragonite|Protect|p2a: Dragonite
|-singleturn|p2a: Dragonite|Protect
|move|p2b: Toxapex|Baneful Bunker|p2b: Toxapex
|-singleturn|p2b: Toxapex|move: Protect
|move|p1a: Archaludon|Icy Wind|p2b: Toxapex|[spread] 
|-activate|p2a: Dragonite|move: Protect
|-activate|p2b: Toxapex|move: Protect
|move|p1b: Farigiraf|Psychic|p2b: Toxapex
|-activate|p2b: Toxapex|move: Protect
|
|upkeep
|turn|2
|inactive|ovalboi has 30 seconds left.
|inactive|akucintaindonesia has 30 seconds left.
|
|t:|1782712084
|detailschange|p2a: Dragonite|Dragonite-Mega, L50, F
|-mega|p2a: Dragonite|Dragonite|Dragoninite
|move|p1b: Farigiraf|Protect|p1b: Farigiraf
|-singleturn|p1b: Farigiraf|Protect
|move|p1a: Archaludon|Snarl|p2a: Dragonite|[spread] p2a,p2b
|-damage|p2a: Dragonite|94/100
|-damage|p2b: Toxapex|89/100
|-unboost|p2a: Dragonite|spa|1
|-unboost|p2b: Toxapex|spa|1
|move|p2a: Dragonite|Dragon Pulse|p1b: Farigiraf
|-activate|p1b: Farigiraf|move: Protect
|move|p2b: Toxapex|Infestation|p1a: Archaludon
|-resisted|p1a: Archaludon|1
|-damage|p1a: Archaludon|97/100
|-activate|p1a: Archaludon|move: Infestation|[of] p2b: Toxapex
|replace|p1a: Zoroark|Zoroark-Hisui, L50, F
|-end|p1a: Zoroark|Illusion
|
|-heal|p2b: Toxapex|94/100|[from] item: Leftovers
|-damage|p1a: Zoroark|85/100|[from] move: Infestation|[partiallytrapped]
|upkeep
|turn|3
|
|t:|1782712104
|move|p1a: Zoroark|Icy Wind|p2a: Dragonite|[spread] p2a,p2b
|-supereffective|p2a: Dragonite|2
|-resisted|p2b: Toxapex|1
|-damage|p2a: Dragonite|44/100
|-damage|p2b: Toxapex|89/100
|-unboost|p2a: Dragonite|spe|1
|-unboost|p2b: Toxapex|spe|1
|move|p2a: Dragonite|Dragon Pulse|p1b: Farigiraf
|-damage|p1b: Farigiraf|72/100
|move|p1b: Farigiraf|Psychic|p2b: Toxapex
|-supereffective|p2b: Toxapex|1
|-damage|p2b: Toxapex|46/100
|move|p2b: Toxapex|Toxic|p1b: Farigiraf
|-status|p1b: Farigiraf|tox
|
|-heal|p2b: Toxapex|52/100|[from] item: Leftovers
|-damage|p1b: Farigiraf|66/100 tox|[from] psn
|-damage|p1a: Zoroark|73/100|[from] move: Infestation|[partiallytrapped]
|upkeep
|turn|4
|
|t:|1782712125
|move|p2a: Dragonite|Protect|p2a: Dragonite
|-singleturn|p2a: Dragonite|Protect
|move|p2b: Toxapex|Baneful Bunker|p2b: Toxapex
|-singleturn|p2b: Toxapex|move: Protect
|move|p1a: Zoroark|Icy Wind|p2a: Dragonite|[spread] 
|-activate|p2a: Dragonite|move: Protect
|-activate|p2b: Toxapex|move: Protect
|move|p1b: Farigiraf|Psychic|p2b: Toxapex
|-activate|p2b: Toxapex|move: Protect
|
|-heal|p2b: Toxapex|57/100|[from] item: Leftovers
|-damage|p1b: Farigiraf|53/100 tox|[from] psn
|-damage|p1a: Zoroark|61/100|[from] move: Infestation|[partiallytrapped]
|upkeep
|turn|5
|inactive|ovalboi has 30 seconds left.
|
|t:|1782712156
|switch|p2a: Sinistcha|Sinistcha, L50|100/100
|-heal|p2b: Toxapex|82/100|[from] ability: Hospitality|[of] p2a: Sinistcha
|move|p1a: Zoroark|Snarl|p2b: Toxapex|[spread] p2a,p2b
|-supereffective|p2a: Sinistcha|1
|-damage|p2a: Sinistcha|75/100
|-damage|p2b: Toxapex|72/100
|-unboost|p2a: Sinistcha|spa|1
|-unboost|p2b: Toxapex|spa|1
|move|p1b: Farigiraf|Psychic|p2b: Toxapex
|-supereffective|p2b: Toxapex|1
|-damage|p2b: Toxapex|21/100
|move|p2b: Toxapex|Infestation|p1b: Farigiraf
|-supereffective|p1b: Farigiraf|1
|-damage|p1b: Farigiraf|51/100 tox
|-activate|p1b: Farigiraf|move: Infestation|[of] p2b: Toxapex
|
|-heal|p2b: Toxapex|27/100|[from] item: Leftovers
|-damage|p1b: Farigiraf|32/100 tox|[from] psn
|-damage|p1a: Zoroark|49/100|[from] move: Infestation|[partiallytrapped]
|-damage|p1b: Farigiraf|20/100y tox|[from] move: Infestation|[partiallytrapped]
|upkeep
|-enditem|p1b: Farigiraf|Sitrus Berry|[eat]
|-heal|p1b: Farigiraf|44/100 tox|[from] item: Sitrus Berry
|turn|6
|
|t:|1782712177
|switch|p1a: Archaludon|Archaludon, L50, F|100/100
|move|p2a: Sinistcha|Protect|p2a: Sinistcha
|-singleturn|p2a: Sinistcha|Protect
|move|p2b: Toxapex|Baneful Bunker|p2b: Toxapex
|-singleturn|p2b: Toxapex|move: Protect
|move|p1b: Farigiraf|Psychic|p2b: Toxapex
|-activate|p2b: Toxapex|move: Protect
|
|-heal|p2b: Toxapex|33/100|[from] item: Leftovers
|-damage|p1b: Farigiraf|20/100y tox|[from] psn
|-damage|p1b: Farigiraf|7/100 tox|[from] move: Infestation|[partiallytrapped]
|upkeep
|turn|7
|inactive|ovalboi has 30 seconds left.
|
|t:|1782712208
|-heal|p2b: Toxapex|66/100|[from] ability: Regenerator|[silent]
|switch|p2b: Sneasler|Sneasler, L50, M|100/100
|move|p1a: Archaludon|Dragon Pulse|p2b: Sneasler
|-damage|p2b: Sneasler|32/100
|move|p2a: Sinistcha|Matcha Gotcha|p1a: Archaludon|[spread] p1a,p1b
|-resisted|p1a: Archaludon|2
|-damage|p1a: Archaludon|95/100
|-heal|p2a: Sinistcha|77/100|[from] drain|[of] p1a: Archaludon
|-damage|p1b: Farigiraf|0 fnt
|-heal|p2a: Sinistcha|82/100|[from] drain|[of] p1b: Farigiraf
|-status|p1a: Archaludon|brn
|-ability|p1a: Archaludon|Stamina|boost
|-boost|p1a: Archaludon|def|1
|faint|p1b: Farigiraf
|
|-damage|p1a: Archaludon|90/100 brn|[from] brn
|upkeep
|
|t:|1782712222
|switch|p1b: Annihilape|Annihilape, L50, F|100/100
|turn|8
|inactive|ovalboi has 30 seconds left.
|
|t:|1782712252
|move|p2a: Sinistcha|Rage Powder|p2a: Sinistcha
|-singleturn|p2a: Sinistcha|move: Rage Powder
|move|p1b: Annihilape|Rage Fist|p2a: Sinistcha
|-supereffective|p2a: Sinistcha|1
|-enditem|p2a: Sinistcha|Kasib Berry|[eat]
|-enditem|p2a: Sinistcha|Kasib Berry|[weaken]
|-damage|p2a: Sinistcha|61/100
|move|p2b: Sneasler|Close Combat|p1a: Archaludon
|-supereffective|p1a: Archaludon|1
|-damage|p1a: Archaludon|20/100y brn
|-unboost|p2b: Sneasler|def|1
|-unboost|p2b: Sneasler|spd|1
|-ability|p1a: Archaludon|Stamina|boost
|-boost|p1a: Archaludon|def|1
|move|p1a: Archaludon|Dragon Pulse|p2a: Sinistcha
|-damage|p2a: Sinistcha|14/100
|
|-damage|p1a: Archaludon|15/100 brn|[from] brn
|upkeep
|turn|9
|inactive|akucintaindonesia has 30 seconds left.
|
|t:|1782712279
|move|p2a: Sinistcha|Rage Powder|p2a: Sinistcha
|-singleturn|p2a: Sinistcha|move: Rage Powder
|move|p1b: Annihilape|Rage Fist|p2a: Sinistcha
|-supereffective|p2a: Sinistcha|1
|-damage|p2a: Sinistcha|0 fnt
|faint|p2a: Sinistcha
|move|p2b: Sneasler|Close Combat|p1a: Archaludon
|-supereffective|p1a: Archaludon|1
|-damage|p1a: Archaludon|0 fnt
|-unboost|p2b: Sneasler|def|1
|-unboost|p2b: Sneasler|spd|1
|faint|p1a: Archaludon
|
|upkeep
|
|t:|1782712285
|switch|p1a: Annihilape|Annihilape, L50, F|49/100
|switch|p2a: Toxapex|Toxapex, L50, F|66/100
|turn|10
|
|t:|1782712304
|move|p1b: Annihilape|Rage Fist|p2b: Sneasler
|-damage|p2b: Sneasler|0 fnt
|faint|p2b: Sneasler
|move|p1a: Annihilape|Snarl|p2a: Toxapex
|-damage|p2a: Toxapex|51/100
|-unboost|p2a: Toxapex|spa|1
|move|p2a: Toxapex|Toxic|p1b: Annihilape
|-status|p1b: Annihilape|tox
|
|-heal|p2a: Toxapex|57/100|[from] item: Leftovers
|-damage|p1b: Annihilape|94/100 tox|[from] psn
|upkeep
|
|t:|1782712314
|switch|p2b: Dragonite|Dragonite-Mega, L50, F|44/100
|turn|11
|
|t:|1782712322
|move|p2b: Dragonite|Protect|p2b: Dragonite
|-singleturn|p2b: Dragonite|Protect
|move|p2a: Toxapex|Baneful Bunker|p2a: Toxapex
|-singleturn|p2a: Toxapex|move: Protect
|move|p1b: Annihilape|Rage Fist|p2a: Toxapex
|-activate|p2a: Toxapex|move: Protect
|move|p1a: Annihilape|Icy Wind|p2b: Dragonite|[spread] 
|-activate|p2a: Toxapex|move: Protect
|-activate|p2b: Dragonite|move: Protect
|
|-heal|p2a: Toxapex|63/100|[from] item: Leftovers
|-damage|p1b: Annihilape|82/100 tox|[from] psn
|upkeep
|turn|12
|inactive|ovalboi has 30 seconds left.
|
|t:|1782712356
|move|p1b: Annihilape|Rage Fist|p2a: Toxapex
|-damage|p2a: Toxapex|47/100
|move|p1a: Annihilape|Icy Wind|p2a: Toxapex|[spread] p2a,p2b
|-resisted|p2a: Toxapex|1
|-supereffective|p2b: Dragonite|2
|-damage|p2a: Toxapex|42/100
|-damage|p2b: Dragonite|0 fnt
|-unboost|p2a: Toxapex|spe|1
|faint|p2b: Dragonite
|move|p2a: Toxapex|Recover|p2a: Toxapex
|-heal|p2a: Toxapex|92/100
|
|-heal|p2a: Toxapex|98/100|[from] item: Leftovers
|-damage|p1b: Annihilape|64/100 tox|[from] psn
|upkeep
|turn|13
|inactive|akucintaindonesia has 30 seconds left.
|
|t:|1782712387
|move|p1b: Annihilape|Rage Fist|p2a: Toxapex
|-damage|p2a: Toxapex|80/100
|move|p1a: Annihilape|Bitter Malice|p2a: Toxapex
|-damage|p2a: Toxapex|54/100
|-unboost|p2a: Toxapex|atk|1
|move|p2a: Toxapex|Toxic|p1a: Annihilape
|-status|p1a: Annihilape|tox
|
|-heal|p2a: Toxapex|60/100|[from] item: Leftovers
|-damage|p1b: Annihilape|40/100 tox|[from] psn
|-damage|p1a: Annihilape|43/100 tox|[from] psn
|upkeep
|turn|14
|
|t:|1782712399
|move|p2a: Toxapex|Baneful Bunker|p2a: Toxapex
|-singleturn|p2a: Toxapex|move: Protect
|move|p1b: Annihilape|Rage Fist|p2a: Toxapex
|-activate|p2a: Toxapex|move: Protect
|move|p1a: Annihilape|Bitter Malice|p2a: Toxapex
|-activate|p2a: Toxapex|move: Protect
|
|-heal|p2a: Toxapex|66/100|[from] item: Leftovers
|-damage|p1b: Annihilape|10/100 tox|[from] psn
|-damage|p1a: Annihilape|31/100 tox|[from] psn
|upkeep
|turn|15
|
|t:|1782712408
|move|p1b: Annihilape|Rage Fist|p2a: Toxapex
|-damage|p2a: Toxapex|49/100
|move|p1a: Annihilape|Bitter Malice|p2a: Toxapex
|-damage|p2a: Toxapex|21/100
|-unboost|p2a: Toxapex|atk|1
|move|p2a: Toxapex|Recover|p2a: Toxapex
|-heal|p2a: Toxapex|71/100
|
|-heal|p2a: Toxapex|77/100|[from] item: Leftovers
|-damage|p1b: Annihilape|0 fnt|[from] psn
|faint|p1b: Annihilape
|-damage|p1a: Annihilape|12/100 tox|[from] psn
|upkeep
|turn|16
|c|☆ovalboi|ggwp
|c|☆akucintaindonesia|Shut up
|-message|akucintaindonesia forfeited.
|raw|akucintaindonesia's rating: 1024 → 1016(-8 for losing)
|raw|ovalboi's rating: 1178 → 1193(+15 for winning)
|
|win|ovalboi
