|j|☆Astonished25
|j|☆JohnPocketMonster
|html|Astonished25JohnPocketMonster    
|uhtml|bestof|Game 1 of a best-of-3
|t:|1786079856
|gametype|doubles
|player|p1|Astonished25|unknown|1170
|player|p2|JohnPocketMonster|li|1047
|gen|9
|tier|[Gen 9 Champions] VGC 2026 Reg M-B (Bo3)
|rated|
|rule|Species Clause: Limit one of each Pokémon
|rule|Item Clause: Limit 1 of each item
|clearpoke
|poke|p1|Sinistcha, L50|
|poke|p1|Incineroar, L50, F|
|poke|p1|Floette-Eternal, L50, F|
|poke|p1|Staraptor, L50, M|
|poke|p1|Kingambit, L50, M|
|poke|p1|Maushold, L50|
|poke|p2|Gengar, L50, M, shiny|
|poke|p2|Politoed, L50, F|
|poke|p2|Incineroar, L50, F|
|poke|p2|Archaludon, L50, F|
|poke|p2|Basculegion, L50, M|
|poke|p2|Swampert, L50, M|
|teampreview|4
|showteam|p1|Sinistcha||ColburBerry|Hospitality|MatchaGotcha,RagePowder,TrickRoom,LifeDew|Relaxed|||||50|]Incineroar||PasshoBerry|Intimidate|ThroatChop,FlareBlitz,PartingShot,FakeOut|Adamant||F|||50|]Floette-Eternal||Floettite|FlowerVeil|Protect,CalmMind,Moonblast,DazzlingGleam|Modest||F|||50|]Staraptor||Staraptite|Intimidate|CloseCombat,DualWingbeat,Roost,Protect|Jolly||M|||50|]Kingambit||LifeOrb|Defiant|SuckerPunch,IronHead,KowtowCleave,Protect|Brave||M|||50|]Maushold||ChopleBerry|FriendGuard|Feint,FollowMe,Protect,BabyDollEyes|Careful|||||50|
|showteam|p2|Gengar||Gengarite|CursedBody|ShadowBall,PerishSong,Disable,Protect|Timid||M|||50|]Politoed||SitrusBerry|Drizzle|WeatherBall,PerishSong,Protect,Hypnosis|Calm||F|||50|]Incineroar||ShucaBerry|Intimidate|FakeOut,DarkestLariat,PartingShot,Protect|Adamant||F|||50|]Archaludon||Leftovers|Stamina|Protect,FlashCannon,ElectroShot,DragonPulse|Serious||F|||50|]Basculegion||ChoiceScarf|Adaptability|WaveCrash,LastRespects,AquaJet,FlipTurn|Jolly||M|||50|]Swampert||Swampertite|Torrent|HighHorsepower,IcePunch,Protect,WaveCrash|Adamant||M|||50|
|inactive|Battle timer is ON: inactive players will automatically lose when time's up. (requested by JohnPocketMonster)
|inactive|Astonished25 also wants the timer to be on.
|
|t:|1786079880
|teamsize|p1|4
|teamsize|p2|4
|start
|switch|p1a: Incineroar|Incineroar, L50, F|100/100
|switch|p1b: Floette|Floette-Eternal, L50, F|100/100
|switch|p2a: Gengar|Gengar, L50, M, shiny|100/100
|switch|p2b: Incineroar|Incineroar, L50, F|100/100
|-ability|p1a: Incineroar|Intimidate|boost
|-unboost|p2a: Gengar|atk|1
|-unboost|p2b: Incineroar|atk|1
|-ability|p2b: Incineroar|Intimidate|boost
|-unboost|p1a: Incineroar|atk|1
|-unboost|p1b: Floette|atk|1
|turn|1
|
|t:|1786079896
|switch|p1b: Kingambit|Kingambit, L50, M|100/100
|detailschange|p2a: Gengar|Gengar-Mega, L50, M, shiny
|-mega|p2a: Gengar|Gengar|Gengarite
|move|p2b: Incineroar|Fake Out|p1b: Kingambit
|-resisted|p1b: Kingambit|1
|-damage|p1b: Kingambit|97/100
|move|p2a: Gengar|Perish Song|p2a: Gengar
|-start|p1a: Incineroar|perish3|[silent]
|-start|p1b: Kingambit|perish3|[silent]
|-start|p2a: Gengar|perish3|[silent]
|-start|p2b: Incineroar|perish3|[silent]
|-fieldactivate|move: Perish Song
|move|p1a: Incineroar|Throat Chop|p2b: Incineroar
|-resisted|p2b: Incineroar|1
|-damage|p2b: Incineroar|89/100
|-start|p2b: Incineroar|Throat Chop|[silent]
|
|-start|p2a: Gengar|perish3
|-start|p1a: Incineroar|perish3
|-start|p2b: Incineroar|perish3
|-start|p1b: Kingambit|perish3
|upkeep
|turn|2
|
|t:|1786079915
|move|p2a: Gengar|Protect|p2a: Gengar
|-singleturn|p2a: Gengar|Protect
|move|p2b: Incineroar|Protect|p2b: Incineroar
|-singleturn|p2b: Incineroar|Protect
|move|p1a: Incineroar|Parting Shot|p2b: Incineroar
|-activate|p2b: Incineroar|move: Protect
|move|p1b: Kingambit|Kowtow Cleave|p2a: Gengar
|-activate|p2a: Gengar|move: Protect
|
|-end|p2b: Incineroar|Throat Chop|[silent]
|-start|p2a: Gengar|perish2
|-start|p1a: Incineroar|perish2
|-start|p2b: Incineroar|perish2
|-start|p1b: Kingambit|perish2
|upkeep
|turn|3
|inactive|JohnPocketMonster has 30 seconds left.
|inactive|Astonished25 has 30 seconds left.
|inactive|JohnPocketMonster has 20 seconds left.
|inactive|JohnPocketMonster has 15 seconds left.
|
|t:|1786079959
|move|p2b: Incineroar|Protect|p2b: Incineroar
|-singleturn|p2b: Incineroar|Protect
|move|p2a: Gengar|Disable|p1b: Kingambit
|-start|p1b: Kingambit|Disable|Kowtow Cleave
|move|p1a: Incineroar|Throat Chop|p2b: Incineroar
|-activate|p2b: Incineroar|move: Protect
|cant|p1b: Kingambit|Disable|Kowtow Cleave
|
|-start|p2a: Gengar|perish1
|-start|p1a: Incineroar|perish1
|-start|p2b: Incineroar|perish1
|-start|p1b: Kingambit|perish1
|upkeep
|turn|4
|inactive|Astonished25 has 30 seconds left.
|inactive|JohnPocketMonster has 30 seconds left.
|
|t:|1786079986
|switch|p2a: Archaludon|Archaludon, L50, F|100/100
|move|p1a: Incineroar|Parting Shot|p2a: Archaludon
|-unboost|p2a: Archaludon|atk|1
|-unboost|p2a: Archaludon|spa|1
|
|t:|1786079994
|switch|p1a: Sinistcha|Sinistcha, L50|100/100|[from] Parting Shot
|-heal|p1b: Kingambit|100/100|[from] ability: Hospitality|[of] p1a: Sinistcha
|move|p2b: Incineroar|Parting Shot|p1a: Sinistcha
|-unboost|p1a: Sinistcha|atk|1
|-unboost|p1a: Sinistcha|spa|1
|
|t:|1786080000
|switch|p2b: Gengar|Gengar-Mega, L50, M, shiny|100/100|[from] Parting Shot
|move|p1b: Kingambit|Iron Head|p2b: Gengar
|-damage|p2b: Gengar|17/100
|-damage|p1b: Kingambit|90/100|[from] item: Life Orb
|
|-start|p1b: Kingambit|perish0
|upkeep
|faint|p1b: Kingambit
|
|t:|1786080005
|switch|p1b: Incineroar|Incineroar, L50, F|100/100
|-ability|p1b: Incineroar|Intimidate|boost
|-unboost|p2a: Archaludon|atk|1
|-unboost|p2b: Gengar|atk|1
|turn|5
|inactive|JohnPocketMonster has 30 seconds left.
|
|t:|1786080030
|switch|p2a: Incineroar|Incineroar, L50, F|89/100
|-ability|p2a: Incineroar|Intimidate|boost
|-unboost|p1a: Sinistcha|atk|1
|-unboost|p1b: Incineroar|atk|1
|switch|p1a: Floette|Floette-Eternal, L50, F|100/100
|move|p2b: Gengar|Shadow Ball|p1a: Floette
|-damage|p1a: Floette|62/100
|move|p1b: Incineroar|Throat Chop|p2b: Gengar
|-supereffective|p2b: Gengar|1
|-damage|p2b: Gengar|0 fnt
|faint|p2b: Gengar
|
|upkeep
|
|t:|1786080041
|switch|p2b: Archaludon|Archaludon, L50, F|100/100
|turn|6
|
|t:|1786080065
|move|p1a: Floette|Protect|p1a: Floette
|-singleturn|p1a: Floette|Protect
|move|p2b: Archaludon|Protect|p2b: Archaludon
|-singleturn|p2b: Archaludon|Protect
|move|p1b: Incineroar|Parting Shot|p2b: Archaludon
|-activate|p2b: Archaludon|move: Protect
|move|p2a: Incineroar|Parting Shot|p1a: Floette
|-activate|p1a: Floette|move: Protect
|
|upkeep
|turn|7
|
|t:|1786080084
|detailschange|p1a: Floette|Floette-Mega, L50, F
|-mega|p1a: Floette|Floette|Floettite
|-ability|p1a: Floette|Fairy Aura
|move|p1a: Floette|Calm Mind|p1a: Floette
|-boost|p1a: Floette|spa|1
|-boost|p1a: Floette|spd|1
|move|p2b: Archaludon|Flash Cannon|p1a: Floette
|-supereffective|p1a: Floette|1
|-crit|p1a: Floette
|-damage|p1a: Floette|0 fnt
|faint|p1a: Floette
|move|p1b: Incineroar|Throat Chop|p2a: Incineroar
|-resisted|p2a: Incineroar|1
|-damage|p2a: Incineroar|78/100
|-start|p2a: Incineroar|Throat Chop|[silent]
|cant|p2a: Incineroar|move: Throat Chop
|
|upkeep
|
|t:|1786080086
|switch|p1a: Sinistcha|Sinistcha, L50|100/100
|turn|8
|-message|Astonished25 forfeited.
|
|win|JohnPocketMonster
||Astonished25 is ready for game 2.
||JohnPocketMonster is ready for game 2.
|uhtml|next|Next: Game 2 of 3
