|j|☆namboyVGC
|j|☆the doctor rock
|html|namboyVGCthe doctor rock    
|uhtml|bestof|Game 2 of a best-of-3
|t:|1784658886
|gametype|doubles
|player|p1|namboyVGC|pokemonranger-gen4|1186
|player|p2|the doctor rock|marlon|1123
|gen|9
|tier|[Gen 9 Champions] VGC 2026 Reg M-B (Bo3)
|rated|
|rule|Species Clause: Limit one of each Pokémon
|rule|Item Clause: Limit 1 of each item
|clearpoke
|poke|p1|Swampert, L50, M|
|poke|p1|Sinistcha-Masterpiece, L50|
|poke|p1|Archaludon, L50, M|
|poke|p1|Pelipper, L50, M|
|poke|p1|Maushold, L50|
|poke|p1|Grimmsnarl, L50, M|
|poke|p2|Malamar, L50, F|
|poke|p2|Grimmsnarl, L50, M|
|poke|p2|Ceruledge, L50, F|
|poke|p2|Sinistcha, L50|
|poke|p2|Ninetales-Alola, L50, F|
|poke|p2|Milotic, L50, M|
|teampreview|4
|showteam|p1|Swampert||Swampertite|Damp|WaveCrash,HighHorsepower,IcePunch,Protect|Adamant||M|||50|]Sinistcha-Masterpiece||SitrusBerry|Hospitality|MatchaGotcha,LifeDew,TrickRoom,RagePowder|Bold|||||50|]Archaludon||Leftovers|Stamina|DragonPulse,ElectroShot,FlashCannon,Protect|Calm||M|||50|]Pelipper||FocusSash|Drizzle|WeatherBall,Hurricane,Protect,Tailwind|Modest||M|||50|]Maushold||WideLens|Technician|PopulationBomb,RainDance,FollowMe,Protect|Jolly|||||50|]Grimmsnarl||LightClay|Prankster|SpiritBreak,LightScreen,Reflect,PartingShot|Sassy||M|||50|
|showteam|p2|Malamar||Malamarite|Contrary|KnockOff,PsychoCut,Superpower,Protect|Adamant||F|||50|]Grimmsnarl||RoseliBerry|Prankster|SpiritBreak,FakeTears,ScaryFace,PartingShot|Bold||M|||50|]Ceruledge||ColburBerry|FlashFire|BitterBlade,ShadowSneak,BulkUp,Protect|Adamant||F|||50|]Sinistcha||SitrusBerry|Hospitality|MatchaGotcha,LifeDew,RagePowder,TrickRoom|Bold|||||50|]Ninetales-Alola||FocusSash|SnowWarning|FreezeDry,Moonblast,AuroraVeil,Protect|Timid||F|||50|]Milotic||Leftovers|Competitive|MuddyWater,Hypnosis,Coil,Protect|Calm||M|||50|
|inactive|Battle timer is ON: inactive players will automatically lose when time's up. (requested by namboyVGC)
|inactive|the doctor rock also wants the timer to be on.
|inactive|the doctor rock has 60 seconds left.
|
|t:|1784658920
|teamsize|p1|4
|teamsize|p2|4
|start
|switch|p1a: Maushold|Maushold, L50|100/100
|switch|p1b: Swampert|Swampert, L50, M|100/100
|switch|p2a: Sinistcha|Sinistcha, L50|100/100
|switch|p2b: Malamar|Malamar, L50, F|100/100
|turn|1
|
|t:|1784658944
|switch|p1b: Pelipper|Pelipper, L50, M|100/100
|-weather|RainDance|[from] ability: Drizzle|[of] p1b: Pelipper
|detailschange|p2b: Malamar|Malamar-Mega, L50, F
|-mega|p2b: Malamar|Malamar|Malamarite
|move|p2b: Malamar|Protect|p2b: Malamar
|-singleturn|p2b: Malamar|Protect
|move|p1a: Maushold|Population Bomb|p2b: Malamar
|-activate|p2b: Malamar|move: Protect
|move|p2a: Sinistcha|Trick Room|p2a: Sinistcha
|-fieldstart|move: Trick Room|[of] p2a: Sinistcha
|
|-weather|RainDance|[upkeep]
|upkeep
|turn|2
|
|t:|1784658964
|move|p2a: Sinistcha|Matcha Gotcha|p1a: Maushold|[spread] p1a
|-miss|p2a: Sinistcha|p1b: Pelipper
|-damage|p1a: Maushold|61/100
|move|p2b: Malamar|Superpower|p1a: Maushold
|-supereffective|p1a: Maushold|1
|-damage|p1a: Maushold|0 fnt
|-boost|p2b: Malamar|atk|1
|-boost|p2b: Malamar|def|1
|faint|p1a: Maushold
|move|p1b: Pelipper|Hurricane|p2a: Sinistcha
|-supereffective|p2a: Sinistcha|1
|-damage|p2a: Sinistcha|4/100
|-enditem|p2a: Sinistcha|Sitrus Berry|[eat]
|-heal|p2a: Sinistcha|29/100|[from] item: Sitrus Berry
|
|-weather|RainDance|[upkeep]
|upkeep
|
|t:|1784658981
|switch|p1a: Archaludon|Archaludon, L50, M|100/100
|turn|3
|
|t:|1784658992
|switch|p2a: Milotic|Milotic, L50, M|100/100
|move|p1a: Archaludon|Protect|p1a: Archaludon
|-singleturn|p1a: Archaludon|Protect
|move|p2b: Malamar|Superpower|p1b: Pelipper
|-resisted|p1b: Pelipper|1
|-damage|p1b: Pelipper|64/100
|-boost|p2b: Malamar|atk|1
|-boost|p2b: Malamar|def|1
|move|p1b: Pelipper|Hurricane|p2a: Milotic
|-damage|p2a: Milotic|68/100
|
|-weather|RainDance|[upkeep]
|-heal|p2a: Milotic|74/100|[from] item: Leftovers
|upkeep
|turn|4
|
|t:|1784659009
|switch|p2a: Ninetales|Ninetales-Alola, L50, F|100/100
|-weather|Snowscape|[from] ability: Snow Warning|[of] p2a: Ninetales
|switch|p1a: Swampert|Swampert, L50, M|100/100
|move|p2b: Malamar|Knock Off|p1b: Pelipper
|-damage|p1b: Pelipper|0 fnt
|-enditem|p1b: Pelipper|Focus Sash|[from] move: Knock Off|[of] p2b: Malamar
|faint|p1b: Pelipper
|
|-weather|Snowscape|[upkeep]
|upkeep
|
|t:|1784659013
|switch|p1b: Archaludon|Archaludon, L50, M|100/100
|turn|5
|
|t:|1784659031
|detailschange|p1a: Swampert|Swampert-Mega, L50, M
|-mega|p1a: Swampert|Swampert|Swampertite
|move|p2b: Malamar|Superpower|p1b: Archaludon
|-supereffective|p1b: Archaludon|1
|-damage|p1b: Archaludon|0 fnt
|-boost|p2b: Malamar|atk|1
|-boost|p2b: Malamar|def|1
|faint|p1b: Archaludon
|move|p1a: Swampert|Wave Crash|p2b: Malamar
|-damage|p2b: Malamar|68/100
|-damage|p1a: Swampert|88/100|[from] Recoil
|move|p2a: Ninetales|Aurora Veil|p2a: Ninetales
|-sidestart|p2: the doctor rock|move: Aurora Veil
|
|-weather|Snowscape|[upkeep]
|-fieldend|move: Trick Room
|upkeep
|turn|6
|-message|namboyVGC forfeited.
|
|win|the doctor rock
