|j|☆roy kasoy
|j|‽Saga_57
|html|roy kasoySaga_57    
|uhtml|bestof|Game 1 of a best-of-3
|t:|1784158789
|gametype|doubles
|player|p1|roy kasoy|hilbert|
|player|p2|Saga_57|lucas|
|gen|9
|tier|[Gen 9 Champions] VGC 2026 Reg M-B (Bo3)
|rule|Species Clause: Limit one of each Pokémon
|rule|Item Clause: Limit 1 of each item
|clearpoke
|poke|p1|Beedrill, L50, F|
|poke|p1|Archaludon, L50, M|
|poke|p1|Swampert, L50, F|
|poke|p1|Pelipper, L50, M|
|poke|p1|Farigiraf, L50, M|
|poke|p1|Incineroar, L50, M|
|poke|p2|Charizard, L50, M|
|poke|p2|Floette-Eternal, L50, F|
|poke|p2|Garchomp, L50, M|
|poke|p2|Kingambit, L50, F|
|poke|p2|Basculegion, L50, M|
|poke|p2|Whimsicott, L50, F|
|teampreview|4
|showteam|p1|Beedrill||Beedrillite|Swarm|Uturn,PoisonJab,DrillRun,Protect|Adamant||F|||50|]Archaludon||Leftovers|Stamina|ElectroShot,FlashCannon,DragonPulse,Protect|Modest||M|||50|]Swampert||Swampertite|Torrent|WaveCrash,RockSlide,HighHorsepower,Protect|Adamant||F|||50|]Pelipper||LifeOrb|Drizzle|WeatherBall,Hurricane,WideGuard,Tailwind|Modest||M|||50|]Farigiraf||SitrusBerry|ArmorTail|HelpingHand,TrickRoom,Psychic,RainDance|Bold||M|||50|]Incineroar||PasshoBerry|Intimidate|FakeOut,ThroatChop,FlareBlitz,PartingShot|Adamant||M|||50|
|showteam|p2|Charizard||CharizarditeY|Blaze|HeatWave,WeatherBall,SolarBeam,Protect|Modest||M|||50|]Floette-Eternal||Floettite|FlowerVeil|Moonblast,DazzlingGleam,LightofRuin,Protect|Timid||F|||50|]Garchomp||RoseliBerry|RoughSkin|Earthquake,DragonClaw,RockSlide,Protect|Jolly||M|||50|]Kingambit||OccaBerry|Defiant|KowtowCleave,SuckerPunch,IronHead,Protect|Adamant||F|||50|]Basculegion||LifeOrb|Adaptability|WaveCrash,LastRespects,AquaJet,Protect|Jolly||M|||50|]Whimsicott||FocusSash|Prankster|Moonblast,Tailwind,Encore,Protect|Timid||F|||50|
|
|t:|1784158842
|teamsize|p1|4
|teamsize|p2|4
|start
|switch|p1a: Archaludon|Archaludon, L50, M|100/100
|switch|p1b: Farigiraf|Farigiraf, L50, M|100/100
|switch|p2a: Charizard|Charizard, L50, M|100/100
|switch|p2b: Whimsicott|Whimsicott, L50, F|100/100
|turn|1
|
|t:|1784158867
|detailschange|p2a: Charizard|Charizard-Mega-Y, L50, M
|-mega|p2a: Charizard|Charizard|Charizardite Y
|-weather|SunnyDay|[from] ability: Drought|[of] p2a: Charizard
|move|p2b: Whimsicott|Moonblast|p1b: Farigiraf
|-damage|p1b: Farigiraf|76/100
|move|p2a: Charizard|Weather Ball|p1b: Farigiraf
|-damage|p1b: Farigiraf|1/100
|-enditem|p1b: Farigiraf|Sitrus Berry|[eat]
|-heal|p1b: Farigiraf|25/100|[from] item: Sitrus Berry
|move|p1a: Archaludon|Electro Shot||[still]
|-prepare|p1a: Archaludon|Electro Shot
|-boost|p1a: Archaludon|spa|1
|move|p1b: Farigiraf|Rain Dance|p1b: Farigiraf
|-weather|RainDance
|
|-weather|RainDance|[upkeep]
|upkeep
|turn|2
|
|t:|1784158904
|switch|p2a: Garchomp|Garchomp, L50, M|100/100
|move|p2b: Whimsicott|Encore||[still]
|cant|p1b: Farigiraf|ability: Armor Tail|Encore|[of] p2b: Whimsicott
|move|p1a: Archaludon|Electro Shot|p2a: Garchomp|[from] lockedmove
|-immune|p2a: Garchomp
|move|p1b: Farigiraf|Psychic|p2b: Whimsicott
|-damage|p2b: Whimsicott|45/100
|
|-weather|RainDance|[upkeep]
|upkeep
|turn|3
|
|t:|1784158937
|switch|p2b: Charizard|Charizard-Mega-Y, L50, M|100/100
|-weather|SunnyDay|[from] ability: Drought|[of] p2b: Charizard
|move|p2a: Garchomp|Earthquake|p1a: Archaludon|[spread] p1a,p1b
|-immune|p2b: Charizard
|-supereffective|p1a: Archaludon|1
|-crit|p1a: Archaludon
|-damage|p1a: Archaludon|29/100
|-damage|p1b: Farigiraf|1/100
|-ability|p1a: Archaludon|Stamina|boost
|-boost|p1a: Archaludon|def|1
|move|p1a: Archaludon|Dragon Pulse|p2a: Garchomp
|-supereffective|p2a: Garchomp|1
|-damage|p2a: Garchomp|0 fnt
|faint|p2a: Garchomp
|move|p1b: Farigiraf|Psychic|p2b: Charizard
|-damage|p2b: Charizard|64/100
|-unboost|p2b: Charizard|spd|1
|
|-weather|SunnyDay|[upkeep]
|-heal|p1a: Archaludon|36/100|[from] item: Leftovers
|upkeep
|
|t:|1784158955
|switch|p2a: Whimsicott|Whimsicott, L50, F|45/100
|turn|4
|
|t:|1784158961
|switch|p1b: Pelipper|Pelipper, L50, M|100/100
|-weather|RainDance|[from] ability: Drizzle|[of] p1b: Pelipper
|move|p1a: Archaludon|Protect|p1a: Archaludon
|-singleturn|p1a: Archaludon|Protect
|move|p2a: Whimsicott|Tailwind|p2a: Whimsicott
|-sidestart|p2: Saga_57|move: Tailwind
|move|p2b: Charizard|Heat Wave|p1a: Archaludon|[spread] p1b
|-activate|p1a: Archaludon|move: Protect
|-resisted|p1b: Pelipper|1
|-damage|p1b: Pelipper|85/100
|
|-weather|RainDance|[upkeep]
|-heal|p1a: Archaludon|42/100|[from] item: Leftovers
|upkeep
|turn|5
|
|t:|1784159002
|switch|p2b: Basculegion|Basculegion, L50, M|100/100
|move|p2a: Whimsicott|Moonblast|p1b: Pelipper
|-damage|p1b: Pelipper|47/100
|-unboost|p1b: Pelipper|spa|1
|move|p1a: Archaludon|Flash Cannon|p2a: Whimsicott
|-supereffective|p2a: Whimsicott|1
|-damage|p2a: Whimsicott|0 fnt
|faint|p2a: Whimsicott
|move|p1b: Pelipper|Weather Ball|p2b: Basculegion
|-resisted|p2b: Basculegion|1
|-damage|p2b: Basculegion|67/100
|-damage|p1b: Pelipper|37/100|[from] item: Life Orb
|
|-weather|RainDance|[upkeep]
|-heal|p1a: Archaludon|48/100|[from] item: Leftovers
|upkeep
|
|t:|1784159015
|switch|p2a: Charizard|Charizard-Mega-Y, L50, M|64/100
|-weather|SunnyDay|[from] ability: Drought|[of] p2a: Charizard
|turn|6
|
|t:|1784159031
|switch|p1b: Farigiraf|Farigiraf, L50, M|1/100
|move|p1a: Archaludon|Protect|p1a: Archaludon
|-singleturn|p1a: Archaludon|Protect
|move|p2a: Charizard|Weather Ball|p1a: Archaludon
|-activate|p1a: Archaludon|move: Protect
|move|p2b: Basculegion|Last Respects|p1b: Farigiraf
|-immune|p1b: Farigiraf
|
|-weather|SunnyDay|[upkeep]
|-heal|p1a: Archaludon|54/100|[from] item: Leftovers
|upkeep
|turn|7
|
|t:|1784159051
|switch|p1b: Pelipper|Pelipper, L50, M|37/100
|-weather|RainDance|[from] ability: Drizzle|[of] p1b: Pelipper
|move|p2a: Charizard|Heat Wave|p1a: Archaludon|[spread] p1a,p1b
|-resisted|p1b: Pelipper|1
|-damage|p1a: Archaludon|34/100
|-damage|p1b: Pelipper|24/100
|-ability|p1a: Archaludon|Stamina|boost
|-boost|p1a: Archaludon|def|1
|move|p2b: Basculegion|Last Respects|p1a: Archaludon
|-damage|p1a: Archaludon|0 fnt
|faint|p1a: Archaludon
|-damage|p2b: Basculegion|57/100|[from] item: Life Orb
|
|-weather|RainDance|[upkeep]
|-sideend|p2: Saga_57|move: Tailwind
|upkeep
|l|‽Saga_57
|player|p2|
|
|t:|1784159065
|switch|p1a: Swampert|Swampert, L50, F|100/100
|turn|8
|inactive|Battle timer is ON: inactive players will automatically lose when time's up. (requested by roy kasoy)
|inactive|Saga_57 has 270 seconds to reconnect!
|inactive|Saga_57 has 240 seconds to reconnect!
|inactive|Saga_57 has 210 seconds to reconnect!
|inactive|Saga_57 has 180 seconds to reconnect!
|inactive|Saga_57 has 150 seconds to reconnect!
|inactive|Saga_57 has 120 seconds to reconnect!
|inactive|Saga_57 has 90 seconds to reconnect!
|inactive|Saga_57 has 60 seconds to reconnect!
|inactive|Saga_57 has 30 seconds to reconnect!
|inactive|Saga_57 has 20 seconds to reconnect!
|inactive|Saga_57 has 15 seconds to reconnect!
|inactive|Saga_57 has 10 seconds to reconnect!
|inactive|Saga_57 has 5 seconds to reconnect!
|-message|Saga_57 lost due to inactivity.
|
|win|roy kasoy
