|j|☆InSane_Lcs
|j|☆Mylo-san
|html|InSane_LcsMylo-san    
|uhtml|bestof|Game 2 of a best-of-3
|t:|1782482420
|gametype|doubles
|player|p1|InSane_Lcs|youngster-gen4dp|
|player|p2|Mylo-san|ash|
|gen|9
|tier|[Gen 9 Champions] VGC 2026 Reg M-B (Bo3)
|rule|Species Clause: Limit one of each Pokémon
|rule|Item Clause: Limit 1 of each item
|clearpoke
|poke|p1|Sceptile, L50, M, shiny|
|poke|p1|Rotom-Heat, L50, shiny|
|poke|p1|Gyarados, L50, M, shiny|
|poke|p1|Sneasler, L50, M, shiny|
|poke|p1|Aerodactyl, L50, M, shiny|
|poke|p1|Sableye, L50, M, shiny|
|poke|p2|Staraptor, L50, F|
|poke|p2|Ninetales, L50, M|
|poke|p2|Milotic, L50, M|
|poke|p2|Grimmsnarl, L50, M|
|poke|p2|Garchomp, L50, F|
|poke|p2|Sinistcha-Masterpiece, L50|
|teampreview|4
|showteam|p1|Sceptile||Sceptilite|Overgrow|EnergyBall,Protect,DragonPulse,EarthPower|Timid||M|||50|]Rotom-Heat||ChoiceScarf|Levitate|Discharge,Overheat,Trick,Electroweb|Timid|||||50|]Gyarados||Gyaradosite|Intimidate|Waterfall,DragonDance,Crunch,Protect|Jolly||M|||50|]Sneasler||WhiteHerb|Unburden|FakeOut,CloseCombat,DireClaw,Protect|Adamant||M|||50|]Aerodactyl||FocusSash|Unnerve|Protect,Tailwind,RockSlide,DualWingbeat|Jolly||M|||50|]Sableye||RoseliBerry|Prankster|Taunt,WillOWisp,ThunderWave,SunnyDay|Calm||M|||50|
|showteam|p2|Staraptor||Staraptite|Intimidate|CloseCombat,Protect,Roost,DualWingbeat|Jolly||F|||50|]Ninetales||FocusSash|Drought|Flamethrower,SolarBeam,Encore,Disable|Timid||M|||50|]Milotic||Leftovers|Competitive|IcyWind,Scald,Protect,LifeDew|Bold||M|||50|]Grimmsnarl||LightClay|Prankster|PartingShot,FoulPlay,LightScreen,Reflect|Careful||M|||50|]Garchomp||LifeOrb|RoughSkin|Earthquake,RockSlide,DragonClaw,Protect|Jolly||F|||50|]Sinistcha-Masterpiece||SitrusBerry|Hospitality|RagePowder,MatchaGotcha,StrengthSap,TrickRoom|Bold|||||50|
|j| SP-88
|c|☆InSane_Lcs|gl hf !
|j| Testururure
|j| Pudistor Black
|j| Cotowol
|c|☆Mylo-san|hf
|j| Oakvale
|j| Tgstp
|c| Cotowol|Glhf
|
|t:|1782482478
|teamsize|p1|4
|teamsize|p2|4
|start
|switch|p1a: Jungoat|Sceptile, L50, M, shiny|100/100
|switch|p1b: Aux Fourneaux !|Rotom-Heat, L50, shiny|100/100
|switch|p2a: Milotic|Milotic, L50, M|100/100
|switch|p2b: Grimmsnarl|Grimmsnarl, L50, M|100/100
|turn|1
|l| Cotowol
|
|t:|1782482513
|switch|p2b: Garchomp|Garchomp, L50, F|100/100
|detailschange|p1a: Jungoat|Sceptile-Mega, L50, M, shiny
|-mega|p1a: Jungoat|Sceptile|Sceptilite
|move|p1a: Jungoat|Protect|p1a: Jungoat
|-singleturn|p1a: Jungoat|Protect
|move|p1b: Aux Fourneaux !|Trick|p2a: Milotic
|-activate|p1b: Aux Fourneaux !|move: Trick|[of] p2a: Milotic
|-item|p2a: Milotic|Choice Scarf|[from] move: Trick
|-item|p1b: Aux Fourneaux !|Leftovers|[from] move: Trick
|move|p2a: Milotic|Icy Wind|p1a: Jungoat|[spread] p1b
|-activate|p1a: Jungoat|move: Protect
|-resisted|p1b: Aux Fourneaux !|1
|-damage|p1b: Aux Fourneaux !|94/100
|-unboost|p1b: Aux Fourneaux !|spe|1
|
|-heal|p1b: Aux Fourneaux !|100/100|[from] item: Leftovers
|upkeep
|turn|2
|j| GivraClem
|c| GivraClem|Glhf
|
|t:|1782482560
|switch|p1a: Ténébrion|Sableye, L50, M, shiny|100/100
|switch|p2b: Grimmsnarl|Grimmsnarl, L50, M|100/100
|switch|p1b: Farfuraxx|Sneasler, L50, M, shiny|100/100
|move|p2a: Milotic|Icy Wind|p1a: Ténébrion|[spread] p1a,p1b
|-damage|p1a: Ténébrion|89/100
|-damage|p1b: Farfuraxx|86/100
|-unboost|p1a: Ténébrion|spe|1
|-unboost|p1b: Farfuraxx|spe|1
|-enditem|p1b: Farfuraxx|White Herb
|-clearnegativeboost|p1b: Farfuraxx|[silent]
|
|upkeep
|turn|3
|
|t:|1782482589
|switch|p1a: Aux Fourneaux !|Rotom-Heat, L50, shiny|100/100
|move|p1b: Farfuraxx|Fake Out|p2b: Grimmsnarl
|-damage|p2b: Grimmsnarl|84/100
|cant|p2b: Grimmsnarl|flinch
|move|p2a: Milotic|Icy Wind|p1a: Aux Fourneaux !|[spread] p1a,p1b
|-resisted|p1a: Aux Fourneaux !|1
|-damage|p1a: Aux Fourneaux !|94/100
|-damage|p1b: Farfuraxx|73/100
|-unboost|p1a: Aux Fourneaux !|spe|1
|-unboost|p1b: Farfuraxx|spe|1
|
|-heal|p1a: Aux Fourneaux !|100/100|[from] item: Leftovers
|upkeep
|turn|4
|j| Cotowol
|j| ma_bane
|
|t:|1782482607
|move|p1b: Farfuraxx|Protect|p1b: Farfuraxx
|-singleturn|p1b: Farfuraxx|Protect
|move|p2b: Grimmsnarl|Light Screen|p2b: Grimmsnarl
|-sidestart|p2: Mylo-san|move: Light Screen
|move|p2a: Milotic|Icy Wind|p1a: Aux Fourneaux !|[spread] p1a
|-activate|p1b: Farfuraxx|move: Protect
|-resisted|p1a: Aux Fourneaux !|1
|-damage|p1a: Aux Fourneaux !|94/100
|-unboost|p1a: Aux Fourneaux !|spe|1
|move|p1a: Aux Fourneaux !|Discharge|p2b: Grimmsnarl|[spread] p2a,p2b
|-activate|p1b: Farfuraxx|move: Protect
|-supereffective|p2a: Milotic|1
|-damage|p2a: Milotic|70/100
|-damage|p2b: Grimmsnarl|67/100
|
|-heal|p1a: Aux Fourneaux !|100/100|[from] item: Leftovers
|upkeep
|turn|5
|l| GivraClem
|
|t:|1782482660
|switch|p2b: Garchomp|Garchomp, L50, F|100/100
|move|p1b: Farfuraxx|Close Combat|p2a: Milotic
|-damage|p2a: Milotic|19/100
|-unboost|p1b: Farfuraxx|def|1
|-unboost|p1b: Farfuraxx|spd|1
|move|p2a: Milotic|Icy Wind|p1b: Farfuraxx|[spread] p1a,p1b
|-resisted|p1a: Aux Fourneaux !|1
|-damage|p1a: Aux Fourneaux !|93/100
|-damage|p1b: Farfuraxx|53/100
|-unboost|p1a: Aux Fourneaux !|spe|1
|-unboost|p1b: Farfuraxx|spe|1
|move|p1a: Aux Fourneaux !|Overheat|p2b: Garchomp
|-resisted|p2b: Garchomp|1
|-damage|p2b: Garchomp|78/100
|-unboost|p1a: Aux Fourneaux !|spa|2
|
|-heal|p1a: Aux Fourneaux !|99/100|[from] item: Leftovers
|upkeep
|turn|6
|j| Herosabis
|
|t:|1782482682
|switch|p2a: Staraptor|Staraptor, L50, F|100/100
|-ability|p2a: Staraptor|Intimidate|boost
|-unboost|p1a: Aux Fourneaux !|atk|1
|-unboost|p1b: Farfuraxx|atk|1
|move|p1b: Farfuraxx|Protect|p1b: Farfuraxx
|-singleturn|p1b: Farfuraxx|Protect
|move|p2b: Garchomp|Rock Slide|p1b: Farfuraxx|[spread] p1a
|-activate|p1b: Farfuraxx|move: Protect
|-supereffective|p1a: Aux Fourneaux !|1
|-damage|p1a: Aux Fourneaux !|33/100
|-damage|p2b: Garchomp|69/100|[from] item: Life Orb
|move|p1a: Aux Fourneaux !|Discharge|p2a: Staraptor|[spread] p2a
|-activate|p1b: Farfuraxx|move: Protect
|-immune|p2b: Garchomp
|-supereffective|p2a: Staraptor|1
|-damage|p2a: Staraptor|67/100
|
|-heal|p1a: Aux Fourneaux !|39/100|[from] item: Leftovers
|upkeep
|turn|7
|
|t:|1782482730
|switch|p1a: Ténébrion|Sableye, L50, M, shiny|89/100
|detailschange|p2a: Staraptor|Staraptor-Mega, L50, F
|-mega|p2a: Staraptor|Staraptor|Staraptite
|move|p2a: Staraptor|Dual Wingbeat|p1b: Farfuraxx
|-supereffective|p1b: Farfuraxx|1
|-damage|p1b: Farfuraxx|0 fnt
|faint|p1b: Farfuraxx
|-hitcount|p1: Farfuraxx|1
|move|p2b: Garchomp|Dragon Claw|p1a: Ténébrion
|-damage|p1a: Ténébrion|17/100
|-damage|p2b: Garchomp|59/100|[from] item: Life Orb
|
|upkeep
|
|t:|1782482743
|switch|p1b: Jungoat|Sceptile-Mega, L50, M, shiny|100/100
|turn|8
|
|t:|1782482754
|switch|p2a: Grimmsnarl|Grimmsnarl, L50, M|67/100
|move|p1a: Ténébrion|Will-O-Wisp|p2a: Grimmsnarl
|-hint|Since gen 7, Dark is immune to Prankster moves.
|-immune|p2a: Grimmsnarl
|move|p1b: Jungoat|Dragon Pulse|p2b: Garchomp
|-supereffective|p2b: Garchomp|1
|-damage|p2b: Garchomp|0 fnt
|faint|p2b: Garchomp
|
|upkeep
|
|t:|1782482760
|switch|p2b: Milotic|Milotic, L50, M|19/100
|turn|9
|
|t:|1782482807
|move|p1b: Jungoat|Protect|p1b: Jungoat
|-singleturn|p1b: Jungoat|Protect
|move|p2a: Grimmsnarl|Parting Shot|p1b: Jungoat
|-activate|p1b: Jungoat|move: Protect
|move|p1a: Ténébrion|Thunder Wave|p1b: Jungoat
|-activate|p1b: Jungoat|ability: Lightning Rod
|-activate|p1b: Jungoat|move: Protect
|move|p2b: Milotic|Icy Wind|p1a: Ténébrion|[spread] p1a
|-activate|p1b: Jungoat|move: Protect
|-damage|p1a: Ténébrion|6/100
|-unboost|p1a: Ténébrion|spe|1
|
|upkeep
|turn|10
|
|t:|1782482829
|move|p2a: Grimmsnarl|Parting Shot|p1b: Jungoat
|-unboost|p1b: Jungoat|atk|1
|-unboost|p1b: Jungoat|spa|1
|j| Tinman_rpplf
|
|t:|1782482833
|switch|p2a: Staraptor|Staraptor-Mega, L50, F|67/100|[from] Parting Shot
|move|p1a: Ténébrion|Thunder Wave|p1b: Jungoat
|-ability|p1b: Jungoat|Lightning Rod|boost
|-boost|p1b: Jungoat|spa|1
|move|p1b: Jungoat|Energy Ball|p2b: Milotic
|-supereffective|p2b: Milotic|1
|-damage|p2b: Milotic|0 fnt
|faint|p2b: Milotic
|
|upkeep
|
|t:|1782482835
|switch|p2b: Grimmsnarl|Grimmsnarl, L50, M|67/100
|turn|11
|
|t:|1782482862
|move|p1b: Jungoat|Protect|p1b: Jungoat
|-singleturn|p1b: Jungoat|Protect
|move|p2a: Staraptor|Protect|p2a: Staraptor
|-singleturn|p2a: Staraptor|Protect
|move|p1a: Ténébrion|Will-O-Wisp|p2a: Staraptor
|-activate|p2a: Staraptor|move: Protect
|move|p2b: Grimmsnarl|Foul Play|p1a: Ténébrion
|-damage|p1a: Ténébrion|0 fnt
|faint|p1a: Ténébrion
|
|-sideend|p2: Mylo-san|move: Light Screen
|upkeep
|
|t:|1782482873
|switch|p1a: Aux Fourneaux !|Rotom-Heat, L50, shiny|39/100
|turn|12
|
|t:|1782482927
|move|p2b: Grimmsnarl|Parting Shot|p1b: Jungoat
|-unboost|p1b: Jungoat|atk|1
|-unboost|p1b: Jungoat|spa|1
|move|p1b: Jungoat|Dragon Pulse|p2a: Staraptor
|-damage|p2a: Staraptor|29/100
|move|p2a: Staraptor|Dual Wingbeat|p1b: Jungoat
|-supereffective|p1b: Jungoat|1
|-damage|p1b: Jungoat|38/100
|-supereffective|p1b: Jungoat|1
|-damage|p1b: Jungoat|0 fnt
|faint|p1b: Jungoat
|-hitcount|p1: Jungoat|2
|move|p1a: Aux Fourneaux !|Discharge|p2a: Staraptor|[spread] p2a,p2b
|-supereffective|p2a: Staraptor|1
|-damage|p2a: Staraptor|0 fnt
|-damage|p2b: Grimmsnarl|43/100
|faint|p2a: Staraptor
|
|-heal|p1a: Aux Fourneaux !|45/100|[from] item: Leftovers
|upkeep
|turn|13
|
|t:|1782482948
|move|p2b: Grimmsnarl|Parting Shot|p1a: Aux Fourneaux !
|-unboost|p1a: Aux Fourneaux !|atk|1
|-unboost|p1a: Aux Fourneaux !|spa|1
|move|p1a: Aux Fourneaux !|Discharge|p2b: Grimmsnarl
|-crit|p2b: Grimmsnarl
|-damage|p2b: Grimmsnarl|0 fnt
|faint|p2b: Grimmsnarl
|
|win|InSane_Lcs
|c| Testururure|GG !
|l| Tgstp
|l| Cotowol
|c|☆InSane_Lcs|gg sry
|c| Pudistor Black|Gg guys
|c|☆Mylo-san|gg
|l| ma_bane
|l| Pudistor Black
|l| Herosabis
|l| Tinman_rpplf
|l| Testururure
|l| Oakvale
|j| Testururure
|l| SP-88
|l| Testururure
|j| Testururure
|l| Testururure
