|j|☆Nosejugarbalance
|j|☆abgesaftet
|html|Nosejugarbalanceabgesaftet    
|uhtml|bestof|Game 2 of a best-of-3
|t:|1785770066
|gametype|doubles
|player|p1|Nosejugarbalance|169|1298
|player|p2|abgesaftet|ballguy|1323
|gen|9
|tier|[Gen 9 Champions] VGC 2026 Reg M-B (Bo3)
|rated|
|rule|Species Clause: Limit one of each Pokémon
|rule|Item Clause: Limit 1 of each item
|clearpoke
|poke|p1|Delphox, L50, M|
|poke|p1|Incineroar, L50, F|
|poke|p1|Sneasler, L50, M|
|poke|p1|Sinistcha, L50|
|poke|p1|Kingambit, L50, M|
|poke|p1|Azumarill, L50, F|
|poke|p2|Sneasler, L50, F|
|poke|p2|Sinistcha, L50|
|poke|p2|Incineroar, L50, F|
|poke|p2|Kingambit, L50, F|
|poke|p2|Delphox, L50, F|
|poke|p2|Blastoise, L50, F|
|teampreview|4
|showteam|p1|Delphox||Delphoxite|Blaze|HeatWave,Psychic,NastyPlot,Protect|Timid||M|||50|]Incineroar||PasshoBerry|Intimidate|FakeOut,PartingShot,FlareBlitz,HelpingHand|Impish||F|||50|]Sneasler||FocusSash|PoisonTouch|FakeOut,CloseCombat,PoisonJab,QuickGuard|Jolly||M|||50|]Sinistcha||OccaBerry|Hospitality|MatchaGotcha,TrickRoom,RagePowder,Protect|Impish|||||50|]Kingambit||BlackGlasses|Defiant|KowtowCleave,SuckerPunch,SwordsDance,Protect|Adamant||M|||50|]Azumarill||SitrusBerry|HugePower|BellyDrum,PlayRough,AquaJet,Protect|Adamant||F|||50|
|showteam|p2|Sneasler||FocusSash|PoisonTouch|FakeOut,CloseCombat,PoisonJab,QuickGuard|Jolly||F|||50|]Sinistcha||OccaBerry|Hospitality|MatchaGotcha,RagePowder,TrickRoom,Protect|Bold|||||50|]Incineroar||SitrusBerry|Intimidate|FakeOut,FlareBlitz,ThroatChop,PartingShot|Careful||F|||50|]Kingambit||LifeOrb|Defiant|KowtowCleave,SuckerPunch,SwordsDance,Protect|Adamant||F|||50|]Delphox||Delphoxite|Blaze|HeatWave,Psychic,NastyPlot,Protect|Timid||F|||50|]Blastoise||Blastoisinite|RainDish|WaterSpout,DarkPulse,ShellSmash,Protect|Modest||F|||50|
|
|t:|1785770076
|teamsize|p1|4
|teamsize|p2|4
|start
|switch|p1a: Azumarill|Azumarill, L50, F|100/100
|switch|p1b: Sneasler|Sneasler, L50, M|100/100
|switch|p2a: Blastoise|Blastoise, L50, F|100/100
|switch|p2b: Sneasler|Sneasler, L50, F|100/100
|turn|1
|
|t:|1785770090
|detailschange|p2a: Blastoise|Blastoise-Mega, L50, F
|-mega|p2a: Blastoise|Blastoise|Blastoisinite
|move|p2b: Sneasler|Fake Out|p1a: Azumarill
|-damage|p1a: Azumarill|85/100
|move|p1b: Sneasler|Fake Out|p2b: Sneasler
|-damage|p2b: Sneasler|74/100
|move|p2a: Blastoise|Water Spout|p1a: Azumarill|[spread] p1a,p1b
|-resisted|p1a: Azumarill|1
|-damage|p1a: Azumarill|53/100
|-damage|p1b: Sneasler|5/100
|cant|p1a: Azumarill|flinch
|
|upkeep
|turn|2
|
|t:|1785770108
|switch|p1b: Sinistcha|Sinistcha, L50|100/100
|-heal|p1a: Azumarill|78/100|[from] ability: Hospitality|[of] p1b: Sinistcha
|switch|p2a: Sinistcha|Sinistcha, L50|100/100
|-heal|p2b: Sneasler|99/100|[from] ability: Hospitality|[of] p2a: Sinistcha
|move|p1a: Azumarill|Protect|p1a: Azumarill
|-singleturn|p1a: Azumarill|Protect
|move|p2b: Sneasler|Poison Jab|p1a: Azumarill
|-activate|p1a: Azumarill|move: Protect
|
|upkeep
|turn|3
|inactive|Battle timer is ON: inactive players will automatically lose when time's up. (requested by abgesaftet)
|
|t:|1785770150
|switch|p1a: Kingambit|Kingambit, L50, M|100/100
|move|p2b: Sneasler|Poison Jab|p1a: Kingambit
|-immune|p1a: Kingambit
|move|p2a: Sinistcha|Matcha Gotcha|p1b: Sinistcha|[spread] p1a,p1b
|-resisted|p1a: Kingambit|1
|-resisted|p1b: Sinistcha|1
|-crit|p1b: Sinistcha
|-damage|p1a: Kingambit|89/100
|-damage|p1b: Sinistcha|80/100
|move|p1b: Sinistcha|Trick Room|p1b: Sinistcha
|-fieldstart|move: Trick Room|[of] p1b: Sinistcha
|
|upkeep
|turn|4
|
|t:|1785770167
|move|p2a: Sinistcha|Protect|p2a: Sinistcha
|-singleturn|p2a: Sinistcha|Protect
|move|p1b: Sinistcha|Rage Powder|p1b: Sinistcha
|-singleturn|p1b: Sinistcha|move: Rage Powder
|move|p1a: Kingambit|Kowtow Cleave|p2a: Sinistcha
|-activate|p2a: Sinistcha|move: Protect
|move|p2b: Sneasler|Poison Jab|p1b: Sinistcha
|-damage|p1b: Sinistcha|46/100
|-status|p1b: Sinistcha|psn|[from] ability: Poison Touch|[of] p2b: Sneasler
|
|-damage|p1b: Sinistcha|34/100 psn|[from] psn
|upkeep
|turn|5
|
|t:|1785770182
|move|p1b: Sinistcha|Rage Powder|p1b: Sinistcha
|-singleturn|p1b: Sinistcha|move: Rage Powder
|move|p1a: Kingambit|Swords Dance|p1a: Kingambit
|-boost|p1a: Kingambit|atk|2
|move|p2a: Sinistcha|Matcha Gotcha|p1a: Kingambit|[spread] p1a,p1b
|-resisted|p1a: Kingambit|1
|-resisted|p1b: Sinistcha|1
|-damage|p1a: Kingambit|79/100
|-damage|p1b: Sinistcha|23/100 psn
|-status|p1a: Kingambit|brn
|move|p2b: Sneasler|Close Combat|p1b: Sinistcha
|-immune|p1b: Sinistcha
|
|-damage|p1b: Sinistcha|10/100 psn|[from] psn
|-damage|p1a: Kingambit|73/100 brn|[from] brn
|upkeep
|turn|6
|
|t:|1785770198
|move|p2a: Sinistcha|Rage Powder|p2a: Sinistcha
|-singleturn|p2a: Sinistcha|move: Rage Powder
|move|p1a: Kingambit|Kowtow Cleave|p2a: Sinistcha
|-supereffective|p2a: Sinistcha|1
|-damage|p2a: Sinistcha|20/100y
|move|p1b: Sinistcha|Matcha Gotcha|p2a: Sinistcha|[spread] p2a,p2b
|-resisted|p2a: Sinistcha|1
|-resisted|p2b: Sneasler|1
|-damage|p2a: Sinistcha|9/100
|-heal|p1b: Sinistcha|16/100 psn|[from] drain|[of] p2a: Sinistcha
|-damage|p2b: Sneasler|85/100
|-heal|p1b: Sinistcha|22/100 psn|[from] drain|[of] p2b: Sneasler
|-status|p2a: Sinistcha|brn
|move|p2b: Sneasler|Close Combat|p1a: Kingambit
|-supereffective|p1a: Kingambit|2
|-damage|p1a: Kingambit|0 fnt
|-unboost|p2b: Sneasler|def|1
|-unboost|p2b: Sneasler|spd|1
|faint|p1a: Kingambit
|
|-damage|p1b: Sinistcha|10/100 psn|[from] psn
|-damage|p2a: Sinistcha|3/100 brn|[from] brn
|upkeep
|
|t:|1785770212
|switch|p1a: Azumarill|Azumarill, L50, F|78/100
|turn|7
|
|t:|1785770226
|move|p1a: Azumarill|Play Rough|p2b: Sneasler
|-damage|p2b: Sneasler|0 fnt
|faint|p2b: Sneasler
|move|p2a: Sinistcha|Matcha Gotcha|p1a: Azumarill|[spread] p1a,p1b
|-supereffective|p1a: Azumarill|1
|-resisted|p1b: Sinistcha|1
|-damage|p1a: Azumarill|25/100
|-heal|p2a: Sinistcha|33/100 brn|[from] drain|[of] p1a: Azumarill
|-damage|p1b: Sinistcha|0 fnt
|-heal|p2a: Sinistcha|38/100 brn|[from] drain|[of] p1b: Sinistcha
|-enditem|p1a: Azumarill|Sitrus Berry|[eat]
|-heal|p1a: Azumarill|50/100g|[from] item: Sitrus Berry
|faint|p1b: Sinistcha
|
|-damage|p2a: Sinistcha|32/100 brn|[from] brn
|-fieldend|move: Trick Room
|upkeep
|
|t:|1785770236
|switch|p2b: Blastoise|Blastoise-Mega, L50, F|100/100
|switch|p1b: Sneasler|Sneasler, L50, M|5/100
|turn|8
|
|t:|1785770248
|move|p1b: Sneasler|Poison Jab|p2a: Sinistcha
|-damage|p2a: Sinistcha|0 fnt
|faint|p2a: Sinistcha
|move|p2b: Blastoise|Water Spout|p1a: Azumarill|[spread] p1a,p1b
|-resisted|p1a: Azumarill|1
|-damage|p1a: Azumarill|13/100
|-damage|p1b: Sneasler|0 fnt
|faint|p1b: Sneasler
|move|p1a: Azumarill|Play Rough|p2b: Blastoise
|-damage|p2b: Blastoise|43/100
|
|upkeep
|
|t:|1785770254
|switch|p2a: Incineroar|Incineroar, L50, F|100/100
|-ability|p2a: Incineroar|Intimidate|boost
|-unboost|p1a: Azumarill|atk|1
|turn|9
|
|t:|1785770266
|move|p1a: Azumarill|Protect|p1a: Azumarill
|-singleturn|p1a: Azumarill|Protect
|move|p2b: Blastoise|Dark Pulse|p1a: Azumarill
|-activate|p1a: Azumarill|move: Protect
|move|p2a: Incineroar|Flare Blitz|p1a: Azumarill
|-activate|p1a: Azumarill|move: Protect
|
|upkeep
|turn|10
|
|t:|1785770272
|move|p2b: Blastoise|Water Spout|p1a: Azumarill
|-resisted|p1a: Azumarill|1
|-damage|p1a: Azumarill|0 fnt
|faint|p1a: Azumarill
|
|win|abgesaftet
