|j|☆WhimyWhimsicott
|j|☆predatorssg
|html|WhimyWhimsicottpredatorssg    
|uhtml|bestof|Game 1 of a best-of-3
|t:|1785942306
|gametype|doubles
|player|p1|WhimyWhimsicott|sailor|1050
|player|p2|predatorssg|2|1170
|gen|9
|tier|[Gen 9 Champions] VGC 2026 Reg M-B (Bo3)
|rated|
|rule|Species Clause: Limit one of each Pokémon
|rule|Item Clause: Limit 1 of each item
|clearpoke
|poke|p1|Mr. Rime, L50, M, shiny|
|poke|p1|Raichu, L50, M, shiny|
|poke|p1|Incineroar, L50, M, shiny|
|poke|p1|Ceruledge, L50, M|
|poke|p1|Sinistcha-Masterpiece, L50|
|poke|p1|Floette-Eternal, L50, F|
|poke|p2|Archaludon, L50, M|
|poke|p2|Pelipper, L50, F|
|poke|p2|Grimmsnarl, L50, M|
|poke|p2|Swampert, L50, F|
|poke|p2|Talonflame, L50, F|
|poke|p2|Floette-Eternal, L50, F|
|teampreview|4
|showteam|p1|Mr. Rime||FocusSash|ScreenCleaner|SheerCold,Encore,Taunt,RolePlay|Bold||M|||50|]Raichu||RaichuniteY|Static|FakeOut,ZapCannon,DazzlingGleam,Protect|Timid||M|||50|]Incineroar||SitrusBerry|Intimidate|ThroatChop,FakeOut,PartingShot,FlareBlitz|Adamant||M|||50|]Ceruledge||KasibBerry|FlashFire|BitterBlade,ShadowSneak,BulkUp,Protect|Jolly||M|||50|]Sinistcha-Masterpiece||ColburBerry|Hospitality|MatchaGotcha,LifeDew,Protect,RagePowder|Bold|||||50|]Floette-Eternal||Floettite|FlowerVeil|LightofRuin,CalmMind,DazzlingGleam,Protect|Timid||F|||50|
|showteam|p2|Archaludon||Leftovers|Stamina|ElectroShot,AuraSphere,FlashCannon,Protect|Modest||M|||50|]Pelipper||SitrusBerry|Drizzle|HelpingHand,WeatherBall,Hurricane,WideGuard|Modest||F|||50|]Grimmsnarl||LightClay|Prankster|PartingShot,SpiritBreak,Reflect,LightScreen|Calm||M|||50|]Swampert||Swampertite|Torrent|WaveCrash,Earthquake,IcePunch,Protect|Adamant||F|||50|]Talonflame||SharpBeak|GaleWings|Protect,Tailwind,RainDance,DualWingbeat|Jolly||F|||50|]Floette-Eternal||Floettite|FlowerVeil|DazzlingGleam,Moonblast,LightofRuin,Protect|Modest||F|||50|
|
|t:|1785942344
|teamsize|p1|4
|teamsize|p2|4
|start
|switch|p1a: Floette|Floette-Eternal, L50, F|100/100
|switch|p1b: Sinistcha|Sinistcha-Masterpiece, L50|100/100
|switch|p2a: Talonflame|Talonflame, L50, F|100/100
|switch|p2b: Floette|Floette-Eternal, L50, F|100/100
|turn|1
|
|t:|1785942381
|detailschange|p1a: Floette|Floette-Mega, L50, F
|-mega|p1a: Floette|Floette|Floettite
|-ability|p1a: Floette|Fairy Aura
|detailschange|p2b: Floette|Floette-Mega, L50, F
|-mega|p2b: Floette|Floette|Floettite
|-ability|p2b: Floette|Fairy Aura
|move|p1b: Sinistcha|Rage Powder|p1b: Sinistcha
|-singleturn|p1b: Sinistcha|move: Rage Powder
|move|p2a: Talonflame|Tailwind|p2a: Talonflame
|-sidestart|p2: predatorssg|move: Tailwind
|move|p2b: Floette|Dazzling Gleam|p1b: Sinistcha|[spread] p1a,p1b
|-damage|p1a: Floette|56/100
|-damage|p1b: Sinistcha|37/100
|move|p1a: Floette|Light of Ruin|p2b: Floette
|-damage|p2b: Floette|1/100
|-damage|p1a: Floette|7/100|[from] Recoil
|
|upkeep
|turn|2
|
|t:|1785942404
|move|p1a: Floette|Protect|p1a: Floette
|-singleturn|p1a: Floette|Protect
|move|p2a: Talonflame|Dual Wingbeat|p1b: Sinistcha
|-supereffective|p1b: Sinistcha|1
|-damage|p1b: Sinistcha|12/100
|-supereffective|p1b: Sinistcha|1
|-damage|p1b: Sinistcha|0 fnt
|faint|p1b: Sinistcha
|-hitcount|p1: Sinistcha|2
|move|p2b: Floette|Dazzling Gleam|p1a: Floette
|-activate|p1a: Floette|move: Protect
|
|upkeep
|
|t:|1785942417
|switch|p1b: Incineroar|Incineroar, L50, M, shiny|100/100
|-ability|p1b: Incineroar|Intimidate|boost
|-unboost|p2a: Talonflame|atk|1
|-unboost|p2b: Floette|atk|1
|turn|3
|
|t:|1785942430
|switch|p1a: Ceruledge|Ceruledge, L50, M|100/100
|move|p1b: Incineroar|Fake Out|p2b: Floette
|-damage|p2b: Floette|0 fnt
|faint|p2b: Floette
|move|p2a: Talonflame|Dual Wingbeat|p1a: Ceruledge
|-damage|p1a: Ceruledge|84/100
|-damage|p1a: Ceruledge|69/100
|-hitcount|p1a: Ceruledge|2
|
|upkeep
|
|t:|1785942435
|switch|p2b: Archaludon|Archaludon, L50, M|100/100
|turn|4
|
|t:|1785942456
|switch|p2a: Pelipper|Pelipper, L50, F|100/100
|-weather|RainDance|[from] ability: Drizzle|[of] p2a: Pelipper
|move|p2b: Archaludon|Electro Shot||[still]
|-prepare|p2b: Archaludon|Electro Shot
|-boost|p2b: Archaludon|spa|1
|-anim|p2b: Archaludon|Electro Shot|p1a: Ceruledge
|-damage|p1a: Ceruledge|0 fnt
|faint|p1a: Ceruledge
|move|p1b: Incineroar|Parting Shot|p2b: Archaludon
|-unboost|p2b: Archaludon|atk|1
|-unboost|p2b: Archaludon|spa|1
|
|t:|1785942467
|switch|p1b: Floette|Floette-Mega, L50, F|7/100|[from] Parting Shot
|-ability|p1b: Floette|Fairy Aura
|
|-weather|RainDance|[upkeep]
|-sideend|p2: predatorssg|move: Tailwind
|upkeep
|
|t:|1785942473
|switch|p1a: Incineroar|Incineroar, L50, M, shiny|100/100
|-ability|p1a: Incineroar|Intimidate|boost
|-unboost|p2a: Pelipper|atk|1
|-unboost|p2b: Archaludon|atk|1
|turn|5
|
|t:|1785942484
|move|p1a: Incineroar|Fake Out|p2b: Archaludon
|-resisted|p2b: Archaludon|1
|-damage|p2b: Archaludon|95/100
|-ability|p2b: Archaludon|Stamina|boost
|-boost|p2b: Archaludon|def|1
|move|p1b: Floette|Dazzling Gleam|p2a: Pelipper|[spread] p2a,p2b
|-damage|p2a: Pelipper|40/100
|-damage|p2b: Archaludon|43/100
|-ability|p2b: Archaludon|Stamina|boost
|-boost|p2b: Archaludon|def|1
|-enditem|p2a: Pelipper|Sitrus Berry|[eat]
|-heal|p2a: Pelipper|64/100|[from] item: Sitrus Berry
|cant|p2b: Archaludon|flinch
|move|p2a: Pelipper|Weather Ball|p1b: Floette
|-damage|p1b: Floette|0 fnt
|faint|p1b: Floette
|
|-weather|RainDance|[upkeep]
|-heal|p2b: Archaludon|50/100y|[from] item: Leftovers
|upkeep
|turn|6
|-message|WhimyWhimsicott forfeited.
|raw|WhimyWhimsicott's rating: 1050 → 1038(-12 for losing)
|raw|predatorssg's rating: 1170 → 1187(+17 for winning)
|
|win|predatorssg
|l|☆WhimyWhimsicott
|player|p1|
