|j|☆bennoVGC
|j|☆mackerjuan
|html|bennoVGCmackerjuan    
|uhtml|bestof|Game 3 of a best-of-3
|t:|1756729220
|gametype|doubles
|player|p1|bennoVGC|2|1277
|player|p2|mackerjuan|2|1287
|gen|9
|tier|[Gen 9] VGC 2025 Reg H (Bo3)
|rated|
|rule|Species Clause: Limit one of each Pokémon
|rule|Item Clause: Limit 1 of each item
|clearpoke
|poke|p1|Ursaluna, L50, M|
|poke|p1|Hydreigon, L50, M|
|poke|p1|Gholdengo, L50|
|poke|p1|Incineroar, L50, F|
|poke|p1|Amoonguss, L50, F|
|poke|p1|Porygon2, L50|
|poke|p2|Incineroar, L50, M|
|poke|p2|Gholdengo, L50|
|poke|p2|Porygon2, L50|
|poke|p2|Ursaluna, L50, M|
|poke|p2|Amoonguss, L50, M|
|poke|p2|Hydreigon, L50, F|
|teampreview|4
|showteam|p1|Ursaluna||FlameOrb|Guts|Facade,HeadlongRush,Earthquake,Protect|||M|||50|,,,,,Fairy]Hydreigon||SafetyGoggles|Levitate|DracoMeteor,Snarl,Tailwind,Protect|||M|||50|,,,,,Ghost]Gholdengo||LifeOrb|GoodasGold|MakeItRain,ShadowBall,NastyPlot,Protect||||||50|,,,,,Dragon]Incineroar||AssaultVest|Intimidate|KnockOff,FlareBlitz,Uturn,FakeOut|||F|||50|,,,,,Grass]Amoonguss||CovertCloak|Regenerator|Spore,RagePowder,ClearSmog,PollenPuff|||F|||50|,,,,,Fire]Porygon2||Eviolite|Download|TeraBlast,IceBeam,Recover,TrickRoom||||||50|,,,,,Fairy
|showteam|p2|Incineroar||SafetyGoggles|Intimidate|FlareBlitz,KnockOff,FakeOut,PartingShot|||M|||50|,,,,,Ghost]Gholdengo||LifeOrb|GoodasGold|MakeItRain,ShadowBall,NastyPlot,Protect||||||50|,,,,,Water]Porygon2||Eviolite|Download|TeraBlast,IceBeam,Recover,TrickRoom||||||50|,,,,,Fighting]Ursaluna||FlameOrb|Guts|Facade,HeadlongRush,Earthquake,Protect|||M|||50|,,,,,Ghost]Amoonguss||SitrusBerry|Regenerator|PollenPuff,Spore,RagePowder,Protect|||M|||50|,,,,,Water]Hydreigon||CovertCloak|Levitate|Taunt,Tailwind,DracoMeteor,Snarl|||F|||50|,,,,,Steel
|inactive|Battle timer is ON: inactive players will automatically lose when time's up. (requested by mackerjuan)
|inactive|bennoVGC has 60 seconds left.
|
|t:|1756729253
|teamsize|p1|4
|teamsize|p2|4
|start
|switch|p1a: Hydreigon|Hydreigon, L50, M|100/100
|switch|p1b: Incineroar|Incineroar, L50, F, shiny|100/100
|switch|p2a: Porygon2|Porygon2, L50|100/100
|switch|p2b: Incineroar|Incineroar, L50, M|100/100
|-ability|p1b: Incineroar|Intimidate|boost
|-unboost|p2a: Porygon2|atk|1
|-unboost|p2b: Incineroar|atk|1
|-ability|p2a: Porygon2|Download|boost
|-boost|p2a: Porygon2|atk|1
|-ability|p2b: Incineroar|Intimidate|boost
|-unboost|p1a: Hydreigon|atk|1
|-unboost|p1b: Incineroar|atk|1
|turn|1
|
|t:|1756729281
|switch|p1a: Ursaluna|Ursaluna, L50, M|100/100
|move|p1b: Incineroar|Fake Out|p2b: Incineroar
|-damage|p2b: Incineroar|93/100
|cant|p2b: Incineroar|flinch
|move|p2a: Porygon2|Trick Room|p2a: Porygon2
|-fieldstart|move: Trick Room|[of] p2a: Porygon2
|
|-status|p1a: Ursaluna|brn|[from] item: Flame Orb
|upkeep
|turn|2
|inactive|bennoVGC has 30 seconds left.
|
|t:|1756729306
|-terastallize|p2b: Incineroar|Ghost
|-terastallize|p1a: Ursaluna|Fairy
|move|p2b: Incineroar|Parting Shot|p1a: Ursaluna
|-unboost|p1a: Ursaluna|atk|1
|-unboost|p1a: Ursaluna|spa|1
|
|t:|1756729319
|switch|p2b: Ursaluna|Ursaluna, L50, M|100/100|[from] Parting Shot
|move|p2a: Porygon2|Ice Beam|p1a: Ursaluna
|-damage|p1a: Ursaluna|72/100 brn
|move|p1a: Ursaluna|Facade|p2b: Ursaluna
|-damage|p2b: Ursaluna|33/100
|move|p1b: Incineroar|Knock Off|p2b: Ursaluna
|-damage|p2b: Ursaluna|9/100
|-enditem|p2b: Ursaluna|Flame Orb|[from] move: Knock Off|[of] p1b: Incineroar
|
|-damage|p1a: Ursaluna|67/100 brn|[from] brn
|upkeep
|turn|3
|inactive|bennoVGC has 30 seconds left.
|inactive|mackerjuan has 30 seconds left.
|
|t:|1756729354
|switch|p2a: Incineroar|Incineroar, L50, M, tera:Ghost|93/100
|-ability|p2a: Incineroar|Intimidate|boost
|-unboost|p1a: Ursaluna|atk|1
|-unboost|p1b: Incineroar|atk|1
|switch|p1a: Gholdengo|Gholdengo, L50|100/100
|move|p2b: Ursaluna|Headlong Rush|p1b: Incineroar
|-supereffective|p1b: Incineroar
|-damage|p1b: Incineroar|0 fnt
|-unboost|p2b: Ursaluna|def|1
|-unboost|p2b: Ursaluna|spd|1
|faint|p1b: Incineroar
|
|upkeep
|inactive|bennoVGC has 30 seconds left.
|
|t:|1756729384
|switch|p1b: Hydreigon|Hydreigon, L50, M|100/100
|turn|4
|
|t:|1756729408
|move|p2a: Incineroar|Fake Out|p1b: Hydreigon
|-damage|p1b: Hydreigon|89/100
|move|p2b: Ursaluna|Headlong Rush|p1a: Gholdengo
|-supereffective|p1a: Gholdengo
|-damage|p1a: Gholdengo|0 fnt
|-unboost|p2b: Ursaluna|def|1
|-unboost|p2b: Ursaluna|spd|1
|faint|p1a: Gholdengo
|cant|p1b: Hydreigon|flinch
|
|upkeep
|
|t:|1756729412
|switch|p1a: Ursaluna|Ursaluna, L50, M, tera:Fairy|67/100 brn
|turn|5
|
|t:|1756729422
|move|p1a: Ursaluna|Protect|p1a: Ursaluna
|-singleturn|p1a: Ursaluna|Protect
|move|p1b: Hydreigon|Protect|p1b: Hydreigon
|-singleturn|p1b: Hydreigon|Protect
|move|p2a: Incineroar|Flare Blitz|p1a: Ursaluna
|-activate|p1a: Ursaluna|move: Protect
|move|p2b: Ursaluna|Headlong Rush|p1a: Ursaluna
|-activate|p1a: Ursaluna|move: Protect
|
|-damage|p1a: Ursaluna|61/100 brn|[from] brn
|-fieldend|move: Trick Room
|upkeep
|turn|6
|inactive|mackerjuan has 30 seconds left.
|
|t:|1756729448
|switch|p2a: Porygon2|Porygon2, L50|100/100
|-ability|p2a: Porygon2|Download|boost
|-boost|p2a: Porygon2|spa|1
|move|p2b: Ursaluna|Protect|p2b: Ursaluna
|-singleturn|p2b: Ursaluna|Protect
|move|p1b: Hydreigon|Snarl|p2b: Ursaluna|[spread] p2a
|-activate|p2b: Ursaluna|move: Protect
|-damage|p2a: Porygon2|90/100
|-unboost|p2a: Porygon2|spa|1
|move|p1a: Ursaluna|Earthquake|p2a: Porygon2|[spread] p2a
|-activate|p2b: Ursaluna|move: Protect
|-immune|p1b: Hydreigon|[from] ability: Levitate
|-damage|p2a: Porygon2|45/100
|
|-damage|p1a: Ursaluna|55/100 brn|[from] brn
|upkeep
|turn|7
|
|t:|1756729465
|switch|p2a: Incineroar|Incineroar, L50, M, tera:Ghost|93/100
|-ability|p2a: Incineroar|Intimidate|boost
|-unboost|p1a: Ursaluna|atk|1
|-unboost|p1b: Hydreigon|atk|1
|move|p1b: Hydreigon|Snarl|p2b: Ursaluna|[spread] p2a,p2b
|-supereffective|p2a: Incineroar
|-damage|p2a: Incineroar|62/100
|-damage|p2b: Ursaluna|0 fnt
|-unboost|p2a: Incineroar|spa|1
|faint|p2b: Ursaluna
|move|p1a: Ursaluna|Earthquake|p2a: Incineroar|[spread] p2a
|-immune|p1b: Hydreigon|[from] ability: Levitate
|-damage|p2a: Incineroar|21/100
|
|-damage|p1a: Ursaluna|49/100 brn|[from] brn
|upkeep
|
|t:|1756729482
|switch|p2b: Porygon2|Porygon2, L50|45/100
|-ability|p2b: Porygon2|Download|boost
|-boost|p2b: Porygon2|spa|1
|turn|8
|
|t:|1756729498
|move|p2a: Incineroar|Fake Out|p1a: Ursaluna
|-damage|p1a: Ursaluna|40/100 brn
|move|p1b: Hydreigon|Draco Meteor|p2b: Porygon2
|-damage|p2b: Porygon2|14/100
|-unboost|p1b: Hydreigon|spa|2
|cant|p1a: Ursaluna|flinch
|move|p2b: Porygon2|Trick Room|p2b: Porygon2
|-fieldstart|move: Trick Room|[of] p2b: Porygon2
|
|-damage|p1a: Ursaluna|34/100 brn|[from] brn
|upkeep
|turn|9
|
|t:|1756729519
|move|p1b: Hydreigon|Protect|p1b: Hydreigon
|-singleturn|p1b: Hydreigon|Protect
|move|p2a: Incineroar|Flare Blitz|p1a: Ursaluna
|-damage|p1a: Ursaluna|0 fnt
|faint|p1a: Ursaluna
|-damage|p2a: Incineroar|9/100|[from] Recoil
|move|p2b: Porygon2|Ice Beam|p1b: Hydreigon
|-activate|p1b: Hydreigon|move: Protect
|
|upkeep
|turn|10
|-message|bennoVGC forfeited.
|
|win|mackerjuan
|raw|bennoVGC's rating: 1277 → 1253(-24 for losing)
|raw|mackerjuan's rating: 1287 → 1311(+24 for winning)
