|j|☆ChrisJHall13
|j|☆VenusaurBot
|html|ChrisJHall13VenusaurBot    
|uhtml|bestof|Game 3 of a best-of-3
|t:|1784490933
|gametype|doubles
|player|p1|ChrisJHall13|101|1176
|player|p2|VenusaurBot|koga|1212
|gen|9
|tier|[Gen 9 Champions] VGC 2026 Reg M-B (Bo3)
|rated|
|rule|Species Clause: Limit one of each Pokémon
|rule|Item Clause: Limit 1 of each item
|clearpoke
|poke|p1|Froslass, L50, F|
|poke|p1|Blaziken, L50, M|
|poke|p1|Kingambit, L50, M|
|poke|p1|Dragonite, L50, F|
|poke|p1|Milotic, L50, M|
|poke|p1|Sneasler, L50, F|
|poke|p2|Blaziken, L50, M|
|poke|p2|Venusaur, L50, M|
|poke|p2|Ninetales-Alola, L50, M|
|poke|p2|Dragonite, L50, F|
|poke|p2|Kingambit, L50, F|
|poke|p2|Basculegion, L50, M|
|teampreview|4
|showteam|p1|Froslass||Froslassite|SnowCloak|Blizzard,AuroraVeil,ShadowBall,Protect|Timid||F|||50|]Blaziken||Blazikenite|SpeedBoost|FlareBlitz,CloseCombat,Detect,RockSlide|Adamant||M|||50|]Kingambit||BlackGlasses|Defiant|KowtowCleave,SuckerPunch,IronHead,Protect|Adamant||M|||50|]Dragonite||LifeOrb|InnerFocus|LowKick,ExtremeSpeed,DragonClaw,Protect|Adamant||F|||50|]Milotic||Leftovers|Competitive|MuddyWater,Coil,Recover,Hypnosis|Bold||M|||50|]Sneasler||FocusSash|PoisonTouch|FakeOut,PoisonJab,CloseCombat,Protect|Jolly||F|||50|
|showteam|p2|Blaziken||Blazikenite|SpeedBoost|Protect,FlareBlitz,CloseCombat,RockSlide|Adamant||M|||50|]Venusaur||Venusaurite|Chlorophyll|Protect,EarthPower,SludgeBomb,GigaDrain|Modest||M|||50|]Ninetales-Alola||NeverMeltIce|SnowWarning|Protect,Blizzard,FreezeDry,Encore|Timid||M|||50|]Dragonite||LifeOrb|InnerFocus|Protect,ExtremeSpeed,DragonClaw,LowKick|Adamant||F|||50|]Kingambit||BlackGlasses|Defiant|Protect,KowtowCleave,SuckerPunch,IronHead|Adamant||F|||50|]Basculegion||ChoiceScarf|Adaptability|WaveCrash,FlipTurn,AquaJet,LastRespects|Jolly||M|||50|
|inactive|Battle timer is ON: inactive players will automatically lose when time's up. (requested by VenusaurBot)
|inactive|VenusaurBot has 60 seconds left.
|
|t:|1784490987
|teamsize|p1|4
|teamsize|p2|4
|start
|switch|p1a: Froslass|Froslass, L50, F|100/100
|switch|p1b: Milotic|Milotic, L50, M|100/100
|switch|p2a: Kingambit|Kingambit, L50, F|100/100
|switch|p2b: Ninetales|Ninetales-Alola, L50, M|100/100
|-weather|Snowscape|[from] ability: Snow Warning|[of] p2b: Ninetales
|turn|1
|
|t:|1784491010
|switch|p1b: Kingambit|Kingambit, L50, M|100/100
|detailschange|p1a: Froslass|Froslass-Mega, L50, F
|-mega|p1a: Froslass|Froslass|Froslassite
|move|p1a: Froslass|Aurora Veil|p1a: Froslass
|-sidestart|p1: ChrisJHall13|move: Aurora Veil
|move|p2b: Ninetales|Freeze-Dry|p1b: Kingambit
|-resisted|p1b: Kingambit|1
|-damage|p1b: Kingambit|91/100
|move|p2a: Kingambit|Kowtow Cleave|p1a: Froslass
|-supereffective|p1a: Froslass|1
|-damage|p1a: Froslass|23/100
|
|-weather|Snowscape|[upkeep]
|upkeep
|turn|2
|inactive|VenusaurBot has 30 seconds left.
|
|t:|1784491039
|switch|p1a: Milotic|Milotic, L50, M|100/100
|move|p2b: Ninetales|Blizzard|p1b: Kingambit|[spread] p1a,p1b
|-resisted|p1a: Milotic|1
|-resisted|p1b: Kingambit|1
|-damage|p1a: Milotic|92/100
|-damage|p1b: Kingambit|81/100
|-status|p1a: Milotic|frz
|move|p1b: Kingambit|Iron Head|p2b: Ninetales
|-supereffective|p2b: Ninetales|2
|-damage|p2b: Ninetales|0 fnt
|faint|p2b: Ninetales
|move|p2a: Kingambit|Kowtow Cleave|p1a: Milotic
|-crit|p1a: Milotic
|-damage|p1a: Milotic|19/100 frz
|
|-weather|Snowscape|[upkeep]
|-heal|p1a: Milotic|25/100 frz|[from] item: Leftovers
|upkeep
|
|t:|1784491055
|switch|p2b: Venusaur|Venusaur, L50, M|100/100
|turn|3
|
|t:|1784491069
|detailschange|p2b: Venusaur|Venusaur-Mega, L50, M
|-mega|p2b: Venusaur|Venusaur|Venusaurite
|move|p2b: Venusaur|Earth Power|p1b: Kingambit
|-supereffective|p1b: Kingambit|1
|-damage|p1b: Kingambit|41/100
|cant|p1a: Milotic|frz
|move|p2a: Kingambit|Kowtow Cleave|p1a: Milotic
|-damage|p1a: Milotic|0 fnt
|faint|p1a: Milotic
|move|p1b: Kingambit|Kowtow Cleave|p2b: Venusaur
|-damage|p2b: Venusaur|51/100
|
|-weather|Snowscape|[upkeep]
|upkeep
|
|t:|1784491082
|switch|p1a: Sneasler|Sneasler, L50, F|100/100
|turn|4
|
|t:|1784491104
|move|p2b: Venusaur|Protect|p2b: Venusaur
|-singleturn|p2b: Venusaur|Protect
|move|p2a: Kingambit|Protect|p2a: Kingambit
|-singleturn|p2a: Kingambit|Protect
|move|p1a: Sneasler|Fake Out|p2a: Kingambit
|-activate|p2a: Kingambit|move: Protect
|move|p1b: Kingambit|Kowtow Cleave|p2b: Venusaur
|-activate|p2b: Venusaur|move: Protect
|
|-weather|Snowscape|[upkeep]
|upkeep
|turn|5
|
|t:|1784491114
|move|p2a: Kingambit|Sucker Punch|p1a: Sneasler
|-resisted|p1a: Sneasler|1
|-damage|p1a: Sneasler|74/100
|move|p1b: Kingambit|Sucker Punch|p2b: Venusaur
|-damage|p2b: Venusaur|14/100
|move|p1a: Sneasler|Close Combat|p2a: Kingambit
|-supereffective|p2a: Kingambit|2
|-damage|p2a: Kingambit|0 fnt
|-unboost|p1a: Sneasler|def|1
|-unboost|p1a: Sneasler|spd|1
|faint|p2a: Kingambit
|move|p2b: Venusaur|Earth Power|p1b: Kingambit
|-supereffective|p1b: Kingambit|1
|-damage|p1b: Kingambit|2/100
|-unboost|p1b: Kingambit|spd|1
|-ability|p1b: Kingambit|Defiant|boost
|-boost|p1b: Kingambit|atk|2
|
|-weather|none
|-sideend|p1: ChrisJHall13|move: Aurora Veil
|upkeep
|
|t:|1784491123
|switch|p2a: Basculegion|Basculegion, L50, M|100/100
|turn|6
|
|t:|1784491141
|move|p2b: Venusaur|Protect|p2b: Venusaur
|-singleturn|p2b: Venusaur|Protect
|move|p1b: Kingambit|Protect|p1b: Kingambit
|-singleturn|p1b: Kingambit|Protect
|move|p2a: Basculegion|Aqua Jet|p1a: Sneasler
|-damage|p1a: Sneasler|6/100
|move|p1a: Sneasler|Poison Jab|p2b: Venusaur
|-activate|p2b: Venusaur|move: Protect
|
|upkeep
|turn|7
|
|t:|1784491153
|move|p2b: Venusaur|Protect|p2b: Venusaur
|-singleturn|p2b: Venusaur|Protect
|move|p2a: Basculegion|Aqua Jet|p1a: Sneasler
|-damage|p1a: Sneasler|0 fnt
|faint|p1a: Sneasler
|move|p1b: Kingambit|Sucker Punch||[still]
|-fail|p1b: Kingambit
|
|upkeep
|
|t:|1784491157
|switch|p1a: Froslass|Froslass-Mega, L50, F|23/100
|-weather|Snowscape|[from] ability: Snow Warning|[of] p1a: Froslass
|turn|8
|
|t:|1784491166
|move|p1b: Kingambit|Protect|p1b: Kingambit
|-singleturn|p1b: Kingambit|Protect
|move|p2a: Basculegion|Aqua Jet|p1b: Kingambit
|-activate|p1b: Kingambit|move: Protect
|move|p1a: Froslass|Shadow Ball|p2a: Basculegion
|-supereffective|p2a: Basculegion|1
|-damage|p2a: Basculegion|1/100
|-unboost|p2a: Basculegion|spd|1
|move|p2b: Venusaur|Sludge Bomb|p1a: Froslass
|-resisted|p1a: Froslass|1
|-damage|p1a: Froslass|1/100
|-status|p1a: Froslass|psn
|
|-weather|Snowscape|[upkeep]
|-damage|p1a: Froslass|0 fnt|[from] psn
|faint|p1a: Froslass
|upkeep
|turn|9
|-message|ChrisJHall13 forfeited.
|
|win|VenusaurBot
|raw|ChrisJHall13's rating: 1176 → 1154(-22 for losing)
|raw|VenusaurBot's rating: 1212 → 1234(+22 for winning)
|l|☆ChrisJHall13
|player|p1|
|j|☆ChrisJHall13
|player|p1|ChrisJHall13|101|
|l|☆ChrisJHall13
|player|p1|
