|j|☆elmono11
|j|☆Yato1226
|html|elmono11Yato1226    
|uhtml|bestof|Game 1 of a best-of-3
|t:|1784130694
|gametype|doubles
|player|p1|elmono11|266|1407
|player|p2|Yato1226|dragontamer|1347
|gen|9
|tier|[Gen 9 Champions] VGC 2026 Reg M-B (Bo3)
|rated|
|rule|Species Clause: Limit one of each Pokémon
|rule|Item Clause: Limit 1 of each item
|clearpoke
|poke|p1|Dragonite, L50, M|
|poke|p1|Sneasler, L50, F|
|poke|p1|Sinistcha, L50|
|poke|p1|Incineroar, L50, F|
|poke|p1|Floette-Eternal, L50, F|
|poke|p1|Kingambit, L50, M|
|poke|p2|Staraptor, L50, F|
|poke|p2|Grimmsnarl, L50, M|
|poke|p2|Raichu, L50, M|
|poke|p2|Ceruledge, L50, M|
|poke|p2|Sinistcha, L50|
|poke|p2|Kingambit, L50, F|
|teampreview|4
|showteam|p1|Dragonite||LumBerry|Multiscale|Protect,DragonClaw,ExtremeSpeed,FirePunch|Adamant||M|||50|]Sneasler||FocusSash|PoisonTouch|FakeOut,CloseCombat,PoisonJab,Coaching|Jolly||F|||50|]Sinistcha||Leftovers|Hospitality|TrickRoom,MatchaGotcha,RagePowder,Protect|Bold|||||50|]Incineroar||SitrusBerry|Intimidate|FlareBlitz,DarkestLariat,PartingShot,FakeOut|Careful||F|||50|]Floette-Eternal||Floettite|FlowerVeil|DazzlingGleam,DrainingKiss,CalmMind,Protect|Modest||F|||50|]Kingambit||BlackGlasses|Defiant|KowtowCleave,SwordsDance,SuckerPunch,Protect|Adamant||M|||50|
|showteam|p2|Staraptor||Staraptite|Intimidate|CloseCombat,BraveBird,Roost,Protect|Jolly||F|||50|]Grimmsnarl||LightClay|Prankster|SpiritBreak,Reflect,LightScreen,PartingShot|Careful||M|||50|]Raichu||FocusSash|LightningRod|VoltSwitch,Electroweb,Charm,FakeOut|Timid||M|||50|]Ceruledge||ColburBerry|FlashFire|BitterBlade,ShadowSneak,BulkUp,Protect|Adamant||M|||50|]Sinistcha||SitrusBerry|Hospitality|MatchaGotcha,RagePowder,TrickRoom,Protect|Bold|||||50|]Kingambit||LifeOrb|Defiant|KowtowCleave,SuckerPunch,IronHead,Protect|Adamant||F|||50|
|inactive|Battle timer is ON: inactive players will automatically lose when time's up. (requested by elmono11)
|inactive|elmono11 has 60 seconds left.
|inactive|Yato1226 has 60 seconds left.
|
|t:|1784130752
|teamsize|p1|4
|teamsize|p2|4
|start
|switch|p1a: Floette|Floette-Eternal, L50, F|100/100
|switch|p1b: Sneasler|Sneasler, L50, F|100/100
|switch|p2a: Ceruledge|Ceruledge, L50, M|100/100
|switch|p2b: Grimmsnarl|Grimmsnarl, L50, M|100/100
|turn|1
|
|t:|1784130767
|detailschange|p1a: Floette|Floette-Mega, L50, F
|-mega|p1a: Floette|Floette|Floettite
|-ability|p1a: Floette|Fairy Aura
|move|p2b: Grimmsnarl|Light Screen|p2b: Grimmsnarl
|-sidestart|p2: Yato1226|move: Light Screen
|move|p1b: Sneasler|Poison Jab|p2a: Ceruledge
|-resisted|p2a: Ceruledge|1
|-damage|p2a: Ceruledge|80/100
|-status|p2a: Ceruledge|psn
|move|p1a: Floette|Calm Mind|p1a: Floette
|-boost|p1a: Floette|spa|1
|-boost|p1a: Floette|spd|1
|move|p2a: Ceruledge|Bulk Up|p2a: Ceruledge
|-boost|p2a: Ceruledge|atk|1
|-boost|p2a: Ceruledge|def|1
|
|-damage|p2a: Ceruledge|68/100 psn|[from] psn
|upkeep
|turn|2
|
|t:|1784130787
|move|p1a: Floette|Protect|p1a: Floette
|-singleturn|p1a: Floette|Protect
|move|p2b: Grimmsnarl|Parting Shot|p1a: Floette
|-activate|p1a: Floette|move: Protect
|move|p1b: Sneasler|Poison Jab|p2b: Grimmsnarl
|-supereffective|p2b: Grimmsnarl|1
|-damage|p2b: Grimmsnarl|1/100
|-status|p2b: Grimmsnarl|psn
|move|p2a: Ceruledge|Bulk Up|p2a: Ceruledge
|-boost|p2a: Ceruledge|atk|1
|-boost|p2a: Ceruledge|def|1
|
|-damage|p2a: Ceruledge|56/100 psn|[from] psn
|-damage|p2b: Grimmsnarl|0 fnt|[from] psn
|faint|p2b: Grimmsnarl
|upkeep
|
|t:|1784130794
|switch|p2b: Sinistcha|Sinistcha, L50|100/100
|-heal|p2a: Ceruledge|80/100 psn|[from] ability: Hospitality|[of] p2b: Sinistcha
|turn|3
|
|t:|1784130805
|switch|p1b: Incineroar|Incineroar, L50, F|100/100
|-ability|p1b: Incineroar|Intimidate|boost
|-unboost|p2a: Ceruledge|atk|1
|-unboost|p2b: Sinistcha|atk|1
|move|p1a: Floette|Dazzling Gleam|p2b: Sinistcha|[spread] p2a,p2b
|-resisted|p2a: Ceruledge|1
|-damage|p2a: Ceruledge|57/100 psn
|-damage|p2b: Sinistcha|56/100
|move|p2a: Ceruledge|Bitter Blade|p1a: Floette
|-damage|p1a: Floette|29/100
|-heal|p2a: Ceruledge|91/100 psn|[from] drain|[of] p1a: Floette
|move|p2b: Sinistcha|Matcha Gotcha|p1a: Floette|[spread] p1a,p1b
|-resisted|p1b: Incineroar|1
|-damage|p1a: Floette|18/100
|-heal|p2b: Sinistcha|62/100|[from] drain|[of] p1a: Floette
|-damage|p1b: Incineroar|91/100
|-heal|p2b: Sinistcha|67/100|[from] drain|[of] p1b: Incineroar
|
|-damage|p2a: Ceruledge|79/100 psn|[from] psn
|upkeep
|turn|4
|inactive|elmono11 has 30 seconds left.
|inactive|Yato1226 has 30 seconds left.
|
|t:|1784130835
|switch|p2b: Staraptor|Staraptor, L50, F|100/100
|-ability|p2b: Staraptor|Intimidate|boost
|-unboost|p1a: Floette|atk|1
|-unboost|p1b: Incineroar|atk|1
|move|p1a: Floette|Protect|p1a: Floette
|-singleturn|p1a: Floette|Protect
|move|p2a: Ceruledge|Protect|p2a: Ceruledge
|-singleturn|p2a: Ceruledge|Protect
|move|p1b: Incineroar|Darkest Lariat|p2a: Ceruledge
|-activate|p2a: Ceruledge|move: Protect
|
|-damage|p2a: Ceruledge|67/100 psn|[from] psn
|upkeep
|turn|5
|inactive|Yato1226 has 30 seconds left.
|
|t:|1784130865
|switch|p1a: Dragonite|Dragonite, L50, M|100/100
|detailschange|p2b: Staraptor|Staraptor-Mega, L50, F
|-mega|p2b: Staraptor|Staraptor|Staraptite
|move|p2b: Staraptor|Protect|p2b: Staraptor
|-singleturn|p2b: Staraptor|Protect
|move|p2a: Ceruledge|Bitter Blade|p1a: Dragonite
|-resisted|p1a: Dragonite|1
|-damage|p1a: Dragonite|84/100
|-heal|p2a: Ceruledge|75/100 psn|[from] drain|[of] p1a: Dragonite
|move|p1b: Incineroar|Darkest Lariat|p2a: Ceruledge
|-supereffective|p2a: Ceruledge|1
|-enditem|p2a: Ceruledge|Colbur Berry|[eat]
|-enditem|p2a: Ceruledge|Colbur Berry|[weaken]
|-damage|p2a: Ceruledge|54/100 psn
|
|-damage|p2a: Ceruledge|42/100 psn|[from] psn
|upkeep
|turn|6
|
|t:|1784130877
|move|p1a: Dragonite|Protect|p1a: Dragonite
|-singleturn|p1a: Dragonite|Protect
|move|p2b: Staraptor|Close Combat|p1b: Incineroar
|-supereffective|p1b: Incineroar|1
|-damage|p1b: Incineroar|0 fnt
|-boost|p2b: Staraptor|def|1
|-boost|p2b: Staraptor|spd|1
|faint|p1b: Incineroar
|move|p2a: Ceruledge|Bitter Blade|p1a: Dragonite
|-activate|p1a: Dragonite|move: Protect
|
|-damage|p2a: Ceruledge|30/100 psn|[from] psn
|upkeep
|
|t:|1784130888
|switch|p1b: Sneasler|Sneasler, L50, F|100/100
|turn|7
|
|t:|1784130900
|move|p1b: Sneasler|Fake Out|p2b: Staraptor
|-damage|p2b: Staraptor|91/100
|cant|p2b: Staraptor|flinch
|move|p1a: Dragonite|Dragon Claw|p2a: Ceruledge
|-damage|p2a: Ceruledge|5/100 psn
|move|p2a: Ceruledge|Bitter Blade|p1b: Sneasler
|-enditem|p1b: Sneasler|Focus Sash
|-damage|p1b: Sneasler|1/100
|-heal|p2a: Ceruledge|48/100 psn|[from] drain|[of] p1b: Sneasler
|
|-damage|p2a: Ceruledge|36/100 psn|[from] psn
|upkeep
|turn|8
|
|t:|1784130920
|move|p1b: Sneasler|Poison Jab|p2b: Staraptor
|-damage|p2b: Staraptor|63/100
|move|p2b: Staraptor|Close Combat|p1b: Sneasler
|-resisted|p1b: Sneasler|1
|-damage|p1b: Sneasler|0 fnt
|-boost|p2b: Staraptor|def|1
|-boost|p2b: Staraptor|spd|1
|faint|p1b: Sneasler
|move|p1a: Dragonite|Dragon Claw|p2a: Ceruledge
|-damage|p2a: Ceruledge|11/100 psn
|move|p2a: Ceruledge|Bitter Blade|p1a: Dragonite
|-resisted|p1a: Dragonite|1
|-damage|p1a: Dragonite|52/100
|-heal|p2a: Ceruledge|28/100 psn|[from] drain|[of] p1a: Dragonite
|
|-damage|p2a: Ceruledge|15/100 psn|[from] psn
|-sideend|p2: Yato1226|move: Light Screen
|upkeep
|
|t:|1784130924
|switch|p1b: Floette|Floette-Mega, L50, F|18/100
|-ability|p1b: Floette|Fairy Aura
|turn|9
|
|t:|1784130942
|move|p1b: Floette|Protect|p1b: Floette
|-singleturn|p1b: Floette|Protect
|move|p2a: Ceruledge|Shadow Sneak|p1b: Floette
|-activate|p1b: Floette|move: Protect
|move|p2b: Staraptor|Roost|p2b: Staraptor
|-heal|p2b: Staraptor|100/100
|-singleturn|p2b: Staraptor|move: Roost
|move|p1a: Dragonite|Dragon Claw|p2b: Staraptor
|-damage|p2b: Staraptor|76/100
|
|-damage|p2a: Ceruledge|3/100 psn|[from] psn
|upkeep
|turn|10
|
|t:|1784130954
|move|p1b: Floette|Protect||[still]
|-fail|p1b: Floette
|move|p2a: Ceruledge|Shadow Sneak|p1b: Floette
|-damage|p1b: Floette|0 fnt
|faint|p1b: Floette
|move|p2b: Staraptor|Brave Bird|p1a: Dragonite
|-damage|p1a: Dragonite|0 fnt
|faint|p1a: Dragonite
|-damage|p2b: Staraptor|58/100|[from] Recoil
|
|win|Yato1226
