|j|☆Le P VGC
|j|☆r4ka
|html|Le P VGCr4ka    
|uhtml|bestof|Game 3 of a best-of-3
|t:|1756640516
|gametype|doubles
|player|p1|Le P VGC|lucian|1217
|player|p2|r4ka|169|1142
|gen|9
|tier|[Gen 9] VGC 2025 Reg H (Bo3)
|rated|
|rule|Species Clause: Limit one of each Pokémon
|rule|Item Clause: Limit 1 of each item
|clearpoke
|poke|p1|Ursaluna, L50, F|
|poke|p1|Incineroar, L50, F|
|poke|p1|Jumpluff, L50, F|
|poke|p1|Torkoal, L50, M|
|poke|p1|Charizard, L50, M|
|poke|p1|Porygon2, L50|
|poke|p2|Rillaboom, L50, M|
|poke|p2|Dragonite, L50, F|
|poke|p2|Sneasler, L50, M|
|poke|p2|Kingambit, L50, M|
|poke|p2|Electabuzz, L50, M|
|poke|p2|Volcarona, L50, F|
|teampreview|4
|showteam|p1|Ursaluna||FlameOrb|Guts|Earthquake,Facade,HeadlongRush,Protect|||F|||50|,,,,,Ghost]Incineroar||SafetyGoggles|Intimidate|FakeOut,FlareBlitz,KnockOff,PartingShot|||F|||50|,,,,,Ghost]Jumpluff||CovertCloak|Chlorophyll|SleepPowder,Tailwind,RagePowder,SunnyDay|||F|||50|,,,,,Water]Torkoal||EjectPack|Drought|Eruption,Overheat,Protect,HelpingHand|||M|||50|,,,,,Fire]Charizard||ChoiceSpecs|SolarPower|HeatWave,AirSlash,WeatherBall,Overheat|||M|||50|,,,,,Ghost]Porygon2||Eviolite|Download|TeraBlast,TrickRoom,Recover,IceBeam||||||50|,,,,,Fighting
|showteam|p2|Rillaboom||AssaultVest|GrassySurge|FakeOut,HighHorsepower,WoodHammer,GrassyGlide|||M|||50|,,,,,Fire]Dragonite||LoadedDice|Multiscale|ExtremeSpeed,ScaleShot,Protect,Haze|||F|||50|,,,,,Steel]Sneasler||FocusSash|PoisonTouch|DireClaw,CloseCombat,FakeOut,Coaching|||M|||50|,,,,,Stellar]Kingambit||BlackGlasses|Defiant|KowtowCleave,SuckerPunch,SwordsDance,Protect|||M|||50|,,,,,Dark]Electabuzz||Eviolite|VitalSpirit|Thunderbolt,Taunt,Protect,FollowMe|||M|||50|,,,,,Ghost]Volcarona||Leftovers|FlameBody|HeatWave,TeraBlast,QuiverDance,Protect|||F|||50|,,,,,Fairy
|inactive|Battle timer is ON: inactive players will automatically lose when time's up. (requested by Le P VGC)
|inactive|r4ka has 60 seconds left.
|
|t:|1756640571
|teamsize|p1|4
|teamsize|p2|4
|start
|switch|p1a: Charizard|Charizard, L50, M|100/100
|switch|p1b: Torkoal|Torkoal, L50, M|100/100
|switch|p2a: Sneasler|Sneasler, L50, M|100/100
|switch|p2b: Kingambit|Kingambit, L50, M, shiny|100/100
|-weather|SunnyDay|[from] ability: Drought|[of] p1b: Torkoal
|turn|1
|inactive|Le P VGC has 30 seconds left.
|
|t:|1756640599
|move|p2b: Kingambit|Protect|p2b: Kingambit
|-singleturn|p2b: Kingambit|Protect
|move|p2a: Sneasler|Coaching|p2b: Kingambit
|-boost|p2b: Kingambit|atk|1
|-boost|p2b: Kingambit|def|1
|move|p1a: Charizard|Heat Wave|p2a: Sneasler|[spread] p2a
|-activate|p2b: Kingambit|move: Protect
|-enditem|p2a: Sneasler|Focus Sash
|-damage|p2a: Sneasler|1/100
|move|p1b: Torkoal|Overheat|p2a: Sneasler
|-damage|p2a: Sneasler|0 fnt
|-unboost|p1b: Torkoal|spa|2
|faint|p2a: Sneasler
|-enditem|p1b: Torkoal|Eject Pack
|
|t:|1756640611
|switch|p1b: Ursaluna|Ursaluna, L50, F|100/100
|
|-weather|SunnyDay|[upkeep]
|-damage|p1a: Charizard|88/100|[from] ability: Solar Power|[of] p1a: Charizard
|-status|p1b: Ursaluna|brn|[from] item: Flame Orb
|upkeep
|
|t:|1756640618
|switch|p2a: Volcarona|Volcarona, L50, F|100/100
|turn|2
|
|t:|1756640633
|-terastallize|p2b: Kingambit|Dark
|move|p2b: Kingambit|Sucker Punch|p1b: Ursaluna
|-damage|p1b: Ursaluna|25/100 brn
|move|p1a: Charizard|Heat Wave|p2a: Volcarona|[spread] p2a
|-miss|p1a: Charizard|p2b: Kingambit
|-damage|p2a: Volcarona|0 fnt
|faint|p2a: Volcarona
|move|p1b: Ursaluna|Earthquake|p2b: Kingambit|[spread] p2b
|-immune|p1a: Charizard
|-damage|p2b: Kingambit|68/100
|
|-weather|SunnyDay|[upkeep]
|-damage|p1a: Charizard|76/100|[from] ability: Solar Power|[of] p1a: Charizard
|-damage|p1b: Ursaluna|19/100 brn|[from] brn
|upkeep
|
|t:|1756640647
|switch|p2a: Electabuzz|Electabuzz, L50, M|100/100
|turn|3
|
|t:|1756640661
|move|p2b: Kingambit|Protect|p2b: Kingambit
|-singleturn|p2b: Kingambit|Protect
|move|p1a: Charizard|Heat Wave|p2a: Electabuzz|[spread] p2a
|-activate|p2b: Kingambit|move: Protect
|-damage|p2a: Electabuzz|13/100
|move|p2a: Electabuzz|Thunderbolt|p1a: Charizard
|-supereffective|p1a: Charizard
|-damage|p1a: Charizard|0 fnt
|faint|p1a: Charizard
|move|p1b: Ursaluna|Facade|p2b: Kingambit
|-activate|p2b: Kingambit|move: Protect
|
|-weather|SunnyDay|[upkeep]
|-damage|p1b: Ursaluna|14/100 brn|[from] brn
|upkeep
|
|t:|1756640669
|switch|p1a: Incineroar|Incineroar, L50, F|100/100
|-ability|p1a: Incineroar|Intimidate|boost
|-unboost|p2a: Electabuzz|atk|1
|-unboost|p2b: Kingambit|atk|1
|-ability|p2b: Kingambit|Defiant|boost
|-boost|p2b: Kingambit|atk|2
|turn|4
|
|t:|1756640690
|move|p1a: Incineroar|Fake Out|p2b: Kingambit
|-damage|p2b: Kingambit|62/100
|move|p2a: Electabuzz|Follow Me|p2a: Electabuzz
|-singleturn|p2a: Electabuzz|move: Follow Me
|cant|p2b: Kingambit|flinch
|move|p1b: Ursaluna|Facade|p2a: Electabuzz
|-damage|p2a: Electabuzz|0 fnt
|faint|p2a: Electabuzz
|
|-weather|SunnyDay|[upkeep]
|-damage|p1b: Ursaluna|8/100 brn|[from] brn
|upkeep
|turn|5
|
|t:|1756640701
|move|p2b: Kingambit|Protect|p2b: Kingambit
|-singleturn|p2b: Kingambit|Protect
|move|p1b: Ursaluna|Facade|p2b: Kingambit
|-activate|p2b: Kingambit|move: Protect
|move|p1a: Incineroar|Flare Blitz|p2b: Kingambit
|-activate|p2b: Kingambit|move: Protect
|
|-weather|none
|-damage|p1b: Ursaluna|2/100 brn|[from] brn
|upkeep
|turn|6
|
|t:|1756640717
|move|p2b: Kingambit|Sucker Punch|p1b: Ursaluna
|-damage|p1b: Ursaluna|0 fnt
|faint|p1b: Ursaluna
|move|p1a: Incineroar|Knock Off|p2b: Kingambit
|-resisted|p2b: Kingambit
|-damage|p2b: Kingambit|52/100
|-enditem|p2b: Kingambit|Black Glasses|[from] move: Knock Off|[of] p1a: Incineroar
|
|upkeep
|
|t:|1756640723
|switch|p1b: Torkoal|Torkoal, L50, M|100/100
|-weather|SunnyDay|[from] ability: Drought|[of] p1b: Torkoal
|turn|7
|
|t:|1756640738
|-terastallize|p1b: Torkoal|Fire
|move|p1a: Incineroar|Flare Blitz|p2b: Kingambit
|-damage|p2b: Kingambit|15/100
|-status|p2b: Kingambit|brn
|-damage|p1a: Incineroar|88/100|[from] Recoil
|move|p2b: Kingambit|Kowtow Cleave|p1b: Torkoal
|-damage|p1b: Torkoal|51/100
|move|p1b: Torkoal|Overheat|p2b: Kingambit
|-damage|p2b: Kingambit|0 fnt
|-unboost|p1b: Torkoal|spa|2
|faint|p2b: Kingambit
|
|win|Le P VGC
|raw|Le P VGC's rating: 1217 → 1237(+20 for winning)
|raw|r4ka's rating: 1142 → 1122(-20 for losing)
|l|☆Le P VGC
|player|p1|
