|j|☆RouletteRegional
|j|☆happymuffintime
|html|RouletteRegionalhappymuffintime    
|uhtml|bestof|Game 2 of a best-of-3
|t:|1783729315
|gametype|doubles
|player|p1|RouletteRegional|lance|1428
|player|p2|happymuffintime|cynthia|1281
|gen|9
|tier|[Gen 9 Champions] VGC 2026 Reg M-B (Bo3)
|rated|
|rule|Species Clause: Limit one of each Pokémon
|rule|Item Clause: Limit 1 of each item
|clearpoke
|poke|p1|Sneasler, L50, F|
|poke|p1|Incineroar, L50, M|
|poke|p1|Sinistcha, L50|
|poke|p1|Blastoise, L50, M|
|poke|p1|Delphox, L50, F|
|poke|p1|Maushold, L50|
|poke|p2|Ceruledge, L50, F|
|poke|p2|Milotic, L50, F, shiny|
|poke|p2|Kingambit, L50, F|
|poke|p2|Sinistcha, L50|
|poke|p2|Staraptor, L50, F|
|poke|p2|Raichu, L50, F|
|teampreview|4
|showteam|p1|Sneasler||WhiteHerb|PoisonTouch|GunkShot,CloseCombat,FakeOut,Protect|Jolly||F|||50|]Incineroar||SitrusBerry|Intimidate|FlareBlitz,ThroatChop,PartingShot,FakeOut|Impish||M|||50|]Sinistcha||KasibBerry|Hospitality|MatchaGotcha,RagePowder,LifeDew,Protect|Relaxed|||||50|]Blastoise||Blastoisinite|RainDish|WaterSpout,DarkPulse,ShellSmash,Protect|Modest||M|||50|]Delphox||Delphoxite|Blaze|HeatWave,Psyshock,NastyPlot,Protect|Modest||F|||50|]Maushold||FocusSash|FriendGuard|SuperFang,Feint,FollowMe,Protect|Jolly|||||50|
|showteam|p2|Ceruledge||SitrusBerry|FlashFire|BitterBlade,ShadowSneak,BulkUp,Protect|Adamant||F|||50|]Milotic||Leftovers|Competitive|MuddyWater,Coil,Protect,Hypnosis|Bold||F|||50|]Kingambit||BlackGlasses|Defiant|KowtowCleave,SuckerPunch,SwordsDance,Protect|Jolly||F|||50|]Sinistcha||OccaBerry|Hospitality|MatchaGotcha,RagePowder,TrickRoom,LifeDew|Calm|||||50|]Staraptor||Staraptite|Reckless|CloseCombat,BraveBird,Tailwind,Protect|Jolly||F|||50|]Raichu||RaichuniteY|LightningRod|ZapCannon,FocusBlast,FakeOut,Protect|Hasty||F|||50|
|
|t:|1783729328
|teamsize|p1|4
|teamsize|p2|4
|start
|switch|p1a: Blastoise|Blastoise, L50, M|100/100
|switch|p1b: Maushold|Maushold, L50|100/100
|switch|p2a: Raichu|Raichu, L50, F|100/100
|switch|p2b: Milotic|Milotic, L50, F, shiny|100/100
|turn|1
|inactive|Battle timer is ON: inactive players will automatically lose when time's up. (requested by happymuffintime)
|
|t:|1783729352
|detailschange|p2a: Raichu|Raichu-Mega-Y, L50, F
|-mega|p2a: Raichu|Raichu|Raichunite Y
|detailschange|p1a: Blastoise|Blastoise-Mega, L50, M
|-mega|p1a: Blastoise|Blastoise|Blastoisinite
|move|p1b: Maushold|Protect|p1b: Maushold
|-singleturn|p1b: Maushold|Protect
|move|p1a: Blastoise|Protect|p1a: Blastoise
|-singleturn|p1a: Blastoise|Protect
|move|p2a: Raichu|Fake Out|p1a: Blastoise
|-activate|p1a: Blastoise|move: Protect
|move|p2b: Milotic|Coil|p2b: Milotic
|-boost|p2b: Milotic|atk|1
|-boost|p2b: Milotic|def|1
|-boost|p2b: Milotic|accuracy|1
|
|upkeep
|turn|2
|
|t:|1783729367
|move|p2a: Raichu|Protect|p2a: Raichu
|-singleturn|p2a: Raichu|Protect
|move|p1b: Maushold|Follow Me|p1b: Maushold
|-singleturn|p1b: Maushold|move: Follow Me
|move|p1a: Blastoise|Shell Smash|p1a: Blastoise
|-unboost|p1a: Blastoise|def|1
|-unboost|p1a: Blastoise|spd|1
|-boost|p1a: Blastoise|atk|2
|-boost|p1a: Blastoise|spa|2
|-boost|p1a: Blastoise|spe|2
|move|p2b: Milotic|Hypnosis|p1b: Maushold
|-status|p1b: Maushold|slp|[from] move: Hypnosis
|
|upkeep
|turn|3
|
|t:|1783729384
|switch|p2a: Sinistcha|Sinistcha, L50|100/100
|switch|p1b: Sinistcha|Sinistcha, L50|100/100
|move|p1a: Blastoise|Protect|p1a: Blastoise
|-singleturn|p1a: Blastoise|Protect
|move|p2b: Milotic|Hypnosis|p1a: Blastoise
|-activate|p1a: Blastoise|move: Protect
|
|upkeep
|turn|4
|
|t:|1783729401
|switch|p2a: Kingambit|Kingambit, L50, F|100/100
|move|p1b: Sinistcha|Rage Powder|p1b: Sinistcha
|-singleturn|p1b: Sinistcha|move: Rage Powder
|move|p1a: Blastoise|Dark Pulse|p2a: Kingambit
|-resisted|p2a: Kingambit|1
|-damage|p2a: Kingambit|49/100
|move|p2b: Milotic|Hypnosis|p1b: Sinistcha
|-status|p1b: Sinistcha|slp|[from] move: Hypnosis
|
|upkeep
|turn|5
|
|t:|1783729416
|switch|p1b: Maushold|Maushold, L50|100/100 slp
|move|p1a: Blastoise|Water Spout|p2a: Kingambit|[spread] p2a,p2b
|-crit|p2a: Kingambit
|-resisted|p2b: Milotic|1
|-damage|p2a: Kingambit|0 fnt
|-damage|p2b: Milotic|54/100
|faint|p2a: Kingambit
|move|p2b: Milotic|Hypnosis|p1a: Blastoise
|-status|p1a: Blastoise|slp|[from] move: Hypnosis
|
|-heal|p2b: Milotic|60/100|[from] item: Leftovers
|upkeep
|
|t:|1783729425
|switch|p2a: Raichu|Raichu-Mega-Y, L50, F|100/100
|turn|6
|
|t:|1783729439
|switch|p1a: Sinistcha|Sinistcha, L50|100/100 slp
|move|p2a: Raichu|Zap Cannon|p1a: Sinistcha
|-resisted|p1a: Sinistcha|1
|-damage|p1a: Sinistcha|79/100 slp
|cant|p1b: Maushold|slp
|move|p2b: Milotic|Muddy Water|p1b: Maushold|[spread] p1a,p1b
|-resisted|p1a: Sinistcha|1
|-damage|p1a: Sinistcha|71/100 slp
|-damage|p1b: Maushold|72/100 slp
|
|-heal|p2b: Milotic|66/100|[from] item: Leftovers
|upkeep
|turn|7
|
|t:|1783729449
|-curestatus|p1b: Maushold|slp|[msg]
|move|p1b: Maushold|Protect|p1b: Maushold
|-singleturn|p1b: Maushold|Protect
|move|p2a: Raichu|Focus Blast|p1b: Maushold
|-activate|p1b: Maushold|move: Protect
|move|p2b: Milotic|Muddy Water|p1b: Maushold|[spread] p1a
|-activate|p1b: Maushold|move: Protect
|-resisted|p1a: Sinistcha|1
|-damage|p1a: Sinistcha|62/100 slp
|cant|p1a: Sinistcha|slp
|
|-heal|p2b: Milotic|72/100|[from] item: Leftovers
|upkeep
|turn|8
|
|t:|1783729469
|move|p1b: Maushold|Protect|p1b: Maushold
|-singleturn|p1b: Maushold|Protect
|move|p2a: Raichu|Zap Cannon|p1b: Maushold
|-activate|p1b: Maushold|move: Protect
|move|p2b: Milotic|Coil|p2b: Milotic
|-boost|p2b: Milotic|atk|1
|-boost|p2b: Milotic|def|1
|-boost|p2b: Milotic|accuracy|1
|-curestatus|p1a: Sinistcha|slp|[msg]
|move|p1a: Sinistcha|Matcha Gotcha|p2b: Milotic|[spread] p2a,p2b
|-supereffective|p2b: Milotic|1
|-damage|p2a: Raichu|65/100
|-heal|p1a: Sinistcha|79/100|[from] drain|[of] p2a: Raichu
|-damage|p2b: Milotic|38/100
|-heal|p1a: Sinistcha|98/100|[from] drain|[of] p2b: Milotic
|
|-heal|p2b: Milotic|44/100|[from] item: Leftovers
|upkeep
|turn|9
|inactive|RouletteRegional has 30 seconds left.
|
|t:|1783729498
|move|p2a: Raichu|Protect|p2a: Raichu
|-singleturn|p2a: Raichu|Protect
|move|p1b: Maushold|Feint|p2b: Milotic
|-damage|p2b: Milotic|41/100
|move|p2b: Milotic|Hypnosis|p1a: Sinistcha
|-status|p1a: Sinistcha|slp|[from] move: Hypnosis
|cant|p1a: Sinistcha|slp
|
|-heal|p2b: Milotic|47/100|[from] item: Leftovers
|upkeep
|turn|10
|
|t:|1783729509
|move|p1b: Maushold|Protect|p1b: Maushold
|-singleturn|p1b: Maushold|Protect
|move|p2a: Raichu|Focus Blast|p1b: Maushold
|-activate|p1b: Maushold|move: Protect
|move|p2b: Milotic|Muddy Water|p1a: Sinistcha|[spread] p1a
|-activate|p1b: Maushold|move: Protect
|-resisted|p1a: Sinistcha|1
|-damage|p1a: Sinistcha|90/100 slp
|-unboost|p1a: Sinistcha|accuracy|1
|cant|p1a: Sinistcha|slp
|
|-heal|p2b: Milotic|52/100|[from] item: Leftovers
|upkeep
|turn|11
|
|t:|1783729526
|switch|p1b: Sneasler|Sneasler, L50, F|100/100
|switch|p1a: Blastoise|Blastoise-Mega, L50, M|100/100 slp
|move|p2a: Raichu|Zap Cannon|p1b: Sneasler
|-damage|p1b: Sneasler|29/100
|-status|p1b: Sneasler|par
|move|p2b: Milotic|Muddy Water|p1a: Blastoise|[spread] p1a,p1b
|-resisted|p1a: Blastoise|1
|-damage|p1a: Blastoise|88/100 slp
|-damage|p1b: Sneasler|3/100 par
|-unboost|p1b: Sneasler|accuracy|1
|-enditem|p1b: Sneasler|White Herb
|-clearnegativeboost|p1b: Sneasler|[silent]
|
|-heal|p2b: Milotic|58/100|[from] item: Leftovers
|upkeep
|turn|12
|
|t:|1783729540
|switch|p2a: Sinistcha|Sinistcha, L50|100/100
|-heal|p2b: Milotic|83/100|[from] ability: Hospitality|[of] p2a: Sinistcha
|move|p1b: Sneasler|Fake Out|p2a: Sinistcha
|-immune|p2a: Sinistcha
|cant|p1a: Blastoise|slp
|move|p2b: Milotic|Muddy Water|p1b: Sneasler|[spread] p1a,p1b
|-resisted|p1a: Blastoise|1
|-damage|p1a: Blastoise|75/100 slp
|-damage|p1b: Sneasler|0 fnt
|faint|p1b: Sneasler
|
|-heal|p2b: Milotic|89/100|[from] item: Leftovers
|upkeep
|
|t:|1783729546
|switch|p1b: Sinistcha|Sinistcha, L50|90/100 slp
|-heal|p1a: Blastoise|100/100 slp|[from] ability: Hospitality|[of] p1b: Sinistcha
|turn|13
|
|t:|1783729561
|cant|p1a: Blastoise|slp
|move|p2b: Milotic|Hypnosis|p1a: Blastoise
|-fail|p1a: Blastoise|slp
|move|p2a: Sinistcha|Matcha Gotcha|p1b: Sinistcha|[spread] p1a,p1b
|-supereffective|p1a: Blastoise|1
|-resisted|p1b: Sinistcha|1
|-damage|p1a: Blastoise|53/100 slp
|-damage|p1b: Sinistcha|79/100 slp
|-curestatus|p1b: Sinistcha|slp|[msg]
|move|p1b: Sinistcha|Life Dew|p1b: Sinistcha|[spread] p1a,p1b
|-heal|p1a: Blastoise|78/100 slp
|-heal|p1b: Sinistcha|100/100
|
|-heal|p2b: Milotic|95/100|[from] item: Leftovers
|upkeep
|turn|14
|inactive|RouletteRegional has 30 seconds left.
|inactive|happymuffintime has 30 seconds left.
|inactive|RouletteRegional has 20 seconds left.
|
|t:|1783729597
|-curestatus|p1a: Blastoise|slp|[msg]
|move|p1a: Blastoise|Dark Pulse|p2a: Sinistcha
|-supereffective|p2a: Sinistcha|1
|-damage|p2a: Sinistcha|5/100
|move|p2b: Milotic|Hypnosis|p1b: Sinistcha
|-status|p1b: Sinistcha|slp|[from] move: Hypnosis
|cant|p2a: Sinistcha|flinch
|cant|p1b: Sinistcha|slp
|
|-heal|p2b: Milotic|100/100|[from] item: Leftovers
|upkeep
|turn|15
|inactive|RouletteRegional has 30 seconds left.
|
|t:|1783729627
|move|p1a: Blastoise|Water Spout|p2a: Sinistcha|[spread] p2a,p2b
|-resisted|p2a: Sinistcha|1
|-resisted|p2b: Milotic|1
|-crit|p2b: Milotic
|-damage|p2a: Sinistcha|0 fnt
|-damage|p2b: Milotic|74/100
|faint|p2a: Sinistcha
|move|p2b: Milotic|Hypnosis|p1a: Blastoise
|-status|p1a: Blastoise|slp|[from] move: Hypnosis
|-curestatus|p1b: Sinistcha|slp|[msg]
|move|p1b: Sinistcha|Matcha Gotcha|p2b: Milotic
|-supereffective|p2b: Milotic|1
|-crit|p2b: Milotic
|-damage|p2b: Milotic|9/100
|
|-heal|p2b: Milotic|15/100|[from] item: Leftovers
|upkeep
|inactive|happymuffintime has 30 seconds left.
|c|☆happymuffintime|Lol man i cant compete with rng
|inactive|happymuffintime has 20 seconds left.
|-message|happymuffintime forfeited.
|
|win|RouletteRegional
