|j|☆Luian VGC
|j|☆NextTimeMustDo
|html|Luian VGCNextTimeMustDo    
|uhtml|bestof|Game 1 of a best-of-3
|t:|1757250210
|gametype|doubles
|player|p1|Luian VGC|ingo|
|player|p2|NextTimeMustDo|skyla|
|gen|9
|tier|[Gen 9] VGC 2025 Reg H (Bo3)
|rule|Species Clause: Limit one of each Pokémon
|rule|Item Clause: Limit 1 of each item
|clearpoke
|poke|p1|Incineroar, L50, M|
|poke|p1|Sylveon, L50, F|
|poke|p1|Garchomp, L50, F|
|poke|p1|Amoonguss, L50, F|
|poke|p1|Sneasler, L50, M|
|poke|p1|Kilowattrel, L50, F|
|poke|p2|Dragonite, L50, F|
|poke|p2|Ursaluna-Bloodmoon, L50, M|
|poke|p2|Archaludon, L50, F|
|poke|p2|Whimsicott, L50, F|
|poke|p2|Gholdengo, L50|
|poke|p2|Incineroar, L50, M|
|teampreview|4
|showteam|p1|Incineroar||SafetyGoggles|Intimidate|KnockOff,FakeOut,FlareBlitz,PartingShot|||M|||50|,,,,,Ghost]Sylveon||Leftovers|Pixilate|HyperVoice,CalmMind,TeraBlast,Protect|||F|||50|,,,,,Fire]Garchomp||LifeOrb|RoughSkin|StompingTantrum,DragonClaw,Earthquake,Protect|||F|||50|,,,,,Ground]Amoonguss||SitrusBerry|Regenerator|RagePowder,Spore,PollenPuff,ClearSmog|||F|||50|,,,,,Water]Sneasler||ClearAmulet|PoisonTouch|DireClaw,CloseCombat,Protect,FakeOut|||M|||50|,,,,,Dark]Kilowattrel||FocusSash|WindPower|Thunderbolt,Tailwind,Discharge,AirSlash|||F|||50|,,,,,Ghost
|showteam|p2|Dragonite||LoadedDice|Multiscale|ScaleShot,ExtremeSpeed,IceSpinner,Protect|||F|||50|,,,,,Fairy]Ursaluna-Bloodmoon||AssaultVest|MindsEye|BloodMoon,HyperVoice,EarthPower,VacuumWave|||M|||50|,,,,,Water]Archaludon||PowerHerb|Sturdy|ElectroShot,FlashCannon,DracoMeteor,Protect|||F|||50|,,,,,Stellar]Whimsicott||CovertCloak|Prankster|FakeTears,Tailwind,Encore,Moonblast|||F|||50|,,,,,Poison]Gholdengo||ChoiceSpecs|GoodasGold|MakeItRain,ShadowBall,PowerGem,SteelBeam||||||50|,,,,,Steel]Incineroar||MirrorHerb|Intimidate|FakeOut,PartingShot,KnockOff,FlareBlitz|||M|||50|,,,,,Ghost
|c|☆Luian VGC|請多指教
|c|☆NextTimeMustDo|請多指教
|j| BST 44
|j| DiGuaaa
|j| limilin
|j| Glaceon0404
|j| SheNeedsSpace
|j| Oguri_sora
|
|t:|1757250334
|teamsize|p1|4
|teamsize|p2|4
|start
|switch|p1a: Incineroar|Incineroar, L50, M|100/100
|switch|p1b: Sylveon|Sylveon, L50, F|100/100
|switch|p2a: Whimsicott|Whimsicott, L50, F|100/100
|switch|p2b: Gholdengo|Gholdengo, L50|100/100
|-ability|p1a: Incineroar|Intimidate|boost
|-unboost|p2a: Whimsicott|atk|1
|-unboost|p2b: Gholdengo|atk|1
|turn|1
|l| DiGuaaa
|
|t:|1757250402
|switch|p2a: Incineroar|Incineroar, L50, M|100/100
|-ability|p2a: Incineroar|Intimidate|boost
|-unboost|p1a: Incineroar|atk|1
|-unboost|p1b: Sylveon|atk|1
|move|p1b: Sylveon|Protect|p1b: Sylveon
|-singleturn|p1b: Sylveon|Protect
|move|p2b: Gholdengo|Power Gem|p1a: Incineroar
|-supereffective|p1a: Incineroar
|-damage|p1a: Incineroar|22/100
|move|p1a: Incineroar|Knock Off|p2b: Gholdengo
|-supereffective|p2b: Gholdengo
|-damage|p2b: Gholdengo|34/100
|-enditem|p2b: Gholdengo|Choice Specs|[from] move: Knock Off|[of] p1a: Incineroar
|
|upkeep
|turn|2
|j| MadaHayai
|
|t:|1757250452
|switch|p1a: Garchomp|Garchomp, L50, F|100/100
|move|p2b: Gholdengo|Make It Rain|p1a: Garchomp|[spread] p1a,p1b
|-supereffective|p1b: Sylveon
|-damage|p1a: Garchomp|48/100
|-damage|p1b: Sylveon|18/100
|-unboost|p2b: Gholdengo|spa|1
|move|p2a: Incineroar|Parting Shot|p1b: Sylveon
|-unboost|p1b: Sylveon|atk|1
|-unboost|p1b: Sylveon|spa|1
|
|t:|1757250464
|switch|p2a: Whimsicott|Whimsicott, L50, F|100/100|[from] Parting Shot
|move|p1b: Sylveon|Calm Mind|p1b: Sylveon
|-boost|p1b: Sylveon|spa|1
|-boost|p1b: Sylveon|spd|1
|
|-heal|p1b: Sylveon|24/100|[from] item: Leftovers
|upkeep
|turn|3
|l| MadaHayai
|j| MadaHayai
|
|t:|1757250498
|-terastallize|p1b: Sylveon|Fire
|move|p1a: Garchomp|Protect|p1a: Garchomp
|-singleturn|p1a: Garchomp|Protect
|move|p2a: Whimsicott|Tailwind|p2a: Whimsicott
|-sidestart|p2: NextTimeMustDo|move: Tailwind
|move|p2b: Gholdengo|Make It Rain|p1a: Garchomp|[spread] p1b
|-activate|p1a: Garchomp|move: Protect
|-resisted|p1b: Sylveon
|-damage|p1b: Sylveon|16/100
|-unboost|p2b: Gholdengo|spa|1
|move|p1b: Sylveon|Hyper Voice|p2b: Gholdengo|[spread] p2a,p2b
|-resisted|p2b: Gholdengo
|-damage|p2a: Whimsicott|53/100
|-damage|p2b: Gholdengo|13/100
|
|-heal|p1b: Sylveon|22/100|[from] item: Leftovers
|upkeep
|turn|4
|
|t:|1757250530
|switch|p1a: Incineroar|Incineroar, L50, M|22/100
|-ability|p1a: Incineroar|Intimidate|boost
|-unboost|p2a: Whimsicott|atk|1
|-unboost|p2b: Gholdengo|atk|1
|move|p1b: Sylveon|Protect|p1b: Sylveon
|-singleturn|p1b: Sylveon|Protect
|move|p2a: Whimsicott|Fake Tears|p1b: Sylveon
|-activate|p1b: Sylveon|move: Protect
|move|p2b: Gholdengo|Power Gem|p1b: Sylveon
|-activate|p1b: Sylveon|move: Protect
|
|-heal|p1b: Sylveon|28/100|[from] item: Leftovers
|upkeep
|turn|5
|j| fujishimamegumi
|j| Sjy3310
|l| BST 44
|
|t:|1757250589
|switch|p2a: Incineroar|Incineroar, L50, M|100/100
|-ability|p2a: Incineroar|Intimidate|boost
|-unboost|p1a: Incineroar|atk|1
|-unboost|p1b: Sylveon|atk|1
|switch|p1a: Amoonguss|Amoonguss, L50, F|100/100
|switch|p1b: Garchomp|Garchomp, L50, F|48/100
|move|p2b: Gholdengo|Power Gem|p1a: Amoonguss
|-damage|p1a: Amoonguss|85/100
|
|upkeep
|turn|6
|
|t:|1757250648
|switch|p2b: Dragonite|Dragonite, L50, F|100/100
|move|p2a: Incineroar|Flare Blitz|p1a: Amoonguss
|-supereffective|p1a: Amoonguss
|-damage|p1a: Amoonguss|0 fnt
|faint|p1a: Amoonguss
|-damage|p2a: Incineroar|70/100|[from] Recoil
|move|p1b: Garchomp|Stomping Tantrum|p2a: Incineroar
|-supereffective|p2a: Incineroar
|-damage|p2a: Incineroar|0 fnt
|faint|p2a: Incineroar
|-damage|p1b: Garchomp|39/100|[from] item: Life Orb
|
|-sideend|p2: NextTimeMustDo|move: Tailwind
|upkeep
|j| KKCWind
|
|t:|1757250670
|switch|p2a: Whimsicott|Whimsicott, L50, F|53/100
|switch|p1a: Incineroar|Incineroar, L50, M|22/100
|-ability|p1a: Incineroar|Intimidate|boost
|-unboost|p2a: Whimsicott|atk|1
|-unboost|p2b: Dragonite|atk|1
|turn|7
|
|t:|1757250702
|switch|p1b: Sylveon|Sylveon, L50, F, tera:Fire|28/100
|move|p2a: Whimsicott|Tailwind|p2a: Whimsicott
|-sidestart|p2: NextTimeMustDo|move: Tailwind
|move|p2b: Dragonite|Scale Shot|p1a: Incineroar
|-damage|p1a: Incineroar|12/100
|-damage|p1a: Incineroar|2/100
|-damage|p1a: Incineroar|0 fnt
|faint|p1a: Incineroar
|-hitcount|p1: Incineroar|3
|-unboost|p2b: Dragonite|def|1
|-boost|p2b: Dragonite|spe|1
|
|-heal|p1b: Sylveon|34/100|[from] item: Leftovers
|upkeep
|
|t:|1757250718
|switch|p1a: Garchomp|Garchomp, L50, F|39/100
|turn|8
|
|t:|1757250753
|-terastallize|p2b: Dragonite|Fairy
|move|p2b: Dragonite|Scale Shot|p1b: Sylveon
|-damage|p1b: Sylveon|23/100
|-damage|p1b: Sylveon|10/100
|-damage|p1b: Sylveon|0 fnt
|faint|p1b: Sylveon
|-hitcount|p1: Sylveon|3
|-unboost|p2b: Dragonite|def|1
|-boost|p2b: Dragonite|spe|1
|move|p2a: Whimsicott|Moonblast|p1a: Garchomp
|-supereffective|p1a: Garchomp
|-damage|p1a: Garchomp|0 fnt
|faint|p1a: Garchomp
|
|win|NextTimeMustDo
|inactive|Luian VGC has 30 seconds to confirm battle start!
|inactive|NextTimeMustDo has 30 seconds to confirm battle start!
|l| MadaHayai
||NextTimeMustDo is ready for game 2.
||Luian VGC is ready for game 2.
|uhtml|next|Next: Game 2 of 3
|l| Oguri_sora
|l| limilin
|l| KKCWind
|l|☆Luian VGC
|player|p1|
|j|☆Luian VGC
|player|p1|Luian VGC|ingo|
|l|☆Luian VGC
|player|p1|
|j| MadaHayai
|l| MadaHayai
|l|☆NextTimeMustDo
|player|p2|
|j|☆Luian VGC
|player|p1|Luian VGC|ingo|
|j| DiGuaaa
|l| DiGuaaa
|l|☆Luian VGC
|player|p1|
|l| fujishimamegumi
|l| Glaceon0404
|j| goodryan2630
