|j|☆entei enthusiast
|j|☆cinnamon1245
|html|entei enthusiastcinnamon1245    
|uhtml|bestof|Game 1 of a best-of-3
|t:|1783052501
|gametype|doubles
|player|p1|entei enthusiast|kamado-armor|1120
|player|p2|cinnamon1245|266|1042
|gen|9
|tier|[Gen 9 Champions] VGC 2026 Reg M-B (Bo3)
|rated|
|rule|Species Clause: Limit one of each Pokémon
|rule|Item Clause: Limit 1 of each item
|clearpoke
|poke|p1|Gyarados, L50, F, shiny|
|poke|p1|Floette-Eternal, L50, F|
|poke|p1|Sneasler, L50, M|
|poke|p1|Sinistcha, L50|
|poke|p1|Garchomp, L50, F|
|poke|p1|Incineroar, L50, M|
|poke|p2|Greninja, L50, F|
|poke|p2|Vanilluxe, L50, F|
|poke|p2|Sharpedo, L50, M|
|poke|p2|Pelipper, L50, M|
|poke|p2|Tinkaton, L50, F|
|poke|p2|Whimsicott, L50, M|
|teampreview|4
|showteam|p1|Gyarados||Gyaradosite|Intimidate|Waterfall,LashOut,DragonDance,Protect|Adamant||F|||50|]Floette-Eternal||Floettite|FlowerVeil|DrainingKiss,DazzlingGleam,CalmMind,Protect|Timid||F|||50|]Sneasler||FocusSash|PoisonTouch|CloseCombat,DireClaw,FakeOut,Coaching|Jolly||M|||50|]Sinistcha||SitrusBerry|Hospitality|MatchaGotcha,LifeDew,RagePowder,Protect|Calm|||||50|]Garchomp||LifeOrb|RoughSkin|DragonClaw,RockSlide,Earthquake,Protect|Jolly||F|||50|]Incineroar||PasshoBerry|Intimidate|FlareBlitz,FakeOut,PartingShot,Taunt|Careful||M|||50|
|showteam|p2|Greninja||Greninjite|Protean|WaterShuriken,Protect,Blizzard,LowKick|Modest||F|||50|]Vanilluxe||LightClay|SnowWarning|FreezeDry,Protect,AuroraVeil,AllySwitch|Timid||F|||50|]Sharpedo||Sharpedonite|SpeedBoost|Crunch,Protect,Liquidation,PsychicFangs|Serious||M|||50|]Pelipper||MysticWater|Drizzle|WeatherBall,Hurricane,Protect,WideGuard|Modest||M|||50|]Tinkaton|||Pickpocket|FakeOut,Protect,GigatonHammer,PlayRough|Serious||F|||50|]Whimsicott||FocusSash|Prankster|Moonblast,Protect,Tailwind,WorrySeed|Timid||M|||50|
|inactive|Battle timer is ON: inactive players will automatically lose when time's up. (requested by cinnamon1245)
|inactive|entei enthusiast has 60 seconds left.
|inactive|cinnamon1245 has 60 seconds left.
|
|t:|1783052533
|teamsize|p1|4
|teamsize|p2|4
|start
|switch|p1a: Floette|Floette-Eternal, L50, F|100/100
|switch|p1b: Sneasler|Sneasler, L50, M|100/100
|switch|p2a: Sharpedo|Sharpedo, L50, M|100/100
|switch|p2b: Pelipper|Pelipper, L50, M|100/100
|-weather|RainDance|[from] ability: Drizzle|[of] p2b: Pelipper
|turn|1
|inactive|cinnamon1245 has 30 seconds left.
|
|t:|1783052559
|detailschange|p1a: Floette|Floette-Mega, L50, F
|-mega|p1a: Floette|Floette|Floettite
|-ability|p1a: Floette|Fairy Aura
|move|p2a: Sharpedo|Protect|p2a: Sharpedo
|-singleturn|p2a: Sharpedo|Protect
|move|p1b: Sneasler|Fake Out|p2a: Sharpedo
|-activate|p2a: Sharpedo|move: Protect
|move|p2b: Pelipper|Wide Guard|p2b: Pelipper
|-singleturn|p2b: Pelipper|Wide Guard
|move|p1a: Floette|Calm Mind|p1a: Floette
|-boost|p1a: Floette|spa|1
|-boost|p1a: Floette|spd|1
|
|-weather|RainDance|[upkeep]
|-ability|p2a: Sharpedo|Speed Boost|boost
|-boost|p2a: Sharpedo|spe|1
|upkeep
|turn|2
|inactive|entei enthusiast has 30 seconds left.
|inactive|cinnamon1245 has 30 seconds left.
|
|t:|1783052588
|detailschange|p2a: Sharpedo|Sharpedo-Mega, L50, M
|-mega|p2a: Sharpedo|Sharpedo|Sharpedonite
|move|p2a: Sharpedo|Liquidation|p1a: Floette
|-damage|p1a: Floette|16/100
|move|p1b: Sneasler|Coaching|p1a: Floette
|-boost|p1a: Floette|atk|1
|-boost|p1a: Floette|def|1
|move|p1a: Floette|Draining Kiss|p2a: Sharpedo
|-supereffective|p2a: Sharpedo|1
|-damage|p2a: Sharpedo|0 fnt
|-heal|p1a: Floette|78/100|[from] drain|[of] p2a: Sharpedo
|faint|p2a: Sharpedo
|move|p2b: Pelipper|Weather Ball|p1a: Floette
|-damage|p1a: Floette|40/100
|
|-weather|RainDance|[upkeep]
|upkeep
|
|t:|1783052606
|switch|p2a: Greninja|Greninja, L50, F|100/100
|turn|3
|
|t:|1783052618
|switch|p1b: Sinistcha|Sinistcha, L50|100/100
|-heal|p1a: Floette|65/100|[from] ability: Hospitality|[of] p1b: Sinistcha
|move|p2a: Greninja|Water Shuriken|p1a: Floette
|-start|p2a: Greninja|typechange|Water|[from] ability: Protean
|-damage|p1a: Floette|59/100
|-damage|p1a: Floette|53/100
|-damage|p1a: Floette|47/100
|-hitcount|p1a: Floette|3
|move|p1a: Floette|Draining Kiss|p2a: Greninja
|-damage|p2a: Greninja|21/100
|-heal|p1a: Floette|97/100|[from] drain|[of] p2a: Greninja
|move|p2b: Pelipper|Weather Ball|p1a: Floette
|-damage|p1a: Floette|62/100
|
|-weather|RainDance|[upkeep]
|upkeep
|turn|4
|inactive|cinnamon1245 has 30 seconds left.
|inactive|cinnamon1245 has 20 seconds left.
|
|t:|1783052654
|switch|p1b: Incineroar|Incineroar, L50, M|100/100
|-ability|p1b: Incineroar|Intimidate|boost
|-unboost|p2a: Greninja|atk|1
|-unboost|p2b: Pelipper|atk|1
|move|p2a: Greninja|Water Shuriken|p1a: Floette
|-damage|p1a: Floette|55/100
|-damage|p1a: Floette|49/100
|-hitcount|p1a: Floette|2
|move|p1a: Floette|Draining Kiss|p2b: Pelipper
|-damage|p2b: Pelipper|44/100
|-heal|p1a: Floette|88/100|[from] drain|[of] p2b: Pelipper
|move|p2b: Pelipper|Weather Ball|p1a: Floette
|-damage|p1a: Floette|54/100
|
|-weather|RainDance|[upkeep]
|upkeep
|turn|5
|-message|cinnamon1245 forfeited.
|
|win|entei enthusiast
|l|☆cinnamon1245
|player|p2|
||entei enthusiast is ready for game 2.
||cinnamon1245 is ready for game 2.
|uhtml|next|Next: Game 2 of 3
