|j|☆Its Sushiii
|j|☆shinykuzan
|html|Its Sushiiishinykuzan    
|uhtml|bestof|Game 2 of a best-of-3
|t:|1786159746
|gametype|doubles
|player|p1|Its Sushiii|265|1319
|player|p2|shinykuzan|miku-ghost|1407
|gen|9
|tier|[Gen 9 Champions] VGC 2026 Reg M-B (Bo3)
|rated|
|rule|Species Clause: Limit one of each Pokémon
|rule|Item Clause: Limit 1 of each item
|clearpoke
|poke|p1|Tyranitar, L50, F|
|poke|p1|Excadrill, L50, M|
|poke|p1|Milotic, L50, M|
|poke|p1|Staraptor, L50, M|
|poke|p1|Farigiraf, L50, F|
|poke|p1|Rotom-Heat, L50|
|poke|p2|Raichu, L50, M|
|poke|p2|Milotic, L50, F|
|poke|p2|Ceruledge, L50, F|
|poke|p2|Meowscarada, L50, F|
|poke|p2|Ninetales-Alola, L50, F|
|poke|p2|Staraptor, L50, M|
|teampreview|4
|showteam|p1|Tyranitar||Tyranitarite|SandStream|RockSlide,KnockOff,IcePunch,Protect|Adamant||F|||50|]Excadrill||FocusSash|SandRush|HighHorsepower,IronHead,RockSlide,Protect|Jolly||M|||50|]Milotic||Leftovers|Competitive|Scald,IcyWind,Recover,Protect|Modest||M|||50|]Staraptor||Staraptite|Intimidate|BraveBird,CloseCombat,Tailwind,Protect|Jolly||M|||50|]Farigiraf||SitrusBerry|ArmorTail|HelpingHand,PsychicFangs,GrassKnot,TrickRoom|Relaxed||F|||50|]Rotom-Heat||LifeOrb|Levitate|Overheat,Thunderbolt,WillOWisp,Protect|Modest|||||50|
|showteam|p2|Raichu||RaichuniteY|LightningRod|ZapCannon,FocusBlast,FakeOut,Protect|Timid||M|||50|]Milotic||Leftovers|Competitive|MuddyWater,Hypnosis,Coil,Recover|Calm||F|||50|]Ceruledge||ColburBerry|FlashFire|BitterBlade,ShadowSneak,BulkUp,Protect|Adamant||F|||50|]Meowscarada||FocusSash|Overgrow|FlowerTrick,KnockOff,SuckerPunch,Protect|Jolly||F|||50|]Ninetales-Alola||LightClay|SnowWarning|Blizzard,FreezeDry,AuroraVeil,Protect|Timid||F|||50|]Staraptor||Staraptite|Intimidate|BraveBird,CloseCombat,Roost,Protect|Jolly||M|||50|
|inactive|Battle timer is ON: inactive players will automatically lose when time's up. (requested by Its Sushiii)
|inactive|Its Sushiii has 60 seconds left.
|inactive|Its Sushiii has 30 seconds left.
|inactive|Its Sushiii has 20 seconds left.
|inactive|Its Sushiii has 15 seconds left.
|inactive|Its Sushiii has 10 seconds left.
|inactive|Its Sushiii has 5 seconds left.
|inactive|shinykuzan has 60 seconds left.
|
|t:|1786159855
|teamsize|p1|4
|teamsize|p2|4
|start
|switch|p1a: Staraptor|Staraptor, L50, M|100/100
|switch|p1b: Rotom|Rotom-Heat, L50|100/100
|switch|p2a: Raichu|Raichu, L50, M|100/100
|switch|p2b: Milotic|Milotic, L50, F|100/100
|-ability|p1a: Staraptor|Intimidate|boost
|-unboost|p2a: Raichu|atk|1
|-unboost|p2b: Milotic|atk|1
|-ability|p2b: Milotic|Competitive|boost
|-boost|p2b: Milotic|spa|2
|turn|1
|inactive|Its Sushiii has 30 seconds left.
|inactive|Its Sushiii has 20 seconds left.
|inactive|Its Sushiii has 15 seconds left.
|inactive|Its Sushiii has 10 seconds left.
|inactive|Its Sushiii has 5 seconds left.
|
|t:|1786159908
|move|p1a: Staraptor|Protect|p1a: Staraptor
|-singleturn|p1a: Staraptor|Protect
|move|p2a: Raichu|Fake Out|p1a: Staraptor
|-activate|p1a: Staraptor|move: Protect
|move|p1b: Rotom|Overheat|p2a: Raichu
|-crit|p2a: Raichu
|-damage|p2a: Raichu|0 fnt
|-unboost|p1b: Rotom|spa|2
|faint|p2a: Raichu
|-damage|p1b: Rotom|90/100|[from] item: Life Orb
|move|p2b: Milotic|Coil|p2b: Milotic
|-boost|p2b: Milotic|atk|1
|-boost|p2b: Milotic|def|1
|-boost|p2b: Milotic|accuracy|1
|
|upkeep
|
|t:|1786159912
|switch|p2a: Ninetales|Ninetales-Alola, L50, F|100/100
|-weather|Snowscape|[from] ability: Snow Warning|[of] p2a: Ninetales
|turn|2
|
|t:|1786159939
|switch|p1b: Tyranitar|Tyranitar, L50, F|100/100
|-weather|Sandstorm|[from] ability: Sand Stream|[of] p1b: Tyranitar
|detailschange|p1a: Staraptor|Staraptor-Mega, L50, M
|-mega|p1a: Staraptor|Staraptor|Staraptite
|move|p1a: Staraptor|Tailwind|p1a: Staraptor
|-sidestart|p1: Its Sushiii|move: Tailwind
|move|p2a: Ninetales|Blizzard|p1a: Staraptor|[spread] p1b
|-miss|p2a: Ninetales|p1a: Staraptor
|-damage|p1b: Tyranitar|82/100
|move|p2b: Milotic|Muddy Water|p1b: Tyranitar|[spread] p1a,p1b
|-supereffective|p1b: Tyranitar|1
|-damage|p1a: Staraptor|57/100
|-damage|p1b: Tyranitar|25/100
|-boost|p1a: Staraptor|accuracy|1
|
|-weather|Sandstorm|[upkeep]
|-damage|p1a: Staraptor|52/100|[from] Sandstorm
|-damage|p2a: Ninetales|93/100|[from] Sandstorm
|-damage|p2b: Milotic|94/100|[from] Sandstorm
|-heal|p2b: Milotic|100/100|[from] item: Leftovers
|upkeep
|turn|3
|inactive|Its Sushiii has 30 seconds left.
|
|t:|1786159971
|move|p2a: Ninetales|Protect|p2a: Ninetales
|-singleturn|p2a: Ninetales|Protect
|move|p1a: Staraptor|Close Combat|p2b: Milotic
|-damage|p2b: Milotic|68/100
|-boost|p1a: Staraptor|def|1
|-boost|p1a: Staraptor|spd|1
|move|p1b: Tyranitar|Knock Off|p2b: Milotic
|-damage|p2b: Milotic|37/100
|-enditem|p2b: Milotic|Leftovers|[from] move: Knock Off|[of] p1b: Tyranitar
|move|p2b: Milotic|Muddy Water|p1b: Tyranitar|[spread] p1a,p1b
|-supereffective|p1b: Tyranitar|1
|-damage|p1a: Staraptor|23/100
|-damage|p1b: Tyranitar|0 fnt
|-boost|p1a: Staraptor|accuracy|1
|faint|p1b: Tyranitar
|
|-weather|Sandstorm|[upkeep]
|-damage|p1a: Staraptor|17/100|[from] Sandstorm
|-damage|p2a: Ninetales|87/100|[from] Sandstorm
|-damage|p2b: Milotic|31/100|[from] Sandstorm
|upkeep
|
|t:|1786159988
|switch|p1b: Excadrill|Excadrill, L50, M|100/100
|turn|4
|
|t:|1786160003
|switch|p2a: Meowscarada|Meowscarada, L50, F|100/100
|move|p1b: Excadrill|Iron Head|p2a: Meowscarada
|-damage|p2a: Meowscarada|31/100
|move|p1a: Staraptor|Close Combat|p2b: Milotic
|-damage|p2b: Milotic|1/100
|-boost|p1a: Staraptor|def|1
|-boost|p1a: Staraptor|spd|1
|move|p2b: Milotic|Recover|p2b: Milotic
|-heal|p2b: Milotic|51/100
|
|-weather|Sandstorm|[upkeep]
|-damage|p1a: Staraptor|11/100|[from] Sandstorm
|-damage|p2a: Meowscarada|25/100|[from] Sandstorm
|-damage|p2b: Milotic|46/100|[from] Sandstorm
|upkeep
|turn|5
|inactive|Its Sushiii has 30 seconds left.
|inactive|Its Sushiii has 20 seconds left.
|inactive|shinykuzan has 30 seconds left.
|inactive|Its Sushiii has 15 seconds left.
|
|t:|1786160044
|move|p1a: Staraptor|Protect|p1a: Staraptor
|-singleturn|p1a: Staraptor|Protect
|move|p2a: Meowscarada|Sucker Punch||[still]
|-fail|p2a: Meowscarada
|move|p1b: Excadrill|Rock Slide|p2a: Meowscarada|[spread] p2a,p2b
|-damage|p2a: Meowscarada|0 fnt
|-damage|p2b: Milotic|34/100
|faint|p2a: Meowscarada
|move|p2b: Milotic|Recover|p2b: Milotic
|-heal|p2b: Milotic|84/100
|
|-weather|Sandstorm|[upkeep]
|-damage|p1a: Staraptor|5/100|[from] Sandstorm
|-damage|p2b: Milotic|78/100|[from] Sandstorm
|-sideend|p1: Its Sushiii|move: Tailwind
|upkeep
|
|t:|1786160047
|switch|p2a: Ninetales|Ninetales-Alola, L50, F|87/100
|-weather|Snowscape|[from] ability: Snow Warning|[of] p2a: Ninetales
|turn|6
|
|t:|1786160075
|move|p2a: Ninetales|Protect|p2a: Ninetales
|-singleturn|p2a: Ninetales|Protect
|move|p1a: Staraptor|Tailwind|p1a: Staraptor
|-sidestart|p1: Its Sushiii|move: Tailwind
|move|p1b: Excadrill|Rock Slide|p2a: Ninetales|[spread] 
|-activate|p2a: Ninetales|move: Protect
|-miss|p1b: Excadrill|p2b: Milotic
|move|p2b: Milotic|Muddy Water|p1b: Excadrill|[spread] p1a,p1b
|-supereffective|p1b: Excadrill|1
|-damage|p1a: Staraptor|0 fnt
|-enditem|p1b: Excadrill|Focus Sash
|-damage|p1b: Excadrill|1/100
|-unboost|p1b: Excadrill|accuracy|1
|faint|p1a: Staraptor
|
|-weather|Snowscape|[upkeep]
|upkeep
|
|t:|1786160090
|switch|p1a: Rotom|Rotom-Heat, L50|90/100
|turn|7
|
|t:|1786160100
|move|p1b: Excadrill|Iron Head|p2a: Ninetales|[miss]
|-miss|p1b: Excadrill|p2a: Ninetales
|move|p1a: Rotom|Thunderbolt|p2b: Milotic
|-supereffective|p2b: Milotic|1
|-damage|p2b: Milotic|12/100
|-damage|p1a: Rotom|80/100|[from] item: Life Orb
|move|p2a: Ninetales|Aurora Veil|p2a: Ninetales
|-sidestart|p2: shinykuzan|move: Aurora Veil
|move|p2b: Milotic|Muddy Water|p1b: Excadrill|[spread] p1a,p1b
|-supereffective|p1a: Rotom|1
|-crit|p1a: Rotom
|-supereffective|p1b: Excadrill|1
|-damage|p1a: Rotom|0 fnt
|-damage|p1b: Excadrill|0 fnt
|faint|p1a: Rotom
|faint|p1b: Excadrill
|
|win|shinykuzan
|raw|Its Sushiii's rating: 1319 → 1304(-15 for losing)
|raw|shinykuzan's rating: 1407 → 1422(+15 for winning)
