|j|☆Aqueiron2
|j|☆friendlyplant
|html|Aqueiron2friendlyplant    
|uhtml|bestof|Game 2 of a best-of-3
|t:|1756571569
|gametype|doubles
|player|p1|Aqueiron2|red|1000
|player|p2|friendlyplant|clerkf|1000
|gen|9
|tier|[Gen 9] VGC 2025 Reg H (Bo3)
|rated|
|rule|Species Clause: Limit one of each Pokémon
|rule|Item Clause: Limit 1 of each item
|clearpoke
|poke|p1|Archaludon, L50, M|
|poke|p1|Talonflame, L50, F|
|poke|p1|Primarina, L50, F|
|poke|p1|Tyranitar, L50, F|
|poke|p1|Sneasler, L50, M|
|poke|p1|Sinistcha, L50|
|poke|p2|Mienshao, L50, F|
|poke|p2|Archaludon, L50, M|
|poke|p2|Pelipper, L50, M|
|poke|p2|Incineroar, L50, M|
|poke|p2|Annihilape, L50, M|
|poke|p2|Amoonguss, L50, F|
|teampreview|4
|showteam|p1|Archaludon||PowerHerb|Stamina|ElectroShot,FlashCannon,DracoMeteor,Protect|||M|||50|,,,,,Electric]Talonflame||CovertCloak|GaleWings|Tailwind,WillOWisp,FlareBlitz,Acrobatics|||F|||50|,,,,,Fire]Primarina||ThroatSpray|LiquidVoice|IcyWind,HyperVoice,Moonblast,Protect|||F|||50|,,,,,Water]Tyranitar||AssaultVest|SandStream|RockSlide,KnockOff,TeraBlast,HighHorsepower|||F|||50|,,,,,Grass]Sneasler||FocusSash|PoisonTouch|FakeOut,CloseCombat,DireClaw,Protect|||M|||50|,,,,,Stellar]Sinistcha||SitrusBerry|Hospitality|MatchaGotcha,Hex,RagePowder,Protect||||||50|,,,,,Dark
|showteam|p2|Mienshao||FocusSash|InnerFocus|FakeOut,Protect,CloseCombat,IceSpinner|||F|||50|,,,,,Steel]Archaludon||PowerHerb|Sturdy|ElectroShot,FlashCannon,DracoMeteor,Protect|||M|||50|,,,,,Electric]Pelipper||SafetyGoggles|Drizzle|Hurricane,WeatherBall,WideGuard,Protect|||M|||50|,,,,,Ghost]Incineroar||SitrusBerry|Intimidate|FakeOut,PartingShot,Taunt,KnockOff|||M|||50|,,,,,Grass]Annihilape||AssaultVest|Defiant|RageFist,DrainPunch,Uturn,ShadowClaw|||M|||50|,,,,,Steel]Amoonguss||RockyHelmet|Regenerator|RagePowder,Spore,ClearSmog,Protect|||F|||50|,,,,,Water
|
|t:|1756571617
|teamsize|p1|4
|teamsize|p2|4
|start
|switch|p1a: Talonflame|Talonflame, L50, F|100/100
|switch|p1b: Archaludon|Archaludon, L50, M|100/100
|switch|p2a: Amoonguss|Amoonguss, L50, F|100/100
|switch|p2b: Archaludon|Archaludon, L50, M|100/100
|turn|1
|
|t:|1756571651
|move|p1b: Archaludon|Protect|p1b: Archaludon
|-singleturn|p1b: Archaludon|Protect
|move|p1a: Talonflame|Flare Blitz|p2a: Amoonguss
|-supereffective|p2a: Amoonguss
|-damage|p2a: Amoonguss|32/100
|-damage|p1a: Talonflame|84/100|[from] item: Rocky Helmet|[of] p2a: Amoonguss
|-damage|p1a: Talonflame|52/100|[from] Recoil
|move|p2b: Archaludon|Electro Shot||[still]
|-prepare|p2b: Archaludon|Electro Shot
|-boost|p2b: Archaludon|spa|1
|-enditem|p2b: Archaludon|Power Herb
|-anim|p2b: Archaludon|Electro Shot|p1a: Talonflame
|-supereffective|p1a: Talonflame
|-damage|p1a: Talonflame|0 fnt
|faint|p1a: Talonflame
|move|p2a: Amoonguss|Spore|p1b: Archaludon
|-activate|p1b: Archaludon|move: Protect
|
|upkeep
|
|t:|1756571669
|switch|p1a: Tyranitar|Tyranitar, L50, F|100/100
|-weather|Sandstorm|[from] ability: Sand Stream|[of] p1a: Tyranitar
|turn|2
|
|t:|1756571686
|-terastallize|p1a: Tyranitar|Grass
|move|p2a: Amoonguss|Protect|p2a: Amoonguss
|-singleturn|p2a: Amoonguss|Protect
|move|p2b: Archaludon|Flash Cannon|p1a: Tyranitar
|-damage|p1a: Tyranitar|67/100
|-unboost|p1a: Tyranitar|spd|1
|move|p1b: Archaludon|Draco Meteor|p2b: Archaludon
|-ability|p2b: Archaludon|Sturdy
|-damage|p2b: Archaludon|1/100
|-unboost|p1b: Archaludon|spa|2
|move|p1a: Tyranitar|High Horsepower|p2a: Amoonguss
|-activate|p2a: Amoonguss|move: Protect
|
|-weather|Sandstorm|[upkeep]
|-damage|p1a: Tyranitar|61/100|[from] Sandstorm
|-damage|p2a: Amoonguss|26/100|[from] Sandstorm
|upkeep
|turn|3
|
|t:|1756571743
|move|p2b: Archaludon|Draco Meteor|p1a: Tyranitar|[miss]
|-miss|p2b: Archaludon|p1a: Tyranitar
|move|p1b: Archaludon|Electro Shot||[still]
|-prepare|p1b: Archaludon|Electro Shot
|-boost|p1b: Archaludon|spa|1
|-enditem|p1b: Archaludon|Power Herb
|-anim|p1b: Archaludon|Electro Shot|p2a: Amoonguss
|-resisted|p2a: Amoonguss
|-damage|p2a: Amoonguss|12/100
|move|p1a: Tyranitar|Rock Slide|p2b: Archaludon|[spread] p2b
|-miss|p1a: Tyranitar|p2a: Amoonguss
|-resisted|p2b: Archaludon
|-damage|p2b: Archaludon|0 fnt
|faint|p2b: Archaludon
|move|p2a: Amoonguss|Spore|p1b: Archaludon
|-status|p1b: Archaludon|slp|[from] move: Spore
|
|-weather|Sandstorm|[upkeep]
|-damage|p1a: Tyranitar|56/100|[from] Sandstorm
|-damage|p2a: Amoonguss|6/100|[from] Sandstorm
|upkeep
|
|t:|1756571747
|switch|p2b: Pelipper|Pelipper, L50, M|100/100
|-weather|RainDance|[from] ability: Drizzle|[of] p2b: Pelipper
|turn|4
|
|t:|1756571773
|switch|p1a: Primarina|Primarina, L50, F|100/100
|move|p2a: Amoonguss|Rage Powder|p2a: Amoonguss
|-singleturn|p2a: Amoonguss|move: Rage Powder
|cant|p1b: Archaludon|slp
|move|p2b: Pelipper|Hurricane|p1a: Primarina
|-damage|p1a: Primarina|52/100
|-start|p1a: Primarina|confusion
|
|-weather|RainDance|[upkeep]
|upkeep
|turn|5
|
|t:|1756571806
|switch|p2a: Annihilape|Annihilape, L50, M|100/100
|cant|p1b: Archaludon|slp
|-activate|p1a: Primarina|confusion
|move|p1a: Primarina|Icy Wind|p2a: Annihilape|[spread] p2a,p2b
|-damage|p2a: Annihilape|93/100
|-damage|p2b: Pelipper|77/100
|-unboost|p2a: Annihilape|spe|1
|-ability|p2a: Annihilape|Defiant|boost
|-boost|p2a: Annihilape|atk|2
|-unboost|p2b: Pelipper|spe|1
|move|p2b: Pelipper|Hurricane|p1a: Primarina
|-damage|p1a: Primarina|0 fnt
|faint|p1a: Primarina
|
|-weather|RainDance|[upkeep]
|upkeep
|
|t:|1756571822
|switch|p1a: Tyranitar|Tyranitar, L50, F, tera:Grass|56/100
|-weather|Sandstorm|[from] ability: Sand Stream|[of] p1a: Tyranitar
|turn|6
|
|t:|1756571847
|switch|p2b: Amoonguss|Amoonguss, L50, F|39/100
|-curestatus|p1b: Archaludon|slp|[msg]
|move|p1b: Archaludon|Electro Shot||[still]
|-prepare|p1b: Archaludon|Electro Shot
|-boost|p1b: Archaludon|spa|1
|move|p2a: Annihilape|Rage Fist|p1a: Tyranitar
|-damage|p1a: Tyranitar|0 fnt
|faint|p1a: Tyranitar
|
|-weather|Sandstorm|[upkeep]
|-damage|p2a: Annihilape|87/100|[from] Sandstorm
|-damage|p2b: Amoonguss|33/100|[from] Sandstorm
|upkeep
|turn|7
|
|t:|1756571864
|move|p2b: Amoonguss|Rage Powder|p2b: Amoonguss
|-singleturn|p2b: Amoonguss|move: Rage Powder
|move|p1b: Archaludon|Electro Shot|p2b: Amoonguss|[from] lockedmove
|-resisted|p2b: Amoonguss
|-damage|p2b: Amoonguss|12/100
|move|p2a: Annihilape|Drain Punch|p1b: Archaludon
|-supereffective|p1b: Archaludon
|-crit|p1b: Archaludon
|-damage|p1b: Archaludon|0 fnt
|-heal|p2a: Annihilape|100/100|[from] drain|[of] p1b: Archaludon
|faint|p1b: Archaludon
|
|win|friendlyplant
|raw|Aqueiron2's rating: 1000 → 1000(+0 for losing)
|raw|friendlyplant's rating: 1000 → 1040(+40 for winning)
|c|☆friendlyplant|ggs
|l|☆Aqueiron2
|player|p1|
