|j|☆josemaria20
|j|☆Traindelpivgc
|html|josemaria20Traindelpivgc    
|uhtml|bestof|Game 2 of a best-of-3
|t:|1756306048
|gametype|doubles
|player|p1|josemaria20|169|1090
|player|p2|Traindelpivgc|hilbert-wonderlauncher|1179
|gen|9
|tier|[Gen 9] VGC 2025 Reg H (Bo3)
|rated|
|rule|Species Clause: Limit one of each Pokémon
|rule|Item Clause: Limit 1 of each item
|clearpoke
|poke|p1|Archaludon, L50, M|
|poke|p1|Kingdra, L50, F|
|poke|p1|Politoed, L50, F|
|poke|p1|Incineroar, L50, M|
|poke|p1|Gothitelle, L50, M|
|poke|p1|Amoonguss, L50, M|
|poke|p2|Incineroar, L50, M|
|poke|p2|Amoonguss, L50, M|
|poke|p2|Ursaluna-Bloodmoon, L50, M|
|poke|p2|Sneasler, L50, F|
|poke|p2|Gholdengo, L50|
|poke|p2|Dragonite, L50, M|
|teampreview|4
|showteam|p1|Archaludon||PowerHerb|Sturdy|Protect,ElectroShot,FlashCannon,DragonPulse|||M|||50|,,,,,Electric]Kingdra||LifeOrb|SwiftSwim|Protect,DracoMeteor,WeatherBall,MuddyWater|||F|||50|,,,,,Stellar]Politoed||Leftovers|Drizzle|Protect,WeatherBall,PerishSong,Encore|||F|||50|,,,,,Grass]Incineroar||SafetyGoggles|Intimidate|FakeOut,KnockOff,PartingShot,Protect|||M|||50|,,,,,Ghost]Gothitelle||SitrusBerry|ShadowTag|Protect,Psychic,FakeOut,TrickRoom|||M|||50|,,,,,Dark]Amoonguss||EjectButton|Regenerator|Protect,RagePowder,Spore,PollenPuff|||M|||50|,,,,,Fairy
|showteam|p2|Incineroar||SafetyGoggles|Intimidate|FlareBlitz,KnockOff,PartingShot,FakeOut|||M|||50|,,,,,Ghost]Amoonguss||SitrusBerry|Regenerator|Spore,RagePowder,PollenPuff,Protect|||M|||50|,,,,,Psychic]Ursaluna-Bloodmoon||AssaultVest|MindsEye|HyperVoice,BloodMoon,EarthPower,VacuumWave|||M|||50|,,,,,Water]Sneasler||FocusSash|Unburden|CloseCombat,DireClaw,ThroatChop,Protect|||F|||50|,,,,,Stellar]Gholdengo||LifeOrb|GoodasGold|MakeItRain,ShadowBall,NastyPlot,Protect||||||50|,,,,,Water]Dragonite||LoadedDice|Multiscale|ScaleShot,Tailwind,Haze,Protect|||M|||50|,,,,,Fairy
|inactive|Battle timer is ON: inactive players will automatically lose when time's up. (requested by josemaria20)
|inactive|Traindelpivgc has 60 seconds left.
|inactive|josemaria20 has 60 seconds left.
|
|t:|1756306095
|teamsize|p1|4
|teamsize|p2|4
|start
|switch|p1a: Incineroar|Incineroar, L50, M|100/100
|switch|p1b: Gothitelle|Gothitelle, L50, M|100/100
|switch|p2a: Dragonite|Dragonite, L50, M|100/100
|switch|p2b: Sneasler|Sneasler, L50, F|100/100
|-ability|p1a: Incineroar|Intimidate|boost
|-unboost|p2a: Dragonite|atk|1
|-unboost|p2b: Sneasler|atk|1
|turn|1
|inactive|josemaria20 has 30 seconds left.
|inactive|Traindelpivgc has 30 seconds left.
|
|t:|1756306130
|switch|p1a: Kingdra|Kingdra, L50, F|100/100
|move|p2b: Sneasler|Protect|p2b: Sneasler
|-singleturn|p2b: Sneasler|Protect
|move|p1b: Gothitelle|Fake Out|p2a: Dragonite
|-damage|p2a: Dragonite|98/100
|cant|p2a: Dragonite|flinch
|
|upkeep
|turn|2
|inactive|josemaria20 has 30 seconds left.
|inactive|Traindelpivgc has 30 seconds left.
|inactive|josemaria20 has 20 seconds left.
|inactive|Traindelpivgc has 20 seconds left.
|inactive|Traindelpivgc has 15 seconds left.
|inactive|Traindelpivgc has 10 seconds left.
|inactive|Traindelpivgc has 5 seconds left.
|
|t:|1756306184
|switch|p1a: Incineroar|Incineroar, L50, M|100/100
|-ability|p1a: Incineroar|Intimidate|boost
|-unboost|p2a: Dragonite|atk|1
|-unboost|p2b: Sneasler|atk|1
|-terastallize|p1b: Gothitelle|Dark
|move|p2b: Sneasler|Dire Claw|p1a: Incineroar
|-damage|p1a: Incineroar|80/100
|-status|p1a: Incineroar|par
|move|p2a: Dragonite|Scale Shot|p1b: Gothitelle
|-damage|p1b: Gothitelle|93/100
|-damage|p1b: Gothitelle|86/100
|-damage|p1b: Gothitelle|79/100
|-damage|p1b: Gothitelle|72/100
|-damage|p1b: Gothitelle|65/100
|-hitcount|p1b: Gothitelle|5
|-unboost|p2a: Dragonite|def|1
|-boost|p2a: Dragonite|spe|1
|move|p1b: Gothitelle|Psychic|p2b: Sneasler
|-supereffective|p2b: Sneasler
|-enditem|p2b: Sneasler|Focus Sash
|-damage|p2b: Sneasler|1/100
|
|upkeep
|turn|3
|inactive|josemaria20 has 30 seconds left.
|inactive|Traindelpivgc has 30 seconds left.
|inactive|Traindelpivgc has 20 seconds left.
|
|t:|1756306220
|move|p2b: Sneasler|Protect|p2b: Sneasler
|-singleturn|p2b: Sneasler|Protect
|move|p2a: Dragonite|Haze|p2a: Dragonite
|-clearallboost
|move|p1a: Incineroar|Knock Off|p2a: Dragonite
|-damage|p2a: Dragonite|56/100
|-enditem|p2a: Dragonite|Loaded Dice|[from] move: Knock Off|[of] p1a: Incineroar
|move|p1b: Gothitelle|Trick Room|p1b: Gothitelle
|-fieldstart|move: Trick Room|[of] p1b: Gothitelle
|
|upkeep
|turn|4
|inactive|Traindelpivgc has 30 seconds left.
|
|t:|1756306252
|move|p1a: Incineroar|Parting Shot|p2a: Dragonite
|-unboost|p2a: Dragonite|atk|1
|-unboost|p2a: Dragonite|spa|1
|
|t:|1756306258
|switch|p1a: Politoed|Politoed, L50, F|100/100|[from] Parting Shot
|-weather|RainDance|[from] ability: Drizzle|[of] p1a: Politoed
|move|p1b: Gothitelle|Psychic|p2b: Sneasler
|-supereffective|p2b: Sneasler
|-damage|p2b: Sneasler|0 fnt
|faint|p2b: Sneasler
|move|p2a: Dragonite|Scale Shot|p1b: Gothitelle
|-damage|p1b: Gothitelle|56/100
|-damage|p1b: Gothitelle|46/100
|-enditem|p1b: Gothitelle|Sitrus Berry|[eat]
|-heal|p1b: Gothitelle|71/100|[from] item: Sitrus Berry
|-hitcount|p1b: Gothitelle|2
|-unboost|p2a: Dragonite|def|1
|-boost|p2a: Dragonite|spe|1
|
|-weather|RainDance|[upkeep]
|upkeep
|
|t:|1756306274
|switch|p2b: Amoonguss|Amoonguss, L50, M|100/100
|turn|5
|inactive|josemaria20 has 30 seconds left.
|inactive|josemaria20 has 20 seconds left.
|
|t:|1756306311
|switch|p1b: Incineroar|Incineroar, L50, M|80/100 par
|-ability|p1b: Incineroar|Intimidate|boost
|-unboost|p2a: Dragonite|atk|1
|-unboost|p2b: Amoonguss|atk|1
|-terastallize|p2b: Amoonguss|Psychic
|move|p2a: Dragonite|Protect|p2a: Dragonite
|-singleturn|p2a: Dragonite|Protect
|move|p2b: Amoonguss|Spore|p1b: Incineroar
|-activate|p1b: Incineroar|item: Safety Goggles|Spore
|move|p1a: Politoed|Weather Ball|p2a: Dragonite
|-activate|p2a: Dragonite|move: Protect
|
|-weather|RainDance|[upkeep]
|upkeep
|turn|6
|inactive|Traindelpivgc has 30 seconds left.
|
|t:|1756306343
|move|p1a: Politoed|Protect|p1a: Politoed
|-singleturn|p1a: Politoed|Protect
|cant|p1b: Incineroar|par
|move|p2b: Amoonguss|Pollen Puff|p2a: Dragonite
|-heal|p2a: Dragonite|100/100
|move|p2a: Dragonite|Haze|p2a: Dragonite
|-clearallboost
|
|-weather|RainDance|[upkeep]
|upkeep
|turn|7
|inactive|josemaria20 has 30 seconds left.
|inactive|josemaria20 has 20 seconds left.
|inactive|josemaria20 has 15 seconds left.
|inactive|josemaria20 has 10 seconds left.
|inactive|Traindelpivgc has 30 seconds left.
|
|t:|1756306393
|switch|p1b: Kingdra|Kingdra, L50, F|100/100
|switch|p1a: Gothitelle|Gothitelle, L50, M, tera:Dark|71/100
|move|p2b: Amoonguss|Spore|p1a: Gothitelle
|-status|p1a: Gothitelle|slp|[from] move: Spore
|move|p2a: Dragonite|Scale Shot|p1b: Kingdra|[miss]
|-miss|p2a: Dragonite|p1b: Kingdra
|
|-weather|RainDance|[upkeep]
|-fieldend|move: Trick Room
|upkeep
|turn|8
|inactive|Traindelpivgc has 30 seconds left.
|inactive|Traindelpivgc has 20 seconds left.
|
|t:|1756306430
|switch|p1a: Incineroar|Incineroar, L50, M|80/100 par
|-ability|p1a: Incineroar|Intimidate|boost
|-unboost|p2a: Dragonite|atk|1
|-unboost|p2b: Amoonguss|atk|1
|move|p1b: Kingdra|Protect|p1b: Kingdra
|-singleturn|p1b: Kingdra|Protect
|move|p2a: Dragonite|Scale Shot|p1b: Kingdra
|-activate|p1b: Kingdra|move: Protect
|move|p2b: Amoonguss|Pollen Puff|p2a: Dragonite
|
|-weather|none
|upkeep
|turn|9
|inactive|Traindelpivgc has 30 seconds left.
|inactive|josemaria20 has 30 seconds left.
|
|t:|1756306462
|switch|p2a: Gholdengo|Gholdengo, L50|100/100
|move|p1b: Kingdra|Draco Meteor|p2b: Amoonguss
|-damage|p2b: Amoonguss|40/100
|-unboost|p1b: Kingdra|spa|2
|-enditem|p2b: Amoonguss|Sitrus Berry|[eat]
|-heal|p2b: Amoonguss|65/100|[from] item: Sitrus Berry
|-damage|p1b: Kingdra|91/100|[from] item: Life Orb
|move|p2b: Amoonguss|Spore|p1b: Kingdra
|-status|p1b: Kingdra|slp|[from] move: Spore
|move|p1a: Incineroar|Knock Off|p2b: Amoonguss
|-supereffective|p2b: Amoonguss
|-damage|p2b: Amoonguss|18/100
|
|upkeep
|turn|10
|inactive|Traindelpivgc has 30 seconds left.
|
|t:|1756306494
|switch|p1b: Gothitelle|Gothitelle, L50, M, tera:Dark|71/100 slp
|switch|p2b: Dragonite|Dragonite, L50, M|100/100
|move|p2a: Gholdengo|Nasty Plot|p2a: Gholdengo
|-boost|p2a: Gholdengo|spa|2
|move|p1a: Incineroar|Knock Off|p2a: Gholdengo
|-supereffective|p2a: Gholdengo
|-damage|p2a: Gholdengo|19/100
|-enditem|p2a: Gholdengo|Life Orb|[from] move: Knock Off|[of] p1a: Incineroar
|
|upkeep
|turn|11
|inactive|josemaria20 has 30 seconds left.
|inactive|josemaria20 has 20 seconds left.
|
|t:|1756306534
|move|p2a: Gholdengo|Make It Rain|p1b: Gothitelle|[spread] p1a,p1b
|-resisted|p1a: Incineroar
|-damage|p1a: Incineroar|44/100 par
|-damage|p1b: Gothitelle|0 fnt
|-unboost|p2a: Gholdengo|spa|1
|faint|p1b: Gothitelle
|move|p2b: Dragonite|Scale Shot|p1a: Incineroar
|-damage|p1a: Incineroar|31/100 par
|-damage|p1a: Incineroar|17/100 par
|-damage|p1a: Incineroar|3/100 par
|-hitcount|p1a: Incineroar|3
|-unboost|p2b: Dragonite|def|1
|-boost|p2b: Dragonite|spe|1
|move|p1a: Incineroar|Knock Off|p2a: Gholdengo
|-supereffective|p2a: Gholdengo
|-damage|p2a: Gholdengo|0 fnt
|faint|p2a: Gholdengo
|
|upkeep
|
|t:|1756306551
|switch|p2a: Amoonguss|Amoonguss, L50, M, tera:Psychic|51/100
|switch|p1b: Politoed|Politoed, L50, F|100/100
|-weather|RainDance|[from] ability: Drizzle|[of] p1b: Politoed
|turn|12
|inactive|Traindelpivgc has 30 seconds left.
|inactive|josemaria20 has 30 seconds left.
|inactive|Traindelpivgc has 20 seconds left.
|
|t:|1756306586
|move|p1a: Incineroar|Protect|p1a: Incineroar
|-singleturn|p1a: Incineroar|Protect
|move|p2b: Dragonite|Scale Shot|p1a: Incineroar
|-activate|p1a: Incineroar|move: Protect
|move|p1b: Politoed|Perish Song|p1b: Politoed
|-start|p1a: Incineroar|perish3|[silent]
|-start|p1b: Politoed|perish3|[silent]
|-start|p2a: Amoonguss|perish3|[silent]
|-start|p2b: Dragonite|perish3|[silent]
|-fieldactivate|move: Perish Song
|move|p2a: Amoonguss|Pollen Puff|p1a: Incineroar
|-activate|p1a: Incineroar|move: Protect
|
|-weather|RainDance|[upkeep]
|-start|p2b: Dragonite|perish3
|-start|p1b: Politoed|perish3
|-start|p2a: Amoonguss|perish3
|-start|p1a: Incineroar|perish3
|upkeep
|turn|13
|inactive|Traindelpivgc has 25 seconds left this turn.
|inactive|Traindelpivgc has 20 seconds left.
|inactive|Traindelpivgc has 15 seconds left.
|inactive|Traindelpivgc has 10 seconds left.
|inactive|Traindelpivgc has 5 seconds left.
|
|t:|1756306607
|switch|p1a: Kingdra|Kingdra, L50, F|91/100 slp
|move|p1b: Politoed|Protect|p1b: Politoed
|-singleturn|p1b: Politoed|Protect
|move|p2b: Dragonite|Scale Shot|p1a: Kingdra
|-supereffective|p1a: Kingdra
|-damage|p1a: Kingdra|53/100 slp
|-supereffective|p1a: Kingdra
|-crit|p1a: Kingdra
|-damage|p1a: Kingdra|2/100 slp
|-supereffective|p1a: Kingdra
|-damage|p1a: Kingdra|0 fnt
|faint|p1a: Kingdra
|-hitcount|p1: Kingdra|3
|-unboost|p2b: Dragonite|def|1
|-boost|p2b: Dragonite|spe|1
|move|p2a: Amoonguss|Pollen Puff|p1b: Politoed
|-activate|p1b: Politoed|move: Protect
|
|-weather|RainDance|[upkeep]
|-start|p2b: Dragonite|perish2
|-start|p1b: Politoed|perish2
|-start|p2a: Amoonguss|perish2
|upkeep
|
|t:|1756306614
|switch|p1a: Incineroar|Incineroar, L50, M|3/100 par
|-ability|p1a: Incineroar|Intimidate|boost
|-unboost|p2a: Amoonguss|atk|1
|-unboost|p2b: Dragonite|atk|1
|turn|14
|inactive|Traindelpivgc has 5 seconds left this turn.
|-message|Traindelpivgc lost due to inactivity.
|
|win|josemaria20
|raw|josemaria20's rating: 1090 → 1123(+33 for winning)
|raw|Traindelpivgc's rating: 1179 → 1148(-31 for losing)
|c|☆josemaria20|gg
|l|☆josemaria20
|player|p1|
|c|☆Traindelpivgc|gg
|l|☆Traindelpivgc
|player|p2|
|j|☆Traindelpivgc
|player|p2|Traindelpivgc|hilbert-wonderlauncher|
