|j|☆minccino fan
|j|☆nenu18
|html|minccino fannenu18    
|uhtml|bestof|Game 1 of a best-of-3
|t:|1756368654
|gametype|doubles
|player|p1|minccino fan|265|
|player|p2|nenu18|266|
|gen|9
|tier|[Gen 9] VGC 2025 Reg H (Bo3)
|rule|Species Clause: Limit one of each Pokémon
|rule|Item Clause: Limit 1 of each item
|clearpoke
|poke|p1|Charizard, L50, M|
|poke|p1|Torkoal, L50, F|
|poke|p1|Porygon2, L50|
|poke|p1|Incineroar, L50, F|
|poke|p1|Jumpluff, L50, F|
|poke|p1|Ursaluna, L50, M|
|poke|p2|Electabuzz, L50, M|
|poke|p2|Kingambit, L50, F|
|poke|p2|Volcarona, L50, M|
|poke|p2|Dragonite, L50, M|
|poke|p2|Sneasler, L50, M|
|poke|p2|Rillaboom, L50, F|
|teampreview|4
|showteam|p1|Charizard||ChoiceSpecs|SolarPower|HeatWave,Overheat,WeatherBall,AirSlash|||M|||50|,,,,,Ghost]Torkoal||EjectPack|Drought|Eruption,Overheat,HelpingHand,Protect|||F|||50|,,,,,Fire]Porygon2||Eviolite|Download|TeraBlast,IceBeam,Recover,TrickRoom||||||50|,,,,,Fighting]Incineroar||SitrusBerry|Intimidate|FlareBlitz,KnockOff,FakeOut,PartingShot|||F|||50|,,,,,Ghost]Jumpluff||CovertCloak|Chlorophyll|SleepPowder,SunnyDay,RagePowder,Tailwind|||F|||50|,,,,,Water]Ursaluna||FlameOrb|Guts|HeadlongRush,Facade,Earthquake,Protect|||M|||50|,,,,,Ghost
|showteam|p2|Electabuzz||Eviolite|VitalSpirit|FollowMe,Thunderbolt,Taunt,Protect|||M|||50|,,,,,Ghost]Kingambit||BlackGlasses|Defiant|KowtowCleave,SuckerPunch,SwordsDance,Protect|||F|||50|,,,,,Ghost]Volcarona||LifeOrb|FlameBody|HeatWave,TeraBlast,QuiverDance,Protect|||M|||50|,,,,,Fairy]Dragonite||LoadedDice|Multiscale|ScaleShot,ExtremeSpeed,Haze,Protect|||M|||50|,,,,,Fairy]Sneasler||FocusSash|Unburden|DireClaw,CloseCombat,Protect,FakeOut|||M|||50|,,,,,Stellar]Rillaboom||AssaultVest|GrassySurge|FakeOut,WoodHammer,GrassyGlide,HighHorsepower|||F|||50|,,,,,Fire
|inactive|Battle timer is ON: inactive players will automatically lose when time's up. (requested by minccino fan)
|
|t:|1756368678
|teamsize|p1|4
|teamsize|p2|4
|start
|switch|p1a: Torkoal|Torkoal, L50, F|100/100
|switch|p1b: Porygon2|Porygon2, L50|100/100
|switch|p2a: Sneasler|Sneasler, L50, M|100/100
|switch|p2b: Dragonite|Dragonite, L50, M|100/100
|-ability|p1b: Porygon2|Download|boost
|-boost|p1b: Porygon2|atk|1
|-weather|SunnyDay|[from] ability: Drought|[of] p1a: Torkoal
|turn|1
|
|t:|1756368697
|switch|p1a: Incineroar|Incineroar, L50, F|100/100
|-ability|p1a: Incineroar|Intimidate|boost
|-unboost|p2a: Sneasler|atk|1
|-unboost|p2b: Dragonite|atk|1
|-terastallize|p1b: Porygon2|Fighting
|move|p2a: Sneasler|Fake Out|p1b: Porygon2
|-damage|p1b: Porygon2|94/100
|move|p2b: Dragonite|Scale Shot|p1a: Incineroar
|-damage|p1a: Incineroar|91/100
|-damage|p1a: Incineroar|82/100
|-damage|p1a: Incineroar|71/100
|-damage|p1a: Incineroar|60/100
|-hitcount|p1a: Incineroar|4
|-unboost|p2b: Dragonite|def|1
|-boost|p2b: Dragonite|spe|1
|cant|p1b: Porygon2|flinch
|
|-weather|SunnyDay|[upkeep]
|upkeep
|turn|2
|
|t:|1756368717
|switch|p2a: Kingambit|Kingambit, L50, F|100/100
|move|p1a: Incineroar|Fake Out|p2a: Kingambit
|-resisted|p2a: Kingambit
|-damage|p2a: Kingambit|96/100
|move|p2b: Dragonite|Scale Shot|p1a: Incineroar
|-damage|p1a: Incineroar|51/100
|-damage|p1a: Incineroar|42/100
|-enditem|p1a: Incineroar|Sitrus Berry|[eat]
|-heal|p1a: Incineroar|66/100|[from] item: Sitrus Berry
|-damage|p1a: Incineroar|57/100
|-damage|p1a: Incineroar|48/100
|-hitcount|p1a: Incineroar|4
|-unboost|p2b: Dragonite|def|1
|-boost|p2b: Dragonite|spe|1
|move|p1b: Porygon2|Trick Room|p1b: Porygon2
|-fieldstart|move: Trick Room|[of] p1b: Porygon2
|
|-weather|SunnyDay|[upkeep]
|upkeep
|turn|3
|inactive|nenu18 has 30 seconds left.
|
|t:|1756368752
|-terastallize|p2a: Kingambit|Ghost
|move|p2b: Dragonite|Extreme Speed|p1a: Incineroar
|-damage|p1a: Incineroar|29/100
|move|p2a: Kingambit|Sucker Punch|p1a: Incineroar
|-resisted|p1a: Incineroar
|-damage|p1a: Incineroar|4/100
|move|p1b: Porygon2|Ice Beam|p2b: Dragonite
|-supereffective|p2b: Dragonite
|-damage|p2b: Dragonite|37/100
|move|p1a: Incineroar|Flare Blitz|p2a: Kingambit
|-damage|p2a: Kingambit|32/100
|-damage|p1a: Incineroar|0 fnt|[from] Recoil
|faint|p1a: Incineroar
|
|-weather|SunnyDay|[upkeep]
|upkeep
|
|t:|1756368758
|switch|p1a: Torkoal|Torkoal, L50, F|100/100
|turn|4
|
|t:|1756368770
|move|p2a: Kingambit|Protect|p2a: Kingambit
|-singleturn|p2a: Kingambit|Protect
|move|p2b: Dragonite|Protect|p2b: Dragonite
|-singleturn|p2b: Dragonite|Protect
|move|p1a: Torkoal|Eruption|p2b: Dragonite|[spread] 
|-activate|p2a: Kingambit|move: Protect
|-activate|p2b: Dragonite|move: Protect
|move|p1b: Porygon2|Ice Beam|p2a: Kingambit
|-activate|p2a: Kingambit|move: Protect
|
|-weather|SunnyDay|[upkeep]
|upkeep
|turn|5
|
|t:|1756368783
|switch|p1a: Ursaluna|Ursaluna, L50, M|100/100
|move|p2b: Dragonite|Extreme Speed|p1a: Ursaluna
|-damage|p1a: Ursaluna|85/100
|move|p2a: Kingambit|Sucker Punch||[still]
|-fail|p2a: Kingambit
|move|p1b: Porygon2|Ice Beam|p2b: Dragonite
|-supereffective|p2b: Dragonite
|-damage|p2b: Dragonite|0 fnt
|faint|p2b: Dragonite
|
|-weather|none
|-status|p1a: Ursaluna|brn|[from] item: Flame Orb
|upkeep
|
|t:|1756368792
|switch|p2b: Sneasler|Sneasler, L50, M|100/100
|turn|6
|
|t:|1756368806
|move|p1a: Ursaluna|Protect|p1a: Ursaluna
|-singleturn|p1a: Ursaluna|Protect
|move|p2b: Sneasler|Protect|p2b: Sneasler
|-singleturn|p2b: Sneasler|Protect
|move|p2a: Kingambit|Swords Dance|p2a: Kingambit
|-boost|p2a: Kingambit|atk|2
|move|p1b: Porygon2|Ice Beam|p2b: Sneasler
|-activate|p2b: Sneasler|move: Protect
|
|-damage|p1a: Ursaluna|79/100 brn|[from] brn
|-fieldend|move: Trick Room
|upkeep
|turn|7
|inactive|nenu18 has 30 seconds left.
|
|t:|1756368833
|move|p2b: Sneasler|Close Combat|p1a: Ursaluna
|-supereffective|p1a: Ursaluna
|-damage|p1a: Ursaluna|0 fnt
|-unboost|p2b: Sneasler|def|1
|-unboost|p2b: Sneasler|spd|1
|faint|p1a: Ursaluna
|move|p2a: Kingambit|Kowtow Cleave|p1b: Porygon2
|-resisted|p1b: Porygon2
|-damage|p1b: Porygon2|55/100
|move|p1b: Porygon2|Trick Room|p1b: Porygon2
|-fieldstart|move: Trick Room|[of] p1b: Porygon2
|
|upkeep
|
|t:|1756368843
|switch|p1a: Torkoal|Torkoal, L50, F|100/100
|-weather|SunnyDay|[from] ability: Drought|[of] p1a: Torkoal
|turn|8
|
|t:|1756368853
|move|p2a: Kingambit|Sucker Punch|p1a: Torkoal
|-damage|p1a: Torkoal|20/100
|move|p1a: Torkoal|Eruption|p2a: Kingambit|[spread] p2a,p2b
|-damage|p2a: Kingambit|16/100
|-damage|p2b: Sneasler|73/100
|move|p1b: Porygon2|Ice Beam|p2a: Kingambit
|-damage|p2a: Kingambit|0 fnt
|faint|p2a: Kingambit
|move|p2b: Sneasler|Close Combat|p1b: Porygon2
|-damage|p1b: Porygon2|14/100
|-unboost|p2b: Sneasler|def|1
|-unboost|p2b: Sneasler|spd|1
|
|-weather|SunnyDay|[upkeep]
|upkeep
|
|t:|1756368859
|switch|p2a: Rillaboom|Rillaboom, L50, F|100/100
|-fieldstart|move: Grassy Terrain|[from] ability: Grassy Surge|[of] p2a: Rillaboom
|turn|9
|
|t:|1756368876
|move|p1a: Torkoal|Protect|p1a: Torkoal
|-singleturn|p1a: Torkoal|Protect
|move|p2a: Rillaboom|Grassy Glide|p1b: Porygon2
|-damage|p1b: Porygon2|0 fnt
|faint|p1b: Porygon2
|move|p2b: Sneasler|Close Combat|p1a: Torkoal
|-activate|p1a: Torkoal|move: Protect
|
|-weather|SunnyDay|[upkeep]
|-heal|p1a: Torkoal|26/100|[from] Grassy Terrain
|-heal|p2b: Sneasler|79/100|[from] Grassy Terrain
|upkeep
|turn|10
|
|t:|1756368896
|move|p2a: Rillaboom|Grassy Glide|p1a: Torkoal
|-resisted|p1a: Torkoal
|-damage|p1a: Torkoal|13/100
|move|p1a: Torkoal|Overheat|p2a: Rillaboom
|-supereffective|p2a: Rillaboom
|-damage|p2a: Rillaboom|0 fnt
|-unboost|p1a: Torkoal|spa|2
|faint|p2a: Rillaboom
|move|p2b: Sneasler|Close Combat|p1a: Torkoal
|-damage|p1a: Torkoal|0 fnt
|-unboost|p2b: Sneasler|def|1
|-unboost|p2b: Sneasler|spd|1
|faint|p1a: Torkoal
|
|win|nenu18
