|j|☆chaoticfarmer
|j|☆lindsey453
|html|chaoticfarmerlindsey453    
|uhtml|bestof|Game 1 of a best-of-3
|t:|1757643952
|gametype|doubles
|player|p1|chaoticfarmer|norman|1283
|player|p2|lindsey453|265|1232
|gen|9
|tier|[Gen 9] VGC 2025 Reg H (Bo3)
|rated|
|rule|Species Clause: Limit one of each Pokémon
|rule|Item Clause: Limit 1 of each item
|clearpoke
|poke|p1|Rillaboom, L50, F|
|poke|p1|Pelipper, L50, M|
|poke|p1|Sneasler, L50, F|
|poke|p1|Cetitan, L50, F|
|poke|p1|Malamar, L50, F|
|poke|p1|Ursaluna-Bloodmoon, L50, M|
|poke|p2|Annihilape, L50, M|
|poke|p2|Ninetales-Alola, L50, M|
|poke|p2|Oranguru, L50, F|
|poke|p2|Electabuzz, L50, F|
|poke|p2|Ursaluna-Bloodmoon, L50, M|
|poke|p2|Incineroar, L50, M|
|teampreview|4
|showteam|p1|Rillaboom||AssaultVest|GrassySurge|FakeOut,GrassyGlide,WoodHammer,Uturn|||F|||50|,,,,,Fire]Pelipper||FocusSash|Drizzle|Tailwind,Hurricane,WideGuard,WeatherBall|||M|||50|,,,,,Ghost]Sneasler||GrassySeed|Unburden|CloseCombat,DireClaw,ThroatChop,Protect|||F|||50|,,,,,Dark]Cetitan||LifeOrb|SheerForce|IcicleCrash,Liquidation,IceShard,Protect|||F|||50|,,,,,Water]Malamar||CovertCloak|Contrary|TopsyTurvy,KnockOff,Superpower,TrickRoom|||F|||50|,,,,,Steel]Ursaluna-Bloodmoon||SafetyGoggles|MindsEye|BloodMoon,HyperVoice,EarthPower,Protect|||M|||50|,,,,,Ghost
|showteam|p2|Annihilape||SitrusBerry|Defiant|BulkUp,RageFist,DrainPunch,Protect|||M|||50|,,,,,Grass]Ninetales-Alola||FocusSash|SnowWarning|AuroraVeil,Blizzard,Protect,Encore|||M|||50|,,,,,Ghost]Oranguru||MentalHerb|InnerFocus|Instruct,TrickRoom,Imprison,FoulPlay|||F|||50|,,,,,Fairy]Electabuzz||Eviolite|VitalSpirit|FollowMe,Thunderbolt,Taunt,EerieImpulse|||F|||50|,,,,,Ghost]Ursaluna-Bloodmoon||LifeOrb|MindsEye|HyperVoice,BloodMoon,EarthPower,Protect|||M|||50|,,,,,Normal]Incineroar||AssaultVest|Intimidate|FlareBlitz,Uturn,FakeOut,KnockOff|||M|||50|,,,,,Grass
|inactive|Battle timer is ON: inactive players will automatically lose when time's up. (requested by lindsey453)
|inactive|chaoticfarmer also wants the timer to be on.
|inactive|chaoticfarmer has 60 seconds left.
|inactive|lindsey453 has 60 seconds left.
|inactive|lindsey453 has 30 seconds left.
|inactive|lindsey453 has 20 seconds left.
|inactive|lindsey453 has 15 seconds left.
|
|t:|1757644028
|teamsize|p1|4
|teamsize|p2|4
|start
|switch|p1a: Rillaboom|Rillaboom, L50, F|100/100
|switch|p1b: Sneasler|Sneasler, L50, F|100/100
|switch|p2a: Electabuzz|Electabuzz, L50, F|100/100
|switch|p2b: Incineroar|Incineroar, L50, M|100/100
|-fieldstart|move: Grassy Terrain|[from] ability: Grassy Surge|[of] p1a: Rillaboom
|-enditem|p1b: Sneasler|Grassy Seed
|-boost|p1b: Sneasler|def|1|[from] item: Grassy Seed
|-ability|p2b: Incineroar|Intimidate|boost
|-unboost|p1a: Rillaboom|atk|1
|-unboost|p1b: Sneasler|atk|1
|turn|1
|
|t:|1757644051
|switch|p2b: Annihilape|Annihilape, L50, M|100/100
|move|p1a: Rillaboom|Fake Out|p2b: Annihilape
|-immune|p2b: Annihilape
|move|p1b: Sneasler|Dire Claw|p2b: Annihilape
|-resisted|p2b: Annihilape
|-damage|p2b: Annihilape|85/100
|-status|p2b: Annihilape|slp
|move|p2a: Electabuzz|Thunderbolt|p1b: Sneasler
|-damage|p1b: Sneasler|59/100
|
|-heal|p1b: Sneasler|65/100|[from] Grassy Terrain
|-heal|p2b: Annihilape|91/100 slp|[from] Grassy Terrain
|upkeep
|turn|2
|
|t:|1757644065
|move|p1b: Sneasler|Dire Claw|p2a: Electabuzz
|-damage|p2a: Electabuzz|76/100
|move|p2a: Electabuzz|Thunderbolt|p1b: Sneasler
|-damage|p1b: Sneasler|20/100
|cant|p2b: Annihilape|slp
|move|p1a: Rillaboom|U-turn|p2a: Electabuzz
|-damage|p2a: Electabuzz|63/100
|
|t:|1757644074
|switch|p1a: Pelipper|Pelipper, L50, M|100/100|[from] U-turn
|-weather|RainDance|[from] ability: Drizzle|[of] p1a: Pelipper
|
|-weather|RainDance|[upkeep]
|-heal|p1b: Sneasler|26/100|[from] Grassy Terrain
|-heal|p2a: Electabuzz|69/100|[from] Grassy Terrain
|-heal|p2b: Annihilape|97/100 slp|[from] Grassy Terrain
|upkeep
|turn|3
|
|t:|1757644094
|move|p1b: Sneasler|Dire Claw|p2a: Electabuzz
|-damage|p2a: Electabuzz|44/100
|move|p2a: Electabuzz|Thunderbolt|p1a: Pelipper
|-supereffective|p1a: Pelipper
|-enditem|p1a: Pelipper|Focus Sash
|-damage|p1a: Pelipper|1/100
|move|p1a: Pelipper|Tailwind|p1a: Pelipper
|-sidestart|p1: chaoticfarmer|move: Tailwind
|cant|p2b: Annihilape|slp
|
|-weather|RainDance|[upkeep]
|-heal|p1b: Sneasler|31/100|[from] Grassy Terrain
|-heal|p2a: Electabuzz|50/100|[from] Grassy Terrain
|-heal|p2b: Annihilape|100/100 slp|[from] Grassy Terrain
|upkeep
|turn|4
|inactive|chaoticfarmer has 30 seconds left.
|inactive|lindsey453 has 30 seconds left.
|
|t:|1757644128
|move|p2a: Electabuzz|Follow Me|p2a: Electabuzz
|-singleturn|p2a: Electabuzz|move: Follow Me
|move|p1b: Sneasler|Close Combat|p2a: Electabuzz
|-damage|p2a: Electabuzz|12/100
|-unboost|p1b: Sneasler|def|1
|-unboost|p1b: Sneasler|spd|1
|move|p1a: Pelipper|Hurricane|p2a: Electabuzz
|-resisted|p2a: Electabuzz
|-damage|p2a: Electabuzz|0 fnt
|faint|p2a: Electabuzz
|-curestatus|p2b: Annihilape|slp|[msg]
|move|p2b: Annihilape|Rage Fist|p1b: Sneasler
|-damage|p1b: Sneasler|0 fnt
|faint|p1b: Sneasler
|
|-weather|RainDance|[upkeep]
|upkeep
|
|t:|1757644142
|switch|p1b: Cetitan|Cetitan, L50, F|100/100
|switch|p2a: Incineroar|Incineroar, L50, M|100/100
|-ability|p2a: Incineroar|Intimidate|boost
|-unboost|p1a: Pelipper|atk|1
|-unboost|p1b: Cetitan|atk|1
|turn|5
|inactive|lindsey453 has 30 seconds left.
|
|t:|1757644169
|switch|p1a: Rillaboom|Rillaboom, L50, F|100/100
|-terastallize|p1b: Cetitan|Water
|-terastallize|p2a: Incineroar|Grass
|move|p2b: Annihilape|Protect|p2b: Annihilape
|-singleturn|p2b: Annihilape|Protect
|move|p1b: Cetitan|Liquidation|p2a: Incineroar
|-resisted|p2a: Incineroar
|-damage|p2a: Incineroar|67/100
|move|p2a: Incineroar|U-turn|p1a: Rillaboom
|-supereffective|p1a: Rillaboom
|-damage|p1a: Rillaboom|62/100
|
|t:|1757644183
|switch|p2a: Ursaluna|Ursaluna-Bloodmoon, L50, M|100/100|[from] U-turn
|
|-weather|RainDance|[upkeep]
|-heal|p1a: Rillaboom|68/100|[from] Grassy Terrain
|-fieldend|move: Grassy Terrain
|upkeep
|turn|6
|
|t:|1757644201
|switch|p2a: Incineroar|Incineroar, L50, M, tera:Grass|67/100
|-ability|p2a: Incineroar|Intimidate|boost
|-unboost|p1a: Rillaboom|atk|1
|-unboost|p1b: Cetitan|atk|1
|move|p1a: Rillaboom|Wood Hammer|p2b: Annihilape
|-damage|p2b: Annihilape|56/100
|-damage|p1a: Rillaboom|51/100|[from] Recoil
|move|p1b: Cetitan|Icicle Crash|p2b: Annihilape
|-damage|p2b: Annihilape|18/100
|-enditem|p2b: Annihilape|Sitrus Berry|[eat]
|-heal|p2b: Annihilape|43/100|[from] item: Sitrus Berry
|move|p2b: Annihilape|Bulk Up|p2b: Annihilape
|-boost|p2b: Annihilape|atk|1
|-boost|p2b: Annihilape|def|1
|
|-weather|none
|-sideend|p1: chaoticfarmer|move: Tailwind
|upkeep
|turn|7
|
|t:|1757644219
|switch|p1b: Pelipper|Pelipper, L50, M|1/100
|-weather|RainDance|[from] ability: Drizzle|[of] p1b: Pelipper
|move|p2a: Incineroar|Fake Out|p1b: Pelipper
|-damage|p1b: Pelipper|0 fnt
|faint|p1b: Pelipper
|move|p2b: Annihilape|Drain Punch|p1a: Rillaboom
|-damage|p1a: Rillaboom|0 fnt
|-heal|p2b: Annihilape|65/100|[from] drain|[of] p1a: Rillaboom
|faint|p1a: Rillaboom
|
|-weather|RainDance|[upkeep]
|upkeep
|
|t:|1757644234
|switch|p1b: Cetitan|Cetitan, L50, F, tera:Water|100/100
|turn|8
|
|t:|1757644247
|move|p2b: Annihilape|Protect|p2b: Annihilape
|-singleturn|p2b: Annihilape|Protect
|move|p1b: Cetitan|Icicle Crash|p2a: Incineroar
|-supereffective|p2a: Incineroar
|-damage|p2a: Incineroar|0 fnt
|faint|p2a: Incineroar
|
|-weather|RainDance|[upkeep]
|upkeep
|
|t:|1757644252
|switch|p2a: Ursaluna|Ursaluna-Bloodmoon, L50, M|100/100
|turn|9
|
|t:|1757644260
|move|p2b: Annihilape|Rage Fist|p1b: Cetitan
|-damage|p1b: Cetitan|0 fnt
|faint|p1b: Cetitan
|
|win|lindsey453
|l|☆chaoticfarmer
|player|p1|
||lindsey453 is ready for game 2.
|inactive|chaoticfarmer has 30 seconds to confirm battle start!
||chaoticfarmer is ready for game 2.
|uhtml|next|Next: Game 2 of 3
