|j|☆Ceuta Triathlon
|j|☆Po1510
|html|Ceuta TriathlonPo1510    
|uhtml|bestof|Game 1 of a best-of-3
|t:|1786012437
|gametype|doubles
|player|p1|Ceuta Triathlon|tuber|1122
|player|p2|Po1510|rosa-masters|1322
|gen|9
|tier|[Gen 9 Champions] VGC 2026 Reg M-B (Bo3)
|rated|
|rule|Species Clause: Limit one of each Pokémon
|rule|Item Clause: Limit 1 of each item
|clearpoke
|poke|p1|Delphox, L50, F|
|poke|p1|Incineroar, L50, M|
|poke|p1|Kingambit, L50, M|
|poke|p1|Sinistcha, L50|
|poke|p1|Sneasler, L50, F|
|poke|p1|Blastoise, L50, M|
|poke|p2|Staraptor, L50, M|
|poke|p2|Arcanine-Hisui, L50, M|
|poke|p2|Kingambit, L50, M|
|poke|p2|Raichu, L50, F|
|poke|p2|Farigiraf, L50, F|
|poke|p2|Sylveon, L50, F, shiny|
|teampreview|4
|showteam|p1|Delphox||Delphoxite|Blaze|Protect,NastyPlot,HeatWave,Psychic|Timid||F|||50|]Incineroar||SitrusBerry|Intimidate|FakeOut,ThroatChop,FlareBlitz,PartingShot|Impish||M|||50|]Kingambit||BlackGlasses|Defiant|Protect,SwordsDance,KowtowCleave,SuckerPunch|Brave||M|||50|]Sinistcha||ColburBerry|Hospitality|Protect,MatchaGotcha,LifeDew,RagePowder|Bold|||||50|]Sneasler||FocusSash|Unburden|FakeOut,Protect,CloseCombat,DireClaw|Adamant||F|||50|]Blastoise||Blastoisinite|RainDish|Protect,ShellSmash,DarkPulse,WaterSpout|Modest||M|||50|
|showteam|p2|Staraptor||Staraptite|Intimidate|DualWingbeat,CloseCombat,Tailwind,Protect|Jolly||M|||50|]Arcanine-Hisui||FocusSash|RockHead|FlareBlitz,HeadSmash,ExtremeSpeed,Protect|Jolly||M|||50|]Kingambit||LifeOrb|Defiant|KowtowCleave,SuckerPunch,SwordsDance,Protect|Adamant||M|||50|]Raichu||RaichuniteY|LightningRod|ZapCannon,FocusBlast,FakeOut,Protect|Timid||F|||50|]Farigiraf||SitrusBerry|ArmorTail|Psychic,HelpingHand,TrickRoom,Protect|Calm||F|||50|]Sylveon||FairyFeather|Pixilate|HyperVoice,HyperBeam,QuickAttack,Detect|Modest||F|||50|
|inactive|Battle timer is ON: inactive players will automatically lose when time's up. (requested by Ceuta Triathlon)
|inactive|Po1510 also wants the timer to be on.
|inactive|Ceuta Triathlon has 60 seconds left.
|inactive|Po1510 has 60 seconds left.
|
|t:|1786012488
|teamsize|p1|4
|teamsize|p2|4
|start
|switch|p1a: Félix elGato|Incineroar, L50, M|100/100
|switch|p1b: Asterix|Delphox, L50, F|100/100
|switch|p2a: Staraptor|Staraptor, L50, M|100/100
|switch|p2b: Arcanine|Arcanine-Hisui, L50, M|100/100
|-ability|p2a: Staraptor|Intimidate|boost
|-unboost|p1a: Félix elGato|atk|1
|-unboost|p1b: Asterix|atk|1
|-ability|p1a: Félix elGato|Intimidate|boost
|-unboost|p2a: Staraptor|atk|1
|-unboost|p2b: Arcanine|atk|1
|turn|1
|inactive|Ceuta Triathlon has 30 seconds left.
|
|t:|1786012522
|switch|p2a: Farigiraf|Farigiraf, L50, F|100/100
|detailschange|p1b: Asterix|Delphox-Mega, L50, F
|-mega|p1b: Asterix|Delphox|Delphoxite
|move|p1a: Félix elGato|Fake Out||[still]
|cant|p2a: Farigiraf|ability: Armor Tail|Fake Out|[of] p1a: Félix elGato
|move|p1b: Asterix|Psychic|p2a: Farigiraf
|-resisted|p2a: Farigiraf|1
|-damage|p2a: Farigiraf|81/100
|move|p2b: Arcanine|Head Smash|p1b: Asterix
|-supereffective|p1b: Asterix|1
|-damage|p1b: Asterix|0 fnt
|faint|p1b: Asterix
|
|upkeep
|
|t:|1786012536
|switch|p1b: Kamaitachi|Sneasler, L50, F|100/100
|turn|2
|
|t:|1786012554
|move|p1b: Kamaitachi|Close Combat|p2b: Arcanine
|-supereffective|p2b: Arcanine|1
|-enditem|p2b: Arcanine|Focus Sash
|-damage|p2b: Arcanine|1/100
|-unboost|p1b: Kamaitachi|def|1
|-unboost|p1b: Kamaitachi|spd|1
|move|p2b: Arcanine|Head Smash|p1a: Félix elGato
|-supereffective|p1a: Félix elGato|1
|-damage|p1a: Félix elGato|21/100
|-enditem|p1a: Félix elGato|Sitrus Berry|[eat]
|-heal|p1a: Félix elGato|46/100|[from] item: Sitrus Berry
|move|p1a: Félix elGato|Parting Shot|p2a: Farigiraf
|-unboost|p2a: Farigiraf|atk|1
|-unboost|p2a: Farigiraf|spa|1
|
|t:|1786012567
|switch|p1a: Matcha Latte|Sinistcha, L50|100/100|[from] Parting Shot
|move|p2a: Farigiraf|Psychic|p1b: Kamaitachi
|-supereffective|p1b: Kamaitachi|2
|-enditem|p1b: Kamaitachi|Focus Sash
|-damage|p1b: Kamaitachi|1/100
|
|upkeep
|turn|3
|inactive|Ceuta Triathlon has 30 seconds left.
|inactive|Ceuta Triathlon has 20 seconds left.
|
|t:|1786012606
|move|p1a: Matcha Latte|Rage Powder|p1a: Matcha Latte
|-singleturn|p1a: Matcha Latte|move: Rage Powder
|move|p1b: Kamaitachi|Dire Claw|p2b: Arcanine
|-resisted|p2b: Arcanine|1
|-damage|p2b: Arcanine|0 fnt
|faint|p2b: Arcanine
|move|p2a: Farigiraf|Psychic|p1a: Matcha Latte
|-damage|p1a: Matcha Latte|75/100
|
|upkeep
|
|t:|1786012615
|switch|p2b: Staraptor|Staraptor, L50, M|100/100
|-ability|p2b: Staraptor|Intimidate|boost
|-unboost|p1a: Matcha Latte|atk|1
|-unboost|p1b: Kamaitachi|atk|1
|turn|4
|
|t:|1786012628
|switch|p1b: Félix elGato|Incineroar, L50, M|46/100
|-ability|p1b: Félix elGato|Intimidate|boost
|-unboost|p2a: Farigiraf|atk|1
|-unboost|p2b: Staraptor|atk|1
|detailschange|p2b: Staraptor|Staraptor-Mega, L50, M
|-mega|p2b: Staraptor|Staraptor|Staraptite
|move|p2a: Farigiraf|Helping Hand|p2b: Staraptor
|-singleturn|p2b: Staraptor|Helping Hand|[of] p2a: Farigiraf
|move|p2b: Staraptor|Dual Wingbeat|p1a: Matcha Latte|[miss]
|-miss|p2b: Staraptor|p1a: Matcha Latte
|move|p1a: Matcha Latte|Life Dew|p1a: Matcha Latte|[spread] p1a,p1b
|-heal|p1a: Matcha Latte|100/100
|-heal|p1b: Félix elGato|71/100
|
|upkeep
|turn|5
|inactive|Ceuta Triathlon has 30 seconds left.
|inactive|Ceuta Triathlon has 20 seconds left.
|inactive|Ceuta Triathlon has 15 seconds left.
|
|t:|1786012671
|switch|p2b: Kingambit|Kingambit, L50, M|100/100
|move|p1a: Matcha Latte|Rage Powder|p1a: Matcha Latte
|-singleturn|p1a: Matcha Latte|move: Rage Powder
|move|p1b: Félix elGato|Flare Blitz|p2b: Kingambit
|-supereffective|p2b: Kingambit|1
|-damage|p2b: Kingambit|24/100
|-damage|p1b: Félix elGato|46/100|[from] Recoil
|move|p2a: Farigiraf|Psychic|p1a: Matcha Latte
|-damage|p1a: Matcha Latte|77/100
|
|upkeep
|turn|6
|
|t:|1786012684
|switch|p2a: Staraptor|Staraptor-Mega, L50, M|100/100
|move|p2b: Kingambit|Protect|p2b: Kingambit
|-singleturn|p2b: Kingambit|Protect
|move|p1a: Matcha Latte|Life Dew|p1a: Matcha Latte|[spread] p1a,p1b
|-heal|p1a: Matcha Latte|100/100
|-heal|p1b: Félix elGato|71/100
|move|p1b: Félix elGato|Flare Blitz|p2b: Kingambit
|-activate|p2b: Kingambit|move: Protect
|
|upkeep
|turn|7
|
|t:|1786012705
|switch|p2b: Farigiraf|Farigiraf, L50, F|81/100
|move|p1a: Matcha Latte|Rage Powder|p1a: Matcha Latte
|-singleturn|p1a: Matcha Latte|move: Rage Powder
|move|p2a: Staraptor|Dual Wingbeat|p1a: Matcha Latte
|-supereffective|p1a: Matcha Latte|1
|-damage|p1a: Matcha Latte|68/100
|-supereffective|p1a: Matcha Latte|1
|-damage|p1a: Matcha Latte|36/100
|-hitcount|p1a: Matcha Latte|2
|move|p1b: Félix elGato|Flare Blitz|p2a: Staraptor
|-damage|p2a: Staraptor|57/100
|-damage|p1b: Félix elGato|58/100|[from] Recoil
|
|upkeep
|turn|8
|inactive|Ceuta Triathlon has 30 seconds left.
|
|t:|1786012731
|move|p2b: Farigiraf|Helping Hand|p2a: Staraptor
|-singleturn|p2a: Staraptor|Helping Hand|[of] p2b: Farigiraf
|move|p2a: Staraptor|Dual Wingbeat|p1a: Matcha Latte
|-supereffective|p1a: Matcha Latte|1
|-damage|p1a: Matcha Latte|0 fnt
|faint|p1a: Matcha Latte
|-hitcount|p1: Matcha Latte|1
|move|p1b: Félix elGato|Flare Blitz|p2a: Staraptor
|-damage|p2a: Staraptor|16/100
|-damage|p1b: Félix elGato|45/100|[from] Recoil
|
|upkeep
|
|t:|1786012741
|switch|p1a: Kamaitachi|Sneasler, L50, F|1/100
|turn|9
|inactive|Ceuta Triathlon has 30 seconds left.
|
|t:|1786012766
|move|p2a: Staraptor|Close Combat|p1b: Félix elGato
|-supereffective|p1b: Félix elGato|1
|-damage|p1b: Félix elGato|0 fnt
|-boost|p2a: Staraptor|def|1
|-boost|p2a: Staraptor|spd|1
|faint|p1b: Félix elGato
|move|p1a: Kamaitachi|Close Combat|p2a: Staraptor
|-resisted|p2a: Staraptor|1
|-damage|p2a: Staraptor|0 fnt
|-unboost|p1a: Kamaitachi|def|1
|-unboost|p1a: Kamaitachi|spd|1
|faint|p2a: Staraptor
|move|p2b: Farigiraf|Psychic|p1a: Kamaitachi
|-supereffective|p1a: Kamaitachi|2
|-damage|p1a: Kamaitachi|0 fnt
|faint|p1a: Kamaitachi
|
|win|Po1510
||Ceuta Triathlon is ready for game 2.
||Po1510 is ready for game 2.
|uhtml|next|Next: Game 2 of 3
