|j|‽CaratroncoSun
|j|☆crosseczek
|html|CaratroncoSuncrosseczek    
|uhtml|bestof|Game 1 of a best-of-3
|t:|1784113999
|gametype|doubles
|player|p1|CaratroncoSun|juan|1261
|player|p2|crosseczek|maid|1326
|gen|9
|tier|[Gen 9 Champions] VGC 2026 Reg M-B (Bo3)
|rated|
|rule|Species Clause: Limit one of each Pokémon
|rule|Item Clause: Limit 1 of each item
|clearpoke
|poke|p1|Charizard, L50, M, shiny|
|poke|p1|Venusaur, L50, F, shiny|
|poke|p1|Whimsicott, L50, F, shiny|
|poke|p1|Basculegion, L50, M|
|poke|p1|Tyranitar, L50, F|
|poke|p1|Mamoswine, L50, F|
|poke|p2|Mawile, L50, M|
|poke|p2|Garchomp, L50, M|
|poke|p2|Whimsicott, L50, M|
|poke|p2|Raichu, L50, M|
|poke|p2|Incineroar, L50, M|
|poke|p2|Farigiraf, L50, M|
|teampreview|4
|showteam|p1|Charizard||CharizarditeY|Blaze|Protect,SolarBeam,HeatWave,AirSlash|Modest||M|||50|]Venusaur||WideLens|Chlorophyll|Protect,GigaDrain,EarthPower,SleepPowder|Modest||F|||50|]Whimsicott||FocusSash|Prankster|Protect,Moonblast,Tailwind,Encore|Timid||F|||50|]Basculegion||MysticWater|Adaptability|Protect,AquaJet,WaveCrash,LastRespects|Adamant||M|||50|]Tyranitar||Tyranitarite|SandStream|Protect,RockSlide,KnockOff,LowKick|Adamant||F|||50|]Mamoswine||LifeOrb|Oblivious|Protect,HighHorsepower,StoneEdge,IceShard|Adamant||F|||50|
|showteam|p2|Mawile||Mawilite|HyperCutter|PlayRough,SuckerPunch,SwordsDance,Protect|Brave||M|||50|]Garchomp||LifeOrb|SandVeil|DragonClaw,StompingTantrum,RockSlide,Protect|Adamant||M|||50|]Whimsicott||FocusSash|Prankster|Moonblast,Encore,Tailwind,Protect|Modest||M|||50|]Raichu||RaichuniteY|LightningRod|ZapCannon,FocusBlast,GrassKnot,Protect|Modest||M|||50|]Incineroar||Charcoal|Intimidate|FlareBlitz,ThroatChop,PartingShot,FakeOut|Adamant||M|||50|]Farigiraf||ColburBerry|ArmorTail|Psychic,Imprison,TrickRoom,Protect|Modest||M|||50|
|c|☆crosseczek|Gl hf
|
|t:|1784114031
|teamsize|p1|4
|teamsize|p2|4
|start
|switch|p1a: Charizard|Charizard, L50, M, shiny|100/100
|switch|p1b: Venusaur|Venusaur, L50, F, shiny|100/100
|switch|p2a: Farigiraf|Farigiraf, L50, M|100/100
|switch|p2b: Incineroar|Incineroar, L50, M|100/100
|-ability|p2b: Incineroar|Intimidate|boost
|-unboost|p1a: Charizard|atk|1
|-unboost|p1b: Venusaur|atk|1
|turn|1
|
|t:|1784114048
|detailschange|p1a: Charizard|Charizard-Mega-Y, L50, M, shiny
|-mega|p1a: Charizard|Charizard|Charizardite Y
|-weather|SunnyDay|[from] ability: Drought|[of] p1a: Charizard
|move|p2b: Incineroar|Fake Out|p1b: Venusaur
|-damage|p1b: Venusaur|80/100
|cant|p1b: Venusaur|flinch
|move|p1a: Charizard|Heat Wave|p2b: Incineroar|[spread] p2a,p2b
|-resisted|p2b: Incineroar|1
|-damage|p2a: Farigiraf|36/100
|-damage|p2b: Incineroar|68/100
|move|p2a: Farigiraf|Trick Room|p2a: Farigiraf
|-fieldstart|move: Trick Room|[of] p2a: Farigiraf
|
|-weather|SunnyDay|[upkeep]
|upkeep
|turn|2
|
|t:|1784114072
|move|p1a: Charizard|Protect|p1a: Charizard
|-singleturn|p1a: Charizard|Protect
|move|p1b: Venusaur|Protect|p1b: Venusaur
|-singleturn|p1b: Venusaur|Protect
|move|p2b: Incineroar|Flare Blitz|p1b: Venusaur
|-activate|p1b: Venusaur|move: Protect
|move|p2a: Farigiraf|Imprison|p2a: Farigiraf
|-start|p2a: Farigiraf|move: Imprison
|
|-weather|SunnyDay|[upkeep]
|upkeep
|turn|3
|
|t:|1784114094
|switch|p1b: Tyranitar|Tyranitar, L50, F|100/100
|-weather|Sandstorm|[from] ability: Sand Stream|[of] p1b: Tyranitar
|move|p2a: Farigiraf|Protect|p2a: Farigiraf
|-singleturn|p2a: Farigiraf|Protect
|move|p2b: Incineroar|Flare Blitz|p1b: Tyranitar
|-resisted|p1b: Tyranitar|1
|-damage|p1b: Tyranitar|70/100
|-damage|p2b: Incineroar|59/100|[from] Recoil
|move|p1a: Charizard|Air Slash|p2b: Incineroar
|-damage|p2b: Incineroar|19/100
|
|-weather|Sandstorm|[upkeep]
|-damage|p2b: Incineroar|13/100|[from] Sandstorm
|-damage|p2a: Farigiraf|30/100|[from] Sandstorm
|-damage|p1a: Charizard|94/100|[from] Sandstorm
|upkeep
|turn|4
|
|t:|1784114122
|switch|p1a: Mamoswine|Mamoswine, L50, F|100/100
|move|p2a: Farigiraf|Psychic|p1a: Mamoswine
|-damage|p1a: Mamoswine|38/100
|move|p1b: Tyranitar|Rock Slide|p2b: Incineroar|[spread] p2a,p2b
|-supereffective|p2b: Incineroar|1
|-damage|p2a: Farigiraf|3/100
|-damage|p2b: Incineroar|0 fnt
|faint|p2b: Incineroar
|
|-weather|Sandstorm|[upkeep]
|-damage|p2a: Farigiraf|0 fnt|[from] Sandstorm
|faint|p2a: Farigiraf
|upkeep
|
|t:|1784114131
|switch|p2b: Garchomp|Garchomp, L50, M|100/100
|switch|p2a: Mawile|Mawile, L50, M|100/100
|turn|5
|
|t:|1784114166
|detailschange|p2a: Mawile|Mawile-Mega, L50, M
|-mega|p2a: Mawile|Mawile|Mawilite
|move|p2b: Garchomp|Protect|p2b: Garchomp
|-singleturn|p2b: Garchomp|Protect
|move|p1a: Mamoswine|Protect|p1a: Mamoswine
|-singleturn|p1a: Mamoswine|Protect
|move|p2a: Mawile|Play Rough|p1b: Tyranitar
|-supereffective|p1b: Tyranitar|1
|-damage|p1b: Tyranitar|0 fnt
|faint|p1b: Tyranitar
|
|-weather|Sandstorm|[upkeep]
|-fieldend|move: Trick Room
|upkeep
|
|t:|1784114179
|switch|p1b: Charizard|Charizard-Mega-Y, L50, M, shiny|94/100
|-weather|SunnyDay|[from] ability: Drought|[of] p1b: Charizard
|turn|6
|
|t:|1784114189
|move|p2a: Mawile|Protect|p2a: Mawile
|-singleturn|p2a: Mawile|Protect
|move|p1a: Mamoswine|Ice Shard|p2b: Garchomp
|-supereffective|p2b: Garchomp|2
|-damage|p2b: Garchomp|3/100
|-damage|p1a: Mamoswine|28/100|[from] item: Life Orb
|move|p1b: Charizard|Heat Wave|p2a: Mawile|[spread] p2b
|-activate|p2a: Mawile|move: Protect
|-resisted|p2b: Garchomp|1
|-damage|p2b: Garchomp|0 fnt
|faint|p2b: Garchomp
|
|-weather|SunnyDay|[upkeep]
|upkeep
|turn|7
|
|t:|1784114206
|move|p2a: Mawile|Sucker Punch|p1b: Charizard
|-damage|p1b: Charizard|43/100
|move|p1b: Charizard|Heat Wave|p2a: Mawile
|-supereffective|p2a: Mawile|1
|-damage|p2a: Mawile|0 fnt
|faint|p2a: Mawile
|
|win|CaratroncoSun
