|j|☆GymGlofer
|j|☆exessvgc
|html|GymGloferexessvgc    
|uhtml|bestof|Game 2 of a best-of-3
|t:|1783783803
|gametype|doubles
|player|p1|GymGlofer|2|1127
|player|p2|exessvgc|lucas|1204
|gen|9
|tier|[Gen 9 Champions] VGC 2026 Reg M-B (Bo3)
|rated|
|rule|Species Clause: Limit one of each Pokémon
|rule|Item Clause: Limit 1 of each item
|clearpoke
|poke|p1|Whimsicott, L50, M|
|poke|p1|Meowscarada, L50, M|
|poke|p1|Scovillain, L50, F|
|poke|p1|Tsareena, L50, F|
|poke|p1|Venusaur, L50, F|
|poke|p1|Decidueye, L50, F|
|poke|p2|Aerodactyl, L50, F|
|poke|p2|Raichu, L50, M|
|poke|p2|Charizard, L50, M|
|poke|p2|Whimsicott, L50, F|
|poke|p2|Basculegion, L50, M|
|poke|p2|Garchomp, L50, F|
|teampreview|4
|showteam|p1|Whimsicott||FocusSash|Prankster|Moonblast,CottonSpore,Encore,Protect|Timid||M|||50|]Meowscarada||LifeOrb|Protean|FlowerTrick,ThroatChop,ThunderPunch,BrickBreak|Adamant||M|||50|]Scovillain||Scovillainite|Moody|Flamethrower,LeechSeed,RagePowder,Protect|Bold||F|||50|]Tsareena||ChoiceScarf|QueenlyMajesty|TropKick,HighJumpKick,ZenHeadbutt,TripleAxel|Adamant||F|||50|]Venusaur||Venusaurite|Chlorophyll|SludgeBomb,EarthPower,SleepPowder,Protect|Modest||F|||50|]Decidueye||SitrusBerry|LongReach|LeafBlade,SpiritShackle,RainDance,Protect|Jolly||F|||50|
|showteam|p2|Aerodactyl||Aerodactylite|Unnerve|IceFang,DualWingbeat,RockSlide,WideGuard|Jolly||F|||50|]Raichu||RaichuniteY|LightningRod|FocusBlast,ZapCannon,FakeOut,Protect|Timid||M|||50|]Charizard||CharizarditeY|SolarPower|WeatherBall,HeatWave,SolarBeam,Protect|Modest||M|||50|]Whimsicott||FocusSash|Prankster|Moonblast,Tailwind,SunnyDay,Protect|Timid||F|||50|]Basculegion||MysticWater|Adaptability|WaveCrash,LastRespects,AquaJet,Protect|Adamant||M|||50|]Garchomp||LifeOrb|RoughSkin|Protect,DragonClaw,StompingTantrum,Earthquake|Adamant||F|||50|
|inactive|Battle timer is ON: inactive players will automatically lose when time's up. (requested by GymGlofer)
|
|t:|1783783820
|teamsize|p1|4
|teamsize|p2|4
|start
|switch|p1a: Whimsicott|Whimsicott, L50, M|100/100
|switch|p1b: Meowscarada|Meowscarada, L50, M|100/100
|switch|p2a: EXESS|Charizard, L50, M|100/100
|switch|p2b: Kokiri|Whimsicott, L50, F|100/100
|turn|1
|
|t:|1783783837
|move|p2a: EXESS|Protect|p2a: EXESS
|-singleturn|p2a: EXESS|Protect
|move|p1a: Whimsicott|Cotton Spore|p2a: EXESS|[spread] 
|-activate|p2a: EXESS|move: Protect
|-immune|p2b: Kokiri
|move|p2b: Kokiri|Moonblast|p1b: Meowscarada
|-supereffective|p1b: Meowscarada|1
|-damage|p1b: Meowscarada|0 fnt
|faint|p1b: Meowscarada
|
|upkeep
|
|t:|1783783844
|switch|p1b: Tsareena|Tsareena, L50, F|100/100
|turn|2
|inactive|exessvgc has 30 seconds left.
|inactive|exessvgc has 20 seconds left.
|inactive|exessvgc has 15 seconds left.
|
|t:|1783783887
|switch|p2a: NEMO|Basculegion, L50, M|100/100
|move|p2b: Kokiri|Tailwind|p2b: Kokiri
|-sidestart|p2: exessvgc|move: Tailwind
|move|p1a: Whimsicott|Encore|p2b: Kokiri
|-start|p2b: Kokiri|Encore
|move|p1b: Tsareena|Triple Axel|p2a: NEMO
|-resisted|p2a: NEMO|1
|-damage|p2a: NEMO|96/100
|-resisted|p2a: NEMO|1
|-damage|p2a: NEMO|88/100
|-resisted|p2a: NEMO|1
|-damage|p2a: NEMO|78/100
|-hitcount|p2a: NEMO|3
|
|upkeep
|turn|3
|inactive|exessvgc has 30 seconds left.
|
|t:|1783783914
|switch|p2b: DINOSAUVO|Aerodactyl, L50, F|100/100
|-ability|p2b: DINOSAUVO|Unnerve
|move|p2a: NEMO|Last Respects|p1b: Tsareena
|-damage|p1b: Tsareena|53/100
|move|p1b: Tsareena|Triple Axel|p2b: DINOSAUVO
|-supereffective|p2b: DINOSAUVO|1
|-damage|p2b: DINOSAUVO|75/100
|-supereffective|p2b: DINOSAUVO|1
|-damage|p2b: DINOSAUVO|32/100
|-supereffective|p2b: DINOSAUVO|1
|-damage|p2b: DINOSAUVO|0 fnt
|faint|p2b: DINOSAUVO
|-hitcount|p2: DINOSAUVO|3
|move|p1a: Whimsicott|Moonblast|p2a: NEMO
|-damage|p2a: NEMO|37/100
|
|upkeep
|
|t:|1783783931
|switch|p2b: Kokiri|Whimsicott, L50, F|100/100
|turn|4
|
|t:|1783783947
|switch|p1b: Venusaur|Venusaur, L50, F|100/100
|move|p2b: Kokiri|Moonblast|p1a: Whimsicott
|-damage|p1a: Whimsicott|37/100
|move|p2a: NEMO|Last Respects|p1b: Venusaur
|-damage|p1b: Venusaur|12/100
|move|p1a: Whimsicott|Moonblast|p2a: NEMO
|-damage|p2a: NEMO|0 fnt
|faint|p2a: NEMO
|
|upkeep
|
|t:|1783783958
|switch|p2a: EXESS|Charizard, L50, M|100/100
|turn|5
|
|t:|1783783969
|move|p2a: EXESS|Protect|p2a: EXESS
|-singleturn|p2a: EXESS|Protect
|move|p1b: Venusaur|Protect|p1b: Venusaur
|-singleturn|p1b: Venusaur|Protect
|move|p1a: Whimsicott|Encore|p2b: Kokiri
|-start|p2b: Kokiri|Encore
|move|p2b: Kokiri|Moonblast|p1a: Whimsicott
|-damage|p1a: Whimsicott|0 fnt
|faint|p1a: Whimsicott
|
|-sideend|p2: exessvgc|move: Tailwind
|upkeep
|
|t:|1783783972
|switch|p1a: Tsareena|Tsareena, L50, F|53/100
|turn|6
|
|t:|1783783992
|move|p1a: Tsareena|Triple Axel|p2b: Kokiri
|-supereffective|p2b: Kokiri|1
|-damage|p2b: Kokiri|78/100
|-supereffective|p2b: Kokiri|1
|-crit|p2b: Kokiri
|-damage|p2b: Kokiri|12/100
|-supereffective|p2b: Kokiri|1
|-damage|p2b: Kokiri|0 fnt
|faint|p2b: Kokiri
|-hitcount|p2: Kokiri|3
|move|p2a: EXESS|Heat Wave|p1a: Tsareena|[spread] p1b
|-miss|p2a: EXESS|p1a: Tsareena
|-supereffective|p1b: Venusaur|1
|-damage|p1b: Venusaur|0 fnt
|faint|p1b: Venusaur
|
|upkeep
|turn|7
|
|t:|1783784006
|detailschange|p2a: EXESS|Charizard-Mega-Y, L50, M
|-mega|p2a: EXESS|Charizard|Charizardite Y
|-weather|SunnyDay|[from] ability: Drought|[of] p2a: EXESS
|move|p1a: Tsareena|Triple Axel|p2a: EXESS
|-damage|p2a: EXESS|93/100
|-crit|p2a: EXESS
|-damage|p2a: EXESS|71/100
|-damage|p2a: EXESS|52/100
|-hitcount|p2a: EXESS|3
|move|p2a: EXESS|Weather Ball|p1a: Tsareena
|-supereffective|p1a: Tsareena|1
|-crit|p1a: Tsareena
|-damage|p1a: Tsareena|0 fnt
|faint|p1a: Tsareena
|
|win|exessvgc
|inactive|GymGlofer has 30 seconds to confirm battle start!
|inactive|exessvgc has 30 seconds to confirm battle start!
||GymGlofer is ready for game 3.
||exessvgc is ready for game 3.
|uhtml|next|Next: Game 3 of 3
