|j|☆Manu2526mr
|j|☆teyvgc
|html|Manu2526mrteyvgc    
|uhtml|bestof|Game 2 of a best-of-3
|t:|1785885297
|gametype|doubles
|player|p1|Manu2526mr|volkner|1090
|player|p2|teyvgc|rood|1125
|gen|9
|tier|[Gen 9 Champions] VGC 2026 Reg M-B (Bo3)
|rated|
|rule|Species Clause: Limit one of each Pokémon
|rule|Item Clause: Limit 1 of each item
|clearpoke
|poke|p1|Garchomp, L50, F, shiny|
|poke|p1|Greninja, L50, F|
|poke|p1|Sneasler, L50, M|
|poke|p1|Archaludon, L50, F|
|poke|p1|Rotom-Heat, L50|
|poke|p1|Dragonite, L50, M|
|poke|p2|Staraptor, L50, M|
|poke|p2|Metagross, L50|
|poke|p2|Farigiraf, L50, F|
|poke|p2|Whimsicott, L50, F|
|poke|p2|Garchomp, L50, F|
|poke|p2|Ceruledge, L50, M|
|teampreview|4
|showteam|p1|Garchomp||LifeOrb|RoughSkin|DragonClaw,Earthquake,RockSlide,Protect|Jolly||F|||50|]Greninja||Greninjite|Protean|Protect,GunkShot,Liquidation,IcePunch|Jolly||F|||50|]Sneasler||FocusSash|Unburden|CloseCombat,DireClaw,FakeOut,RainDance|Adamant||M|||50|]Archaludon||Leftovers|Stamina|DragonPulse,ElectroShot,Protect,FlashCannon|Modest||F|||50|]Rotom-Heat||SitrusBerry|Levitate|WillOWisp,Thunderbolt,Protect,Overheat|Calm|||||50|]Dragonite||Dragoninite|Multiscale|DragonPulse,Protect,Hurricane,Tailwind|Modest||M|||50|
|showteam|p2|Staraptor||Staraptite|Intimidate|Protect,CloseCombat,BraveBird,Roost|Jolly||M|||50|]Metagross||Metagrossite|ClearBody|Protect,IronHead,PsychicFangs,StompingTantrum|Adamant|||||50|]Farigiraf||SitrusBerry|ArmorTail|HelpingHand,Psychic,Thunderbolt,TrickRoom|Calm||F|||50|]Whimsicott||FocusSash|Prankster|Moonblast,Tailwind,Charm,Encore|Timid||F|||50|]Garchomp||LifeOrb|RoughSkin|Protect,StompingTantrum,RockSlide,DragonClaw|Jolly||F|||50|]Ceruledge||ColburBerry|FlashFire|Protect,ShadowSneak,BulkUp,BitterBlade|Adamant||M|||50|
|
|t:|1785885342
|teamsize|p1|4
|teamsize|p2|4
|start
|switch|p1a: Rotom|Rotom-Heat, L50|100/100
|switch|p1b: Sneasler|Sneasler, L50, M|100/100
|switch|p2a: 747|Staraptor, L50, M|100/100
|switch|p2b: Trick Room Hater|Whimsicott, L50, F|100/100
|-ability|p2a: 747|Intimidate|boost
|-unboost|p1a: Rotom|atk|1
|-unboost|p1b: Sneasler|atk|1
|turn|1
|
|t:|1785885358
|detailschange|p2a: 747|Staraptor-Mega, L50, M
|-mega|p2a: 747|Staraptor|Staraptite
|move|p1b: Sneasler|Fake Out|p2b: Trick Room Hater
|-damage|p2b: Trick Room Hater|85/100
|cant|p2b: Trick Room Hater|flinch
|move|p2a: 747|Close Combat|p1a: Rotom
|-damage|p1a: Rotom|38/100
|-boost|p2a: 747|def|1
|-boost|p2a: 747|spd|1
|-enditem|p1a: Rotom|Sitrus Berry|[eat]
|-heal|p1a: Rotom|63/100|[from] item: Sitrus Berry
|move|p1a: Rotom|Will-O-Wisp|p2a: 747
|-status|p2a: 747|brn
|
|-damage|p2a: 747|93/100 brn|[from] brn
|upkeep
|turn|2
|
|t:|1785885381
|move|p2b: Trick Room Hater|Encore|p1a: Rotom
|-start|p1a: Rotom|Encore
|move|p2a: 747|Close Combat|p1a: Rotom
|-damage|p1a: Rotom|35/100
|-boost|p2a: 747|def|1
|-boost|p2a: 747|spd|1
|move|p1b: Sneasler|Dire Claw|p2b: Trick Room Hater
|-supereffective|p2b: Trick Room Hater|2
|-damage|p2b: Trick Room Hater|0 fnt
|faint|p2b: Trick Room Hater
|move|p1a: Rotom|Will-O-Wisp|p2a: 747
|-fail|p2a: 747|brn
|
|-damage|p2a: 747|87/100 brn|[from] brn
|upkeep
|
|t:|1785885391
|switch|p2b: SwagTastic|Ceruledge, L50, M|100/100
|turn|3
|
|t:|1785885406
|move|p2a: 747|Brave Bird|p1b: Sneasler
|-supereffective|p1b: Sneasler|1
|-damage|p1b: Sneasler|2/100
|-damage|p2a: 747|61/100 brn|[from] Recoil
|move|p1b: Sneasler|Rain Dance|p1b: Sneasler
|-weather|RainDance
|move|p2b: SwagTastic|Bulk Up|p2b: SwagTastic
|-boost|p2b: SwagTastic|atk|1
|-boost|p2b: SwagTastic|def|1
|move|p1a: Rotom|Will-O-Wisp|p2b: SwagTastic
|-start|p2b: SwagTastic|ability: Flash Fire
|
|-weather|RainDance|[upkeep]
|-damage|p2a: 747|55/100 brn|[from] brn
|upkeep
|turn|4
|
|t:|1785885424
|move|p2a: 747|Brave Bird|p1b: Sneasler
|-supereffective|p1b: Sneasler|1
|-damage|p1b: Sneasler|0 fnt
|faint|p1b: Sneasler
|-damage|p2a: 747|54/100 brn|[from] Recoil
|move|p2b: SwagTastic|Bulk Up|p2b: SwagTastic
|-boost|p2b: SwagTastic|atk|1
|-boost|p2b: SwagTastic|def|1
|move|p1a: Rotom|Will-O-Wisp|p2a: 747
|-fail|p2a: 747|brn
|
|-weather|RainDance|[upkeep]
|-damage|p2a: 747|48/100 brn|[from] brn
|-end|p1a: Rotom|Encore
|upkeep
|
|t:|1785885440
|switch|p1b: Archaludon|Archaludon, L50, F|100/100
|turn|5
|
|t:|1785885450
|move|p1b: Archaludon|Protect|p1b: Archaludon
|-singleturn|p1b: Archaludon|Protect
|move|p2b: SwagTastic|Shadow Sneak|p1a: Rotom
|-damage|p1a: Rotom|0 fnt
|faint|p1a: Rotom
|move|p2a: 747|Close Combat|p1b: Archaludon
|-activate|p1b: Archaludon|move: Protect
|
|-weather|RainDance|[upkeep]
|-damage|p2a: 747|42/100 brn|[from] brn
|upkeep
|
|t:|1785885458
|switch|p1a: Dragonite|Dragonite, L50, M|100/100
|turn|6
|
|t:|1785885479
|detailschange|p1a: Dragonite|Dragonite-Mega, L50, M
|-mega|p1a: Dragonite|Dragonite|Dragoninite
|move|p2b: SwagTastic|Protect|p2b: SwagTastic
|-singleturn|p2b: SwagTastic|Protect
|move|p2a: 747|Close Combat|p1b: Archaludon
|-supereffective|p1b: Archaludon|1
|-damage|p1b: Archaludon|57/100
|-boost|p2a: 747|def|1
|-boost|p2a: 747|spd|1
|-ability|p1b: Archaludon|Stamina|boost
|-boost|p1b: Archaludon|def|1
|move|p1a: Dragonite|Hurricane|p2a: 747
|-supereffective|p2a: 747|1
|-crit|p2a: 747
|-damage|p2a: 747|0 fnt
|faint|p2a: 747
|move|p1b: Archaludon|Electro Shot||[still]
|-prepare|p1b: Archaludon|Electro Shot
|-boost|p1b: Archaludon|spa|1
|-anim|p1b: Archaludon|Electro Shot|p2b: SwagTastic
|-activate|p2b: SwagTastic|move: Protect
|
|-weather|RainDance|[upkeep]
|-heal|p1b: Archaludon|63/100|[from] item: Leftovers
|upkeep
|
|t:|1785885491
|switch|p2a: No Hands|Garchomp, L50, F|100/100
|turn|7
|
|t:|1785885509
|move|p2b: SwagTastic|Shadow Sneak|p1a: Dragonite
|-damage|p1a: Dragonite|82/100
|move|p2a: No Hands|Dragon Claw|p1a: Dragonite
|-supereffective|p1a: Dragonite|1
|-damage|p1a: Dragonite|0 fnt
|faint|p1a: Dragonite
|-damage|p2a: No Hands|90/100|[from] item: Life Orb
|move|p1b: Archaludon|Electro Shot||[still]
|-prepare|p1b: Archaludon|Electro Shot
|-boost|p1b: Archaludon|spa|1
|-anim|p1b: Archaludon|Electro Shot|p2b: SwagTastic
|-damage|p2b: SwagTastic|18/100
|
|-weather|none
|-heal|p1b: Archaludon|69/100|[from] item: Leftovers
|upkeep
|turn|8
|
|t:|1785885532
|move|p2a: No Hands|Stomping Tantrum|p1b: Archaludon
|-supereffective|p1b: Archaludon|1
|-damage|p1b: Archaludon|21/100
|-ability|p1b: Archaludon|Stamina|boost
|-boost|p1b: Archaludon|def|1
|-damage|p2a: No Hands|80/100|[from] item: Life Orb
|move|p2b: SwagTastic|Bitter Blade|p1b: Archaludon
|-damage|p1b: Archaludon|0 fnt
|-heal|p2b: SwagTastic|30/100|[from] drain|[of] p1b: Archaludon
|faint|p1b: Archaludon
|
|win|teyvgc
|raw|Manu2526mr's rating: 1090 → 1069(-21 for losing)
|raw|teyvgc's rating: 1125 → 1147(+22 for winning)
