|j|☆Beeetch
|j|☆Rantix D Red
|html|BeeetchRantix D Red    
|uhtml|bestof|Game 1 of a best-of-3
|t:|1756860383
|gametype|doubles
|player|p1|Beeetch|beauty-gen4dp|1231
|player|p2|Rantix D Red|n|1187
|gen|9
|tier|[Gen 9] VGC 2025 Reg H (Bo3)
|rated|
|rule|Species Clause: Limit one of each Pokémon
|rule|Item Clause: Limit 1 of each item
|clearpoke
|poke|p1|Excadrill, L50, F|
|poke|p1|Tyranitar, L50, M|
|poke|p1|Sneasler, L50, M|
|poke|p1|Indeedee, L50, M|
|poke|p1|Corviknight, L50, M|
|poke|p1|Annihilape, L50, M|
|poke|p2|Tyranitar, L50, M|
|poke|p2|Excadrill, L50, F|
|poke|p2|Corviknight, L50, M|
|poke|p2|Gyarados, L50, F|
|poke|p2|Sinistcha-Masterpiece, L50|
|poke|p2|Indeedee, L50, M|
|teampreview|4
|showteam|p1|Excadrill||FocusSash|SandRush|IronHead,HighHorsepower,Earthquake,Protect|||F|||50|,,,,,Stellar]Tyranitar||AssaultVest|SandStream|RockSlide,KnockOff,TeraBlast,LowKick|||M|||50|,,,,,Flying]Sneasler||PsychicSeed|Unburden|DireClaw,CloseCombat,ThroatChop,Protect|||M|||50|,,,,,Dark]Indeedee||ChoiceScarf|PsychicSurge|ExpandingForce,TeraBlast,Protect,Trick|||M|||50|,,,,,Psychic]Corviknight||Leftovers|MirrorArmor|BraveBird,BulkUp,Roost,Tailwind|||M|||50|,,,,,Dragon]Annihilape||SafetyGoggles|Defiant|CloseCombat,FinalGambit,RageFist,Taunt|||M|||50|,,,,,Water
|showteam|p2|Tyranitar||AssaultVest|SandStream|TeraBlast,RockSlide,KnockOff,LowKick|||M|||50|,,,,,Flying]Excadrill||ChoiceBand|SandRush|Earthquake,StompingTantrum,IronHead,RockSlide|||F|||50|,,,,,Ghost]Corviknight||PsychicSeed|MirrorArmor|PowerTrip,BraveBird,Roost,BulkUp|||M|||50|,,,,,Water]Gyarados||ClearAmulet|Intimidate|Waterfall,Protect,DragonDance,TeraBlast|||F|||50|,,,,,Fairy]Sinistcha-Masterpiece||SitrusBerry|Hospitality|RagePowder,LifeDew,MatchaGotcha,TrickRoom||||||50|,,,,,Flying]Indeedee||ChoiceScarf|PsychicSurge|ExpandingForce,Psychic,Trick,TeraBlast|||M|||50|,,,,,Ground
|inactive|Battle timer is ON: inactive players will automatically lose when time's up. (requested by Rantix D Red)
|inactive|Rantix D Red has 60 seconds left.
|
|t:|1756860450
|teamsize|p1|4
|teamsize|p2|4
|start
|switch|p1a: Annihilape|Annihilape, L50, M|100/100
|switch|p1b: Sneasler|Sneasler, L50, M, shiny|100/100
|switch|p2a: Corviknight|Corviknight, L50, M|100/100
|switch|p2b: Indeedee|Indeedee, L50, M|100/100
|-fieldstart|move: Psychic Terrain|[from] ability: Psychic Surge|[of] p2b: Indeedee
|-enditem|p1b: Sneasler|Psychic Seed
|-boost|p1b: Sneasler|spd|1|[from] item: Psychic Seed
|-enditem|p2a: Corviknight|Psychic Seed
|-boost|p2a: Corviknight|spd|1|[from] item: Psychic Seed
|turn|1
|inactive|Beeetch has 30 seconds left.
|inactive|Rantix D Red has 30 seconds left.
|inactive|Beeetch has 20 seconds left.
|inactive|Rantix D Red has 20 seconds left.
|inactive|Beeetch has 15 seconds left.
|inactive|Rantix D Red has 15 seconds left.
|inactive|Beeetch has 10 seconds left.
|inactive|Rantix D Red has 10 seconds left.
|inactive|Rantix D Red has 5 seconds left.
|
|t:|1756860500
|switch|p1a: Tyranitar|Tyranitar, L50, M, shiny|100/100
|-weather|Sandstorm|[from] ability: Sand Stream|[of] p1a: Tyranitar
|-terastallize|p1b: Sneasler|Dark
|move|p1b: Sneasler|Throat Chop|p2b: Indeedee
|-supereffective|p2b: Indeedee
|-damage|p2b: Indeedee|0 fnt
|faint|p2b: Indeedee
|move|p2a: Corviknight|Bulk Up|p2a: Corviknight
|-boost|p2a: Corviknight|atk|1
|-boost|p2a: Corviknight|def|1
|
|-weather|Sandstorm|[upkeep]
|-damage|p1b: Sneasler|94/100|[from] Sandstorm
|upkeep
|inactive|Rantix D Red has 30 seconds left.
|
|t:|1756860527
|switch|p2b: Excadrill|Excadrill, L50, F|100/100
|turn|2
|
|t:|1756860552
|switch|p2b: Sinistcha|Sinistcha-Masterpiece, L50|100/100
|move|p1b: Sneasler|Close Combat|p2b: Sinistcha
|-immune|p2b: Sinistcha
|move|p1a: Tyranitar|Rock Slide|p2b: Sinistcha|[spread] p2a,p2b
|-damage|p2a: Corviknight|85/100
|-damage|p2b: Sinistcha|70/100
|move|p2a: Corviknight|Brave Bird|p1b: Sneasler
|-damage|p1b: Sneasler|0 fnt
|faint|p1b: Sneasler
|-damage|p2a: Corviknight|60/100|[from] Recoil
|
|-weather|Sandstorm|[upkeep]
|-damage|p2b: Sinistcha|64/100|[from] Sandstorm
|upkeep
|
|t:|1756860560
|switch|p1b: Indeedee|Indeedee, L50, M, shiny|100/100
|turn|3
|
|t:|1756860584
|switch|p2b: Excadrill|Excadrill, L50, F|100/100
|move|p1b: Indeedee|Expanding Force|p2a: Corviknight|[spread] p2a,p2b
|-resisted|p2a: Corviknight
|-resisted|p2b: Excadrill
|-damage|p2a: Corviknight|44/100
|-damage|p2b: Excadrill|63/100
|move|p1a: Tyranitar|Low Kick|p2a: Corviknight
|-damage|p2a: Corviknight|26/100
|move|p2a: Corviknight|Roost|p2a: Corviknight
|-heal|p2a: Corviknight|77/100
|-singleturn|p2a: Corviknight|move: Roost
|
|-weather|Sandstorm|[upkeep]
|-damage|p1b: Indeedee|95/100|[from] Sandstorm
|upkeep
|turn|4
|
|t:|1756860608
|move|p2b: Excadrill|Earthquake|p1a: Tyranitar|[spread] p1a,p1b
|-immune|p2a: Corviknight
|-supereffective|p1a: Tyranitar
|-damage|p1a: Tyranitar|0 fnt
|-damage|p1b: Indeedee|0 fnt
|faint|p1a: Tyranitar
|faint|p1b: Indeedee
|move|p2a: Corviknight|Power Trip|p1: Tyranitar|[notarget]
|-fail|p2a: Corviknight
|
|-weather|Sandstorm|[upkeep]
|upkeep
|
|t:|1756860614
|switch|p1b: Annihilape|Annihilape, L50, M|100/100
|turn|5
|
|t:|1756860623
|move|p2b: Excadrill|Earthquake|p1b: Annihilape|[spread] p1b
|-immune|p2a: Corviknight
|-damage|p1b: Annihilape|35/100
|move|p1b: Annihilape|Close Combat|p2b: Excadrill
|-supereffective|p2b: Excadrill
|-crit|p2b: Excadrill
|-damage|p2b: Excadrill|0 fnt
|-unboost|p1b: Annihilape|def|1
|-unboost|p1b: Annihilape|spd|1
|faint|p2b: Excadrill
|move|p2a: Corviknight|Brave Bird|p1b: Annihilape
|-supereffective|p1b: Annihilape
|-damage|p1b: Annihilape|0 fnt
|faint|p1b: Annihilape
|-damage|p2a: Corviknight|65/100|[from] Recoil
|
|win|Rantix D Red
