|j|☆myshirtisdirty
|j|☆TeyOnTheRox
|html|myshirtisdirtyTeyOnTheRox    
|uhtml|bestof|Game 2 of a best-of-3
|t:|1757912273
|gametype|doubles
|player|p1|myshirtisdirty|1|1176
|player|p2|TeyOnTheRox|benga|1373
|gen|9
|tier|[Gen 9] VGC 2025 Reg H (Bo3)
|rated|
|rule|Species Clause: Limit one of each Pokémon
|rule|Item Clause: Limit 1 of each item
|clearpoke
|poke|p1|Indeedee-F, L50, F|
|poke|p1|Gallade, L50, M|
|poke|p1|Ursaluna, L50, M|
|poke|p1|Torkoal, L50, F|
|poke|p1|Hatterene, L50, F|
|poke|p1|Lilligant-Hisui, L50, F|
|poke|p2|Tyranitar, L50, F|
|poke|p2|Excadrill, L50, F|
|poke|p2|Sneasler, L50, F|
|poke|p2|Indeedee, L50, M|
|poke|p2|Corviknight, L50, F|
|poke|p2|Annihilape, L50, M|
|teampreview|4
|showteam|p1|Indeedee-F||SafetyGoggles|PsychicSurge|DazzlingGleam,HelpingHand,TrickRoom,FollowMe|||F|||50|,,,,,Fairy]Gallade||ClearAmulet|Sharpness|PsychoCut,SacredSword,TrickRoom,WideGuard|||M|||50|,,,,,Steel]Ursaluna||FlameOrb|Guts|Facade,Earthquake,HeadlongRush,Protect|||M|||50|,,,,,Ghost]Torkoal||ChoiceSpecs|Drought|WeatherBall,HeatWave,Eruption,EarthPower|||F|||50|,,,,,Grass]Hatterene||LifeOrb|MagicBounce|ExpandingForce,DazzlingGleam,MysticalFire,TrickRoom|||F|||50|,,,,,Water]Lilligant-Hisui||FocusSash|Chlorophyll|SleepPowder,AfterYou,CloseCombat,SolarBlade|||F|||50|,,,,,Ghost
|showteam|p2|Tyranitar||AssaultVest|SandStream|RockSlide,KnockOff,TeraBlast,LowKick|||F|||50|,,,,,Flying]Excadrill||FocusSash|SandRush|IronHead,HighHorsepower,Earthquake,Protect|||F|||50|,,,,,Stellar]Sneasler||PsychicSeed|Unburden|DireClaw,CloseCombat,ThroatChop,Protect|||F|||50|,,,,,Dark]Indeedee||ChoiceScarf|PsychicSurge|ExpandingForce,TeraBlast,Protect,Trick|||M|||50|,,,,,Psychic]Corviknight||Leftovers|MirrorArmor|BraveBird,BulkUp,Roost,Tailwind|||F|||50|,,,,,Dragon]Annihilape||SafetyGoggles|Defiant|CloseCombat,FinalGambit,RageFist,Taunt|||M|||50|,,,,,Water
|
|t:|1757912317
|teamsize|p1|4
|teamsize|p2|4
|start
|switch|p1a: Indeedee|Indeedee-F, L50, F|100/100
|switch|p1b: Gallade|Gallade, L50, M, shiny|100/100
|switch|p2a: Doc Hudson|Tyranitar, L50, F, shiny|100/100
|switch|p2b: Filmore|Indeedee, L50, M, shiny|100/100
|-fieldstart|move: Psychic Terrain|[from] ability: Psychic Surge|[of] p2b: Filmore
|-weather|Sandstorm|[from] ability: Sand Stream|[of] p2a: Doc Hudson
|turn|1
|
|t:|1757912350
|-terastallize|p2b: Filmore|Psychic
|-terastallize|p1b: Gallade|Steel
|move|p1a: Indeedee|Follow Me|p1a: Indeedee
|-singleturn|p1a: Indeedee|move: Follow Me
|move|p2b: Filmore|Expanding Force|p1b: Gallade|[spread] p1a,p1b
|-resisted|p1a: Indeedee
|-resisted|p1b: Gallade
|-damage|p1a: Indeedee|62/100
|-damage|p1b: Gallade|64/100
|move|p2a: Doc Hudson|Low Kick|p1a: Indeedee
|-damage|p1a: Indeedee|39/100
|move|p1b: Gallade|Trick Room|p1b: Gallade
|-fieldstart|move: Trick Room|[of] p1b: Gallade
|
|-weather|Sandstorm|[upkeep]
|-damage|p2b: Filmore|95/100|[from] Sandstorm
|upkeep
|turn|2
|
|t:|1757912380
|switch|p1a: Ursaluna|Ursaluna, L50, M|100/100
|switch|p2a: Mack|Corviknight, L50, F|100/100
|move|p1b: Gallade|Wide Guard|p1b: Gallade
|-singleturn|p1b: Gallade|Wide Guard
|move|p2b: Filmore|Expanding Force|p1a: Ursaluna|[spread] 
|-activate|p1a: Ursaluna|move: Wide Guard
|-activate|p1b: Gallade|move: Wide Guard
|
|-weather|Sandstorm|[upkeep]
|-damage|p2b: Filmore|89/100|[from] Sandstorm
|-status|p1a: Ursaluna|brn|[from] item: Flame Orb
|upkeep
|turn|3
|
|t:|1757912406
|move|p1a: Ursaluna|Facade|p2b: Filmore
|-damage|p2b: Filmore|0 fnt
|faint|p2b: Filmore
|move|p1b: Gallade|Sacred Sword|p2a: Mack
|-damage|p2a: Mack|43/100
|move|p2a: Mack|Bulk Up|p2a: Mack
|-boost|p2a: Mack|atk|1
|-boost|p2a: Mack|def|1
|
|-weather|Sandstorm|[upkeep]
|-heal|p2a: Mack|49/100|[from] item: Leftovers
|-damage|p1a: Ursaluna|95/100 brn|[from] brn
|upkeep
|
|t:|1757912412
|switch|p2b: Tow Mater|Excadrill, L50, F|100/100
|turn|4
|
|t:|1757912433
|move|p2b: Tow Mater|Protect|p2b: Tow Mater
|-singleturn|p2b: Tow Mater|Protect
|move|p1a: Ursaluna|Headlong Rush|p2b: Tow Mater
|-activate|p2b: Tow Mater|move: Protect
|move|p1b: Gallade|Sacred Sword|p2a: Mack
|-damage|p2a: Mack|0 fnt
|faint|p2a: Mack
|
|-weather|Sandstorm|[upkeep]
|-damage|p1a: Ursaluna|89/100 brn|[from] brn
|upkeep
|
|t:|1757912444
|switch|p2a: Doc Hudson|Tyranitar, L50, F, shiny|100/100
|turn|5
|-message|TeyOnTheRox forfeited.
|
|win|myshirtisdirty
|raw|myshirtisdirty's rating: 1176 → 1214(+38 for winning)
|raw|TeyOnTheRox's rating: 1373 → 1343(-30 for losing)
|l|☆TeyOnTheRox
|player|p2|
