|j|☆BenjiRNG
|j|☆Federaci
|html|BenjiRNGFederaci    
|uhtml|bestof|Game 1 of a best-of-3
|t:|1782184006
|gametype|doubles
|player|p1|BenjiRNG|169|1046
|player|p2|Federaci|102|1032
|gen|9
|tier|[Gen 9 Champions] VGC 2026 Reg M-B (Bo3)
|rated|
|rule|Species Clause: Limit one of each Pokémon
|rule|Item Clause: Limit 1 of each item
|clearpoke
|poke|p1|Raichu, L50, M|
|poke|p1|Gholdengo, L50|
|poke|p1|Basculegion, L50, M|
|poke|p1|Whimsicott, L50, M|
|poke|p1|Scrafty, L50, F|
|poke|p1|Arcanine-Hisui, L50, F|
|poke|p2|Swampert, L50, M|
|poke|p2|Archaludon, L50, M|
|poke|p2|Sableye, L50, F|
|poke|p2|Palafin, L50, M|
|poke|p2|Kangaskhan, L50, F|
|poke|p2|Garchomp, L50, M|
|teampreview|4
|showteam|p1|Raichu||RaichuniteY|LightningRod|FakeOut,ZapCannon,FocusBlast,Protect|Modest||M|||50|]Gholdengo||LifeOrb|GoodasGold|MakeItRain,ShadowBall,NastyPlot,Protect|Modest|||||50|]Basculegion||MysticWater|Adaptability|WaveCrash,LastRespects,AquaJet,Protect|Adamant||M|||50|]Whimsicott||FocusSash|Prankster|Moonblast,Encore,Tailwind,Protect|Timid||M|||50|]Scrafty||Scraftinite|Intimidate|FakeOut,CloseCombat,KnockOff,Taunt|Adamant||F|||50|]Arcanine-Hisui||ChoiceScarf|Intimidate|FlareBlitz,HeadSmash,ExtremeSpeed,RockSlide|Adamant||F|||50|
|showteam|p2|Swampert||Swampertite|Torrent|WaveCrash,HighHorsepower,Protect,PoisonJab|Adamant||M|||50|]Archaludon||SitrusBerry|Stamina|ElectroShot,DracoMeteor,FlashCannon,Protect|Calm||M|||50|]Sableye||RoseliBerry|Prankster|FakeOut,RainDance,FoulPlay,WonderRoom|Calm||F|||50|]Palafin||ChoiceScarf|ZerotoHero|FlipTurn,WaveCrash,DrainPunch,Encore|Jolly||M|||50|]Kangaskhan||Kangaskhanite|InnerFocus|FakeOut,IcePunch,DrainPunch,SuckerPunch|Adamant||F|||50|]Garchomp||LifeOrb|RoughSkin|RockSlide,DragonClaw,StompingTantrum,Protect|Jolly||M|||50|
|
|t:|1782184079
|teamsize|p1|4
|teamsize|p2|4
|start
|switch|p1a: Whimsicott|Whimsicott, L50, M|100/100
|switch|p1b: Gholdengo|Gholdengo, L50|100/100
|switch|p2a: Sableye|Sableye, L50, F|100/100
|switch|p2b: Garchomp|Garchomp, L50, M|100/100
|turn|1
|
|t:|1782184092
|move|p1b: Gholdengo|Protect|p1b: Gholdengo
|-singleturn|p1b: Gholdengo|Protect
|move|p2a: Sableye|Fake Out|p1a: Whimsicott
|-damage|p1a: Whimsicott|88/100
|cant|p1a: Whimsicott|flinch
|move|p2b: Garchomp|Stomping Tantrum|p1b: Gholdengo
|-activate|p1b: Gholdengo|move: Protect
|
|upkeep
|turn|2
|
|t:|1782184127
|switch|p1b: Basculegion|Basculegion, L50, M|100/100
|move|p1a: Whimsicott|Moonblast|p2b: Garchomp
|-supereffective|p2b: Garchomp|1
|-damage|p2b: Garchomp|25/100
|move|p2b: Garchomp|Stomping Tantrum|p1b: Basculegion
|-damage|p1b: Basculegion|45/100
|-damage|p2b: Garchomp|15/100|[from] item: Life Orb
|move|p2a: Sableye|Foul Play|p1a: Whimsicott
|-resisted|p1a: Whimsicott|1
|-damage|p1a: Whimsicott|74/100
|
|upkeep
|turn|3
|
|t:|1782184157
|move|p2b: Garchomp|Protect|p2b: Garchomp
|-singleturn|p2b: Garchomp|Protect
|move|p1a: Whimsicott|Moonblast|p2b: Garchomp
|-activate|p2b: Garchomp|move: Protect
|move|p1b: Basculegion|Wave Crash|p2a: Sableye
|-damage|p2a: Sableye|0 fnt
|faint|p2a: Sableye
|-damage|p1b: Basculegion|20/100y|[from] Recoil
|
|upkeep
|
|t:|1782184168
|switch|p2a: Archaludon|Archaludon, L50, M|100/100
|turn|4
|
|t:|1782184193
|switch|p1b: Gholdengo|Gholdengo, L50|100/100
|move|p1a: Whimsicott|Encore|p2b: Garchomp
|-start|p2b: Garchomp|Encore
|move|p2b: Garchomp|Protect||[still]
|-fail|p2b: Garchomp
|move|p2a: Archaludon|Flash Cannon|p1a: Whimsicott
|-supereffective|p1a: Whimsicott|1
|-damage|p1a: Whimsicott|0 fnt
|faint|p1a: Whimsicott
|
|upkeep
|
|t:|1782184204
|switch|p1a: Raichu|Raichu, L50, M|100/100
|turn|5
|
|t:|1782184222
|switch|p2b: Swampert|Swampert, L50, M|100/100
|detailschange|p1a: Raichu|Raichu-Mega-Y, L50, M
|-mega|p1a: Raichu|Raichu|Raichunite Y
|move|p1a: Raichu|Focus Blast|p2a: Archaludon
|-supereffective|p2a: Archaludon|1
|-damage|p2a: Archaludon|12/100
|-ability|p2a: Archaludon|Stamina|boost
|-boost|p2a: Archaludon|def|1
|-enditem|p2a: Archaludon|Sitrus Berry|[eat]
|-heal|p2a: Archaludon|37/100|[from] item: Sitrus Berry
|move|p1b: Gholdengo|Nasty Plot|p1b: Gholdengo
|-boost|p1b: Gholdengo|spa|2
|move|p2a: Archaludon|Draco Meteor|p1a: Raichu
|-damage|p1a: Raichu|18/100
|-unboost|p2a: Archaludon|spa|2
|
|upkeep
|turn|6
|
|t:|1782184271
|detailschange|p2b: Swampert|Swampert-Mega, L50, M
|-mega|p2b: Swampert|Swampert|Swampertite
|move|p2a: Archaludon|Protect|p2a: Archaludon
|-singleturn|p2a: Archaludon|Protect
|move|p1a: Raichu|Focus Blast|p2b: Swampert
|-damage|p2b: Swampert|58/100
|move|p1b: Gholdengo|Shadow Ball|p2b: Swampert
|-damage|p2b: Swampert|0 fnt
|faint|p2b: Swampert
|-damage|p1b: Gholdengo|90/100|[from] item: Life Orb
|
|upkeep
|
|t:|1782184281
|switch|p2b: Garchomp|Garchomp, L50, M|15/100
|turn|7
|
|t:|1782184300
|move|p2b: Garchomp|Protect|p2b: Garchomp
|-singleturn|p2b: Garchomp|Protect
|move|p1a: Raichu|Focus Blast|p2b: Garchomp
|-activate|p2b: Garchomp|move: Protect
|move|p1b: Gholdengo|Shadow Ball|p2a: Archaludon
|-damage|p2a: Archaludon|0 fnt
|faint|p2a: Archaludon
|-damage|p1b: Gholdengo|80/100|[from] item: Life Orb
|
|upkeep
|turn|8
|
|t:|1782184313
|move|p1a: Raichu|Focus Blast|p2b: Garchomp
|-damage|p2b: Garchomp|0 fnt
|faint|p2b: Garchomp
|
|win|BenjiRNG
|c|☆Federaci|damn gg
||BenjiRNG is ready for game 2.
||Federaci is ready for game 2.
|uhtml|next|Next: Game 2 of 3
|l|☆Federaci
|player|p2|
