|j|☆imatgym
|j|☆WASHINGTONGARGACHA
|html|imatgymWASHINGTONGARGACHA    
|uhtml|bestof|Game 1 of a best-of-3
|t:|1757769963
|gametype|doubles
|player|p1|imatgym|265|1000
|player|p2|WASHINGTONGARGACHA|101|1117
|gen|9
|tier|[Gen 9] VGC 2025 Reg H (Bo3)
|rated|
|rule|Species Clause: Limit one of each Pokémon
|rule|Item Clause: Limit 1 of each item
|clearpoke
|poke|p1|Ursaluna, L50, M|
|poke|p1|Incineroar, L50, F|
|poke|p1|Gholdengo, L50|
|poke|p1|Amoonguss, L50, M|
|poke|p1|Porygon2, L50|
|poke|p1|Hydreigon, L50, M|
|poke|p2|Talonflame, L50, M|
|poke|p2|Gholdengo, L50|
|poke|p2|Dragonite, L50, F|
|poke|p2|Archaludon, L50, F|
|poke|p2|Tyranitar, L50, M|
|poke|p2|Garchomp, L50, F|
|teampreview|4
|showteam|p1|Ursaluna||FlameOrb|Guts|Protect,Facade,HeadlongRush,Earthquake|||M|||50|,,,,,Ghost]Incineroar||SitrusBerry|Intimidate|KnockOff,FlareBlitz,PartingShot,FakeOut|||F|||50|,,,,,Ghost]Gholdengo||LifeOrb|GoodasGold|MakeItRain,ShadowBall,NastyPlot,Protect||||||50|,,,,,Water]Amoonguss||RockyHelmet|Regenerator|Spore,PollenPuff,Protect,RagePowder|||M|||50|,,,,,Fairy]Porygon2||Eviolite|Download|TeraBlast,IceBeam,Recover,TrickRoom||||||50|,,,,,Fighting]Hydreigon||SafetyGoggles|Levitate|DracoMeteor,Snarl,Tailwind,Protect|||M|||50|,,,,,Ghost
|showteam|p2|Talonflame||CovertCloak|GaleWings|Tailwind,DualWingbeat,Taunt,FlareBlitz|||M|||50|,,,,,Stellar]Gholdengo||LifeOrb|GoodasGold|MakeItRain,NastyPlot,ShadowBall,Protect||||||50|,,,,,Steel]Dragonite||LoadedDice|Multiscale|ScaleShot,IceSpinner,Haze,Protect|||F|||50|,,,,,Steel]Archaludon||PowerHerb|Sturdy|FlashCannon,ElectroShot,DracoMeteor,Protect|||F|||50|,,,,,Flying]Tyranitar||AssaultVest|SandStream|KnockOff,RockSlide,TeraBlast,LowKick|||M|||50|,,,,,Flying]Garchomp||ClearAmulet|RoughSkin|DragonClaw,StompingTantrum,Earthquake,Protect|||F|||50|,,,,,Steel
|
|t:|1757770014
|teamsize|p1|4
|teamsize|p2|4
|start
|switch|p1a: Porygon2|Porygon2, L50, shiny|100/100
|switch|p1b: Incineroar|Incineroar, L50, F|100/100
|switch|p2a: Tyranitar|Tyranitar, L50, M|100/100
|switch|p2b: Talonflame|Talonflame, L50, M|100/100
|-ability|p1b: Incineroar|Intimidate|boost
|-unboost|p2a: Tyranitar|atk|1
|-unboost|p2b: Talonflame|atk|1
|-weather|Sandstorm|[from] ability: Sand Stream|[of] p2a: Tyranitar
|-ability|p1a: Porygon2|Download|boost
|-boost|p1a: Porygon2|spa|1
|turn|1
|
|t:|1757770031
|-terastallize|p1a: Porygon2|Fighting
|move|p1b: Incineroar|Fake Out|p2a: Tyranitar
|-resisted|p2a: Tyranitar
|-damage|p2a: Tyranitar|95/100
|move|p2b: Talonflame|Taunt|p1a: Porygon2
|-start|p1a: Porygon2|move: Taunt
|cant|p2a: Tyranitar|flinch
|move|p1a: Porygon2|Tera Blast|p2a: Tyranitar|[anim] Tera Blast Fighting
|-supereffective|p2a: Tyranitar
|-damage|p2a: Tyranitar|20/100
|
|-weather|Sandstorm|[upkeep]
|-damage|p2b: Talonflame|95/100|[from] Sandstorm
|-damage|p1b: Incineroar|95/100|[from] Sandstorm
|-damage|p1a: Porygon2|94/100|[from] Sandstorm
|upkeep
|turn|2
|
|t:|1757770060
|move|p2b: Talonflame|Tailwind|p2b: Talonflame
|-sidestart|p2: WASHINGTONGARGACHA|move: Tailwind
|move|p2a: Tyranitar|Knock Off|p1a: Porygon2
|-resisted|p1a: Porygon2
|-damage|p1a: Porygon2|83/100
|-enditem|p1a: Porygon2|Eviolite|[from] move: Knock Off|[of] p2a: Tyranitar
|move|p1b: Incineroar|Parting Shot|p2b: Talonflame
|-unboost|p2b: Talonflame|atk|1
|-unboost|p2b: Talonflame|spa|1
|
|t:|1757770069
|switch|p1b: Ursaluna|Ursaluna, L50, M|100/100|[from] Parting Shot
|move|p1a: Porygon2|Ice Beam|p2b: Talonflame
|-damage|p2b: Talonflame|48/100
|
|-weather|Sandstorm|[upkeep]
|-damage|p2b: Talonflame|42/100|[from] Sandstorm
|-damage|p1a: Porygon2|77/100|[from] Sandstorm
|-status|p1b: Ursaluna|brn|[from] item: Flame Orb
|upkeep
|turn|3
|
|t:|1757770093
|switch|p2a: Garchomp|Garchomp, L50, F|100/100
|move|p1b: Ursaluna|Protect|p1b: Ursaluna
|-singleturn|p1b: Ursaluna|Protect
|move|p2b: Talonflame|Dual Wingbeat|p1b: Ursaluna
|-activate|p1b: Ursaluna|move: Protect
|move|p1a: Porygon2|Tera Blast|p2a: Garchomp|[anim] Tera Blast Fighting
|-damage|p2a: Garchomp|48/100
|
|-weather|Sandstorm|[upkeep]
|-damage|p2b: Talonflame|37/100|[from] Sandstorm
|-damage|p1a: Porygon2|71/100|[from] Sandstorm
|-damage|p1b: Ursaluna|95/100 brn|[from] brn
|-end|p1a: Porygon2|move: Taunt
|upkeep
|turn|4
|
|t:|1757770117
|move|p2b: Talonflame|Taunt|p1a: Porygon2
|-start|p1a: Porygon2|move: Taunt
|move|p2a: Garchomp|Earthquake|p1a: Porygon2|[spread] p1a,p1b
|-immune|p2b: Talonflame
|-damage|p1a: Porygon2|33/100
|-damage|p1b: Ursaluna|63/100 brn
|move|p1b: Ursaluna|Facade|p2a: Garchomp
|-damage|p2a: Garchomp|0 fnt
|-damage|p1b: Ursaluna|51/100 brn|[from] ability: Rough Skin|[of] p2a: Garchomp
|faint|p2a: Garchomp
|move|p1a: Porygon2|Ice Beam|p2b: Talonflame
|-damage|p2b: Talonflame|0 fnt
|faint|p2b: Talonflame
|
|-weather|Sandstorm|[upkeep]
|-damage|p1a: Porygon2|27/100|[from] Sandstorm
|-damage|p1b: Ursaluna|45/100 brn|[from] brn
|upkeep
|
|t:|1757770134
|switch|p2b: Gholdengo|Gholdengo, L50|100/100
|switch|p2a: Tyranitar|Tyranitar, L50, M|20/100
|turn|5
|
|t:|1757770146
|switch|p1a: Incineroar|Incineroar, L50, F|95/100
|-ability|p1a: Incineroar|Intimidate|boost
|-unboost|p2a: Tyranitar|atk|1
|-unboost|p2b: Gholdengo|atk|1
|move|p1b: Ursaluna|Protect|p1b: Ursaluna
|-singleturn|p1b: Ursaluna|Protect
|move|p2b: Gholdengo|Make It Rain|p1b: Ursaluna|[spread] p1a
|-activate|p1b: Ursaluna|move: Protect
|-resisted|p1a: Incineroar
|-damage|p1a: Incineroar|63/100
|-unboost|p2b: Gholdengo|spa|1
|-damage|p2b: Gholdengo|91/100|[from] item: Life Orb
|move|p2a: Tyranitar|Low Kick|p1b: Ursaluna
|-activate|p1b: Ursaluna|move: Protect
|
|-weather|none
|-damage|p1b: Ursaluna|39/100 brn|[from] brn
|-sideend|p2: WASHINGTONGARGACHA|move: Tailwind
|upkeep
|turn|6
|
|t:|1757770173
|switch|p1b: Amoonguss|Amoonguss, L50, M|100/100
|-terastallize|p2b: Gholdengo|Steel
|move|p2b: Gholdengo|Make It Rain|p1a: Incineroar|[spread] p1a,p1b
|-resisted|p1a: Incineroar
|-crit|p1b: Amoonguss
|-damage|p1a: Incineroar|35/100
|-damage|p1b: Amoonguss|0 fnt
|-unboost|p2b: Gholdengo|spa|1
|-enditem|p1a: Incineroar|Sitrus Berry|[eat]
|-heal|p1a: Incineroar|59/100|[from] item: Sitrus Berry
|faint|p1b: Amoonguss
|-damage|p2b: Gholdengo|81/100|[from] item: Life Orb
|move|p2a: Tyranitar|Low Kick|p1a: Incineroar
|-supereffective|p1a: Incineroar
|-damage|p1a: Incineroar|20/100
|move|p1a: Incineroar|Flare Blitz|p2b: Gholdengo
|-supereffective|p2b: Gholdengo
|-damage|p2b: Gholdengo|0 fnt
|faint|p2b: Gholdengo
|-damage|p1a: Incineroar|0 fnt|[from] Recoil
|faint|p1a: Incineroar
|
|upkeep
|
|t:|1757770195
|switch|p1a: Porygon2|Porygon2, L50, shiny, tera:Fighting|27/100
|switch|p1b: Ursaluna|Ursaluna, L50, M|39/100 brn
|-ability|p1a: Porygon2|Download|boost
|-boost|p1a: Porygon2|spa|1
|turn|7
|
|t:|1757770204
|move|p2a: Tyranitar|Rock Slide|p1a: Porygon2|[spread] p1a,p1b
|-resisted|p1a: Porygon2
|-resisted|p1b: Ursaluna
|-damage|p1a: Porygon2|18/100
|-damage|p1b: Ursaluna|31/100 brn
|move|p1b: Ursaluna|Headlong Rush|p2a: Tyranitar
|-supereffective|p2a: Tyranitar
|-damage|p2a: Tyranitar|0 fnt
|-unboost|p1b: Ursaluna|def|1
|-unboost|p1b: Ursaluna|spd|1
|faint|p2a: Tyranitar
|
|win|imatgym
