|j|☆SacredZzz
|j|☆x-demon18
|html|SacredZzzx-demon18    
|uhtml|bestof|Game 1 of a best-of-3
|t:|1784054865
|gametype|doubles
|player|p1|SacredZzz|cynthia-gen4|1090
|player|p2|x-demon18|lucas|1123
|gen|9
|tier|[Gen 9 Champions] VGC 2026 Reg M-B (Bo3)
|rated|
|rule|Species Clause: Limit one of each Pokémon
|rule|Item Clause: Limit 1 of each item
|clearpoke
|poke|p1|Raichu, L50, M|
|poke|p1|Whimsicott, L50, F|
|poke|p1|Hydreigon, L50, M|
|poke|p1|Farigiraf, L50, M|
|poke|p1|Mawile, L50, M|
|poke|p1|Arcanine-Hisui, L50, M|
|poke|p2|Incineroar, L50, F|
|poke|p2|Rotom-Wash, L50|
|poke|p2|Venusaur, L50, F|
|poke|p2|Garchomp, L50, M|
|poke|p2|Sylveon, L50, F|
|poke|p2|Corviknight, L50, M|
|teampreview|4
|showteam|p1|Raichu||RaichuniteY|Static|ZapCannon,FocusBlast,VoltSwitch,Protect|Modest||M|||50|]Whimsicott||FocusSash|Prankster|Moonblast,EnergyBall,Tailwind,Protect|Timid||F|||50|]Hydreigon||ChoiceScarf|Levitate|DarkPulse,DracoMeteor,EarthPower,Snarl|Modest||M|||50|]Farigiraf||MentalHerb|ArmorTail|TrickRoom,Psychic,HelpingHand,FoulPlay|Sassy||M|||50|]Mawile||Mawilite|HyperCutter|SwordsDance,SuckerPunch,IronHead,PlayRough|Adamant||M|||50|]Arcanine-Hisui||LifeOrb|RockHead|CloseCombat,HeadSmash,ExtremeSpeed,FlareBlitz|Adamant||M|||50|
|showteam|p2|Incineroar||ExpertBelt|Intimidate|FakeOut,TemperFlare,ThroatChop,PartingShot|Adamant||F|||50|]Rotom-Wash||SitrusBerry|Levitate|HydroPump,Electroweb,WillOWisp,VoltSwitch|Modest|||||50|]Venusaur||Venusaurite|Chlorophyll|GigaDrain,SludgeBomb,EarthPower,Protect|Modest||F|||50|]Garchomp||LifeOrb|RoughSkin|RockSlide,DragonClaw,StompingTantrum,Protect|Jolly||M|||50|]Sylveon||FairyFeather|Pixilate|HyperVoice,QuickAttack,Yawn,Detect|Modest||F|||50|]Corviknight||OccaBerry|MirrorArmor|Tailwind,BraveBird,IronHead,BodyPress|Careful||M|||50|
|j| creed revival tour
|l| creed revival tour
|
|t:|1784054905
|teamsize|p1|4
|teamsize|p2|4
|start
|switch|p1a: Farigiraf|Farigiraf, L50, M|100/100
|switch|p1b: Hydreigon|Hydreigon, L50, M|100/100
|switch|p2a: Wolverine|Incineroar, L50, F|100/100
|switch|p2b: Berserk|Garchomp, L50, M|100/100
|-ability|p2a: Wolverine|Intimidate|boost
|-unboost|p1a: Farigiraf|atk|1
|-unboost|p1b: Hydreigon|atk|1
|turn|1
|
|t:|1784054928
|switch|p2b: Frieren|Sylveon, L50, F|100/100
|move|p1b: Hydreigon|Draco Meteor|p2b: Frieren
|-immune|p2b: Frieren
|move|p2a: Wolverine|Throat Chop|p1a: Farigiraf
|-supereffective|p1a: Farigiraf|1
|-damage|p1a: Farigiraf|13/100
|-start|p1a: Farigiraf|Throat Chop|[silent]
|move|p1a: Farigiraf|Trick Room|p1a: Farigiraf
|-fieldstart|move: Trick Room|[of] p1a: Farigiraf
|
|upkeep
|turn|2
|
|t:|1784054943
|move|p1a: Farigiraf|Helping Hand|p1b: Hydreigon
|-singleturn|p1b: Hydreigon|Helping Hand|[of] p1a: Farigiraf
|move|p2b: Frieren|Hyper Voice|p1a: Farigiraf|[spread] p1a,p1b
|-supereffective|p1b: Hydreigon|2
|-damage|p1a: Farigiraf|0 fnt
|-damage|p1b: Hydreigon|0 fnt
|faint|p1a: Farigiraf
|faint|p1b: Hydreigon
|move|p2a: Wolverine|Parting Shot|p1: Farigiraf|[notarget]
|-fail|p2a: Wolverine
|
|upkeep
|
|t:|1784054946
|switch|p1a: Mawile|Mawile, L50, M|100/100
|switch|p1b: Arcanine|Arcanine-Hisui, L50, M|100/100
|turn|3
|
|t:|1784054984
|detailschange|p1a: Mawile|Mawile-Mega, L50, M
|-mega|p1a: Mawile|Mawile|Mawilite
|move|p2b: Frieren|Detect|p2b: Frieren
|-singleturn|p2b: Frieren|Protect
|move|p1a: Mawile|Iron Head|p2b: Frieren
|-activate|p2b: Frieren|move: Protect
|move|p2a: Wolverine|Parting Shot|p1b: Arcanine
|-unboost|p1b: Arcanine|atk|1
|-unboost|p1b: Arcanine|spa|1
|
|t:|1784054994
|switch|p2a: Berserk|Garchomp, L50, M|100/100|[from] Parting Shot
|move|p1b: Arcanine|Head Smash|p2a: Berserk|[miss]
|-miss|p1b: Arcanine|p2a: Berserk
|
|upkeep
|turn|4
|
|t:|1784055010
|switch|p2b: Wolverine|Incineroar, L50, F|100/100
|-ability|p2b: Wolverine|Intimidate|boost
|-unboost|p1a: Mawile|atk|1
|-unboost|p1b: Arcanine|atk|1
|move|p1a: Mawile|Swords Dance|p1a: Mawile
|-boost|p1a: Mawile|atk|2
|move|p1b: Arcanine|Close Combat|p2a: Berserk
|-damage|p2a: Berserk|72/100
|-unboost|p1b: Arcanine|def|1
|-unboost|p1b: Arcanine|spd|1
|-damage|p1b: Arcanine|87/100|[from] ability: Rough Skin|[of] p2a: Berserk
|-damage|p1b: Arcanine|77/100|[from] item: Life Orb
|move|p2a: Berserk|Stomping Tantrum|p1b: Arcanine
|-supereffective|p1b: Arcanine|2
|-damage|p1b: Arcanine|0 fnt
|faint|p1b: Arcanine
|-damage|p2a: Berserk|62/100|[from] item: Life Orb
|
|upkeep
|turn|5
|
|t:|1784055044
|move|p2a: Berserk|Protect|p2a: Berserk
|-singleturn|p2a: Berserk|Protect
|move|p2b: Wolverine|Fake Out|p1a: Mawile
|-resisted|p1a: Mawile|1
|-damage|p1a: Mawile|93/100
|cant|p1a: Mawile|flinch
|
|-fieldend|move: Trick Room
|upkeep
|turn|6
|
|t:|1784055061
|move|p1a: Mawile|Sucker Punch|p2a: Berserk
|-damage|p2a: Berserk|0 fnt
|-damage|p1a: Mawile|81/100|[from] ability: Rough Skin|[of] p2a: Berserk
|faint|p2a: Berserk
|move|p2b: Wolverine|Temper Flare|p1a: Mawile
|-supereffective|p1a: Mawile|1
|-damage|p1a: Mawile|0 fnt
|faint|p1a: Mawile
|
|win|x-demon18
||SacredZzz is ready for game 2.
|inactive|x-demon18 has 30 seconds to confirm battle start!
