|j|☆WowieKazowee
|j|☆zhcwby
|html|WowieKazoweezhcwby    
|uhtml|bestof|Game 1 of a best-of-3
|t:|1757154322
|gametype|doubles
|player|p1|WowieKazowee|idol|1034
|player|p2|zhcwby|drayden|1129
|gen|9
|tier|[Gen 9] VGC 2025 Reg H (Bo3)
|rated|
|rule|Species Clause: Limit one of each Pokémon
|rule|Item Clause: Limit 1 of each item
|clearpoke
|poke|p1|Pelipper, L50, F|
|poke|p1|Archaludon, L50, F|
|poke|p1|Basculegion, L50, M|
|poke|p1|Ursaluna, L50, F|
|poke|p1|Sinistcha, L50|
|poke|p1|Ditto, L50|
|poke|p2|Politoed, L50, M|
|poke|p2|Gothitelle, L50, M|
|poke|p2|Kingdra, L50, F|
|poke|p2|Archaludon, L50, M|
|poke|p2|Amoonguss, L50, F|
|poke|p2|Incineroar, L50, F|
|teampreview|4
|showteam|p1|Pelipper||FocusSash|Drizzle|WeatherBall,Hurricane,RainDance,WideGuard|||F|||50|,,,,,Ghost]Archaludon||AssaultVest|Stamina|ElectroShot,DracoMeteor,FlashCannon,BodyPress|||F|||50|,,,,,Grass]Basculegion||MysticWater|SwiftSwim|WaveCrash,LastRespects,AquaJet,Protect|||M|||50|,,,,,Water]Ursaluna||FlameOrb|Guts|Facade,HeadlongRush,SwordsDance,Protect|||F|||50|,,,,,Ghost]Sinistcha||SitrusBerry|Hospitality|MatchaGotcha,NastyPlot,TrickRoom,RagePowder||||||50|,,,,,Water]Ditto||MirrorHerb|Imposter|Transform||||||50|,,,,,Fairy
|showteam|p2|Politoed||Leftovers|Drizzle|PerishSong,Protect,WeatherBall,Encore|||M|||50|,,,,,Grass]Gothitelle||SitrusBerry|ShadowTag|Protect,FakeOut,Psychic,TrickRoom|||M|||50|,,,,,Water]Kingdra||LifeOrb|SwiftSwim|Protect,DracoMeteor,WeatherBall,MuddyWater|||F|||50|,,,,,Stellar]Archaludon||PowerHerb|Sturdy|Protect,ElectroShot,DragonPulse,FlashCannon|||M|||50|,,,,,Electric]Amoonguss||EjectButton|Regenerator|Protect,Spore,PollenPuff,RagePowder|||F|||50|,,,,,Fairy]Incineroar||SafetyGoggles|Intimidate|Protect,FakeOut,PartingShot,KnockOff|||F|||50|,,,,,Ghost
|
|t:|1757154366
|teamsize|p1|4
|teamsize|p2|4
|start
|switch|p1a: Pelipper|Pelipper, L50, F|100/100
|switch|p1b: Archaludon|Archaludon, L50, F|100/100
|switch|p2a: Amoonguss|Amoonguss, L50, F|100/100
|switch|p2b: Gothitelle|Gothitelle, L50, M|100/100
|-weather|RainDance|[from] ability: Drizzle|[of] p1a: Pelipper
|turn|1
|
|t:|1757154403
|switch|p2a: Archaludon|Archaludon, L50, M|100/100
|move|p2b: Gothitelle|Fake Out|p1a: Pelipper
|-damage|p1a: Pelipper|95/100
|move|p1b: Archaludon|Electro Shot||[still]
|-prepare|p1b: Archaludon|Electro Shot
|-boost|p1b: Archaludon|spa|1
|-anim|p1b: Archaludon|Electro Shot|p2b: Gothitelle
|-damage|p2b: Gothitelle|51/100
|cant|p1a: Pelipper|flinch
|
|-weather|RainDance|[upkeep]
|upkeep
|turn|2
|
|t:|1757154439
|-terastallize|p2a: Archaludon|Electric
|move|p2a: Archaludon|Electro Shot||[still]
|-prepare|p2a: Archaludon|Electro Shot
|-boost|p2a: Archaludon|spa|1
|-anim|p2a: Archaludon|Electro Shot|p1a: Pelipper
|-supereffective|p1a: Pelipper
|-damage|p1a: Pelipper|0 fnt
|faint|p1a: Pelipper
|move|p1b: Archaludon|Draco Meteor|p2a: Archaludon
|-ability|p2a: Archaludon|Sturdy
|-damage|p2a: Archaludon|1/100
|-unboost|p1b: Archaludon|spa|2
|move|p2b: Gothitelle|Trick Room|p2b: Gothitelle
|-fieldstart|move: Trick Room|[of] p2b: Gothitelle
|
|-weather|RainDance|[upkeep]
|upkeep
|
|t:|1757154455
|switch|p1a: Ditto|Ditto, L50|100/100
|-transform|p1a: Ditto|p2b: Gothitelle|[from] ability: Imposter
|turn|3
|
|t:|1757154479
|move|p1a: Ditto|Fake Out|p2a: Archaludon
|-damage|p2a: Archaludon|0 fnt
|faint|p2a: Archaludon
|move|p2b: Gothitelle|Psychic|p1b: Archaludon
|-resisted|p1b: Archaludon
|-damage|p1b: Archaludon|89/100
|-unboost|p1b: Archaludon|spd|1
|-ability|p1b: Archaludon|Stamina|boost
|-boost|p1b: Archaludon|def|1
|move|p1b: Archaludon|Electro Shot||[still]
|-prepare|p1b: Archaludon|Electro Shot
|-boost|p1b: Archaludon|spa|1
|-anim|p1b: Archaludon|Electro Shot|p2b: Gothitelle
|-damage|p2b: Gothitelle|15/100
|-enditem|p2b: Gothitelle|Sitrus Berry|[eat]
|-heal|p2b: Gothitelle|39/100|[from] item: Sitrus Berry
|
|-weather|RainDance|[upkeep]
|upkeep
|
|t:|1757154494
|switch|p2a: Politoed|Politoed, L50, M|100/100
|turn|4
|
|t:|1757154507
|switch|p1a: Basculegion|Basculegion, L50, M|100/100
|switch|p2b: Amoonguss|Amoonguss, L50, F|100/100
|move|p2a: Politoed|Perish Song|p2a: Politoed
|-start|p1a: Basculegion|perish3|[silent]
|-start|p1b: Archaludon|perish3|[silent]
|-start|p2a: Politoed|perish3|[silent]
|-start|p2b: Amoonguss|perish3|[silent]
|-fieldactivate|move: Perish Song
|move|p1b: Archaludon|Electro Shot||[still]
|-prepare|p1b: Archaludon|Electro Shot
|-boost|p1b: Archaludon|spa|1
|-anim|p1b: Archaludon|Electro Shot|p2b: Amoonguss
|-resisted|p2b: Amoonguss
|-damage|p2b: Amoonguss|68/100
|-enditem|p2b: Amoonguss|Eject Button
|
|t:|1757154520
|switch|p2b: Gothitelle|Gothitelle, L50, M|39/100
|
|-weather|RainDance|[upkeep]
|-start|p1b: Archaludon|perish3
|-start|p2a: Politoed|perish3
|-start|p1a: Basculegion|perish3
|upkeep
|turn|5
|
|t:|1757154547
|switch|p2a: Amoonguss|Amoonguss, L50, F|100/100
|switch|p1a: Ditto|Ditto, L50|100/100
|-transform|p1a: Ditto|p2b: Gothitelle|[from] ability: Imposter
|move|p2b: Gothitelle|Protect|p2b: Gothitelle
|-singleturn|p2b: Gothitelle|Protect
|move|p1b: Archaludon|Electro Shot||[still]
|-prepare|p1b: Archaludon|Electro Shot
|-boost|p1b: Archaludon|spa|1
|-anim|p1b: Archaludon|Electro Shot|p2a: Amoonguss
|-resisted|p2a: Amoonguss
|-damage|p2a: Amoonguss|63/100
|
|-weather|none
|-start|p1b: Archaludon|perish2
|upkeep
|turn|6
|
|t:|1757154587
|switch|p2b: Politoed|Politoed, L50, M|100/100
|-weather|RainDance|[from] ability: Drizzle|[of] p2b: Politoed
|-terastallize|p1b: Archaludon|Grass
|move|p2a: Amoonguss|Spore|p1a: Ditto
|-status|p1a: Ditto|slp|[from] move: Spore
|move|p1b: Archaludon|Draco Meteor|p2a: Amoonguss
|-damage|p2a: Amoonguss|0 fnt
|-unboost|p1b: Archaludon|spa|2
|faint|p2a: Amoonguss
|cant|p1a: Ditto|slp
|
|-weather|RainDance|[upkeep]
|-start|p1b: Archaludon|perish1
|-fieldend|move: Trick Room
|upkeep
|
|t:|1757154605
|switch|p2a: Gothitelle|Gothitelle, L50, M|39/100
|turn|7
|
|t:|1757154614
|switch|p1a: Basculegion|Basculegion, L50, M|100/100
|move|p2a: Gothitelle|Fake Out|p1b: Archaludon
|-damage|p1b: Archaludon|85/100
|-ability|p1b: Archaludon|Stamina|boost
|-boost|p1b: Archaludon|def|1
|cant|p1b: Archaludon|flinch
|move|p2b: Politoed|Weather Ball|p1a: Basculegion
|-resisted|p1a: Basculegion
|-crit|p1a: Basculegion
|-damage|p1a: Basculegion|60/100
|
|-weather|RainDance|[upkeep]
|-start|p1b: Archaludon|perish0
|upkeep
|faint|p1b: Archaludon
|
|t:|1757154626
|switch|p1b: Ditto|Ditto, L50|100/100 slp
|-transform|p1b: Ditto|p2a: Gothitelle|[from] ability: Imposter
|turn|8
|
|t:|1757154650
|move|p2a: Gothitelle|Protect|p2a: Gothitelle
|-singleturn|p2a: Gothitelle|Protect
|-curestatus|p1b: Ditto|slp|[msg]
|move|p1b: Ditto|Fake Out|p2a: Gothitelle
|-activate|p2a: Gothitelle|move: Protect
|move|p1a: Basculegion|Last Respects|p2b: Politoed
|-damage|p2b: Politoed|27/100
|move|p2b: Politoed|Weather Ball|p1a: Basculegion
|-resisted|p1a: Basculegion
|-damage|p1a: Basculegion|35/100
|
|-weather|RainDance|[upkeep]
|-heal|p2b: Politoed|33/100|[from] item: Leftovers
|upkeep
|turn|9
|
|t:|1757154668
|move|p2b: Politoed|Protect|p2b: Politoed
|-singleturn|p2b: Politoed|Protect
|move|p1a: Basculegion|Last Respects|p2a: Gothitelle
|-supereffective|p2a: Gothitelle
|-damage|p2a: Gothitelle|0 fnt
|faint|p2a: Gothitelle
|move|p1b: Ditto|Psychic|p2b: Politoed
|-activate|p2b: Politoed|move: Protect
|
|-weather|RainDance|[upkeep]
|-heal|p2b: Politoed|39/100|[from] item: Leftovers
|upkeep
|turn|10
|l|☆zhcwby
|player|p2|
|inactive|Battle timer is ON: inactive players will automatically lose when time's up. (requested by WowieKazowee)
|inactive|zhcwby has 30 seconds to reconnect!
|inactive|zhcwby has 20 seconds to reconnect!
|inactive|zhcwby has 15 seconds to reconnect!
|inactive|zhcwby has 10 seconds to reconnect!
|inactive|zhcwby has 5 seconds to reconnect!
|-message|zhcwby lost due to inactivity.
|
|win|WowieKazowee
|raw|WowieKazowee's rating: 1034 → 1078(+44 for winning)
|raw|zhcwby's rating: 1129 → 1097(-32 for losing)
