|j|☆Twittle Twister
|j|‽LaPazVGC
|html|Twittle TwisterLaPazVGC    
|uhtml|bestof|Game 1 of a best-of-3
|t:|1756607573
|gametype|doubles
|player|p1|Twittle Twister|2|1059
|player|p2|LaPazVGC|265|1000
|gen|9
|tier|[Gen 9] VGC 2025 Reg H (Bo3)
|rated|
|rule|Species Clause: Limit one of each Pokémon
|rule|Item Clause: Limit 1 of each item
|clearpoke
|poke|p1|Volcarona, L50, M|
|poke|p1|Tyranitar, L50, M|
|poke|p1|Rillaboom, L50, M|
|poke|p1|Sneasler, L50, F|
|poke|p1|Dragonite, L50, M|
|poke|p1|Amoonguss, L50, F|
|poke|p2|Charizard, L50, M|
|poke|p2|Torkoal, L50, M|
|poke|p2|Porygon2, L50|
|poke|p2|Ursaluna, L50, F|
|poke|p2|Jumpluff, L50, F|
|poke|p2|Incineroar, L50, F|
|teampreview|4
|showteam|p1|Volcarona||SafetyGoggles|FlameBody|QuiverDance,HeatWave,GigaDrain,Protect|||M|||50|,,,,,Stellar]Tyranitar||AssaultVest|SandStream|RockSlide,KnockOff,TeraBlast,Earthquake|||M|||50|,,,,,Flying]Rillaboom||MiracleSeed|GrassySurge|KnockOff,Uturn,GrassyGlide,FakeOut|||M|||50|,,,,,Grass]Sneasler||GrassySeed|Unburden|DireClaw,Acrobatics,Protect,CloseCombat|||F|||50|,,,,,Flying]Dragonite||LoadedDice|Multiscale|Tailwind,ScaleShot,Haze,Protect|||M|||50|,,,,,Fairy]Amoonguss||RockyHelmet|Regenerator|RagePowder,Spore,Protect,PollenPuff|||F|||50|,,,,,Water
|showteam|p2|Charizard||ChoiceSpecs|SolarPower|HeatWave,Overheat,WeatherBall,AirSlash|||M|||50|,,,,,Fire]Torkoal||EjectPack|Drought|Overheat,Eruption,ClearSmog,Protect|||M|||50|,,,,,Fire]Porygon2||Eviolite|Download|IceBeam,TeraBlast,Recover,TrickRoom||||||50|,,,,,Fighting]Ursaluna||FlameOrb|Guts|Facade,Earthquake,HeadlongRush,PlayRough|||F|||50|,,,,,Ghost]Jumpluff||CovertCloak|Chlorophyll|SleepPowder,SunnyDay,Tailwind,Protect|||F|||50|,,,,,Water]Incineroar||SitrusBerry|Intimidate|FlareBlitz,KnockOff,PartingShot,FakeOut|||F|||50|,,,,,Ghost
|inactive|Battle timer is ON: inactive players will automatically lose when time's up. (requested by LaPazVGC)
|j| Trestkon
|inactive|LaPazVGC has 60 seconds left.
|
|t:|1756607616
|teamsize|p1|4
|teamsize|p2|4
|start
|switch|p1a: Sneasler|Sneasler, L50, F|100/100
|switch|p1b: Rillaboom|Rillaboom, L50, M|100/100
|switch|p2a: Incineroar|Incineroar, L50, F|100/100
|switch|p2b: Porygon2|Porygon2, L50|100/100
|-fieldstart|move: Grassy Terrain|[from] ability: Grassy Surge|[of] p1b: Rillaboom
|-enditem|p1a: Sneasler|Grassy Seed
|-boost|p1a: Sneasler|def|1|[from] item: Grassy Seed
|-ability|p2a: Incineroar|Intimidate|boost
|-unboost|p1a: Sneasler|atk|1
|-unboost|p1b: Rillaboom|atk|1
|-ability|p2b: Porygon2|Download|boost
|-boost|p2b: Porygon2|spa|1
|turn|1
|inactive|Twittle Twister has 30 seconds left.
|inactive|LaPazVGC has 30 seconds left.
|
|t:|1756607649
|switch|p1a: Amoonguss|Amoonguss, L50, F|100/100
|move|p1b: Rillaboom|Fake Out|p2a: Incineroar
|-damage|p2a: Incineroar|91/100
|cant|p2a: Incineroar|flinch
|move|p2b: Porygon2|Ice Beam|p1b: Rillaboom
|-supereffective|p1b: Rillaboom
|-damage|p1b: Rillaboom|24/100
|
|-heal|p1b: Rillaboom|30/100|[from] Grassy Terrain
|-heal|p2a: Incineroar|97/100|[from] Grassy Terrain
|upkeep
|turn|2
|
|t:|1756607670
|move|p1b: Rillaboom|Knock Off|p2b: Porygon2
|-damage|p2b: Porygon2|83/100
|-enditem|p2b: Porygon2|Eviolite|[from] move: Knock Off|[of] p1b: Rillaboom
|move|p2a: Incineroar|Flare Blitz|p1b: Rillaboom
|-supereffective|p1b: Rillaboom
|-damage|p1b: Rillaboom|0 fnt
|faint|p1b: Rillaboom
|-damage|p2a: Incineroar|87/100|[from] Recoil
|move|p2b: Porygon2|Ice Beam|p1a: Amoonguss
|-supereffective|p1a: Amoonguss
|-damage|p1a: Amoonguss|57/100
|move|p1a: Amoonguss|Spore|p2b: Porygon2
|-status|p2b: Porygon2|slp|[from] move: Spore
|
|-heal|p2a: Incineroar|93/100|[from] Grassy Terrain
|-heal|p2b: Porygon2|89/100 slp|[from] Grassy Terrain
|-heal|p1a: Amoonguss|63/100|[from] Grassy Terrain
|upkeep
|
|t:|1756607687
|switch|p1b: Sneasler|Sneasler, L50, F|100/100
|turn|3
|
|t:|1756607706
|-terastallize|p2a: Incineroar|Ghost
|-terastallize|p1a: Amoonguss|Water
|move|p1a: Amoonguss|Rage Powder|p1a: Amoonguss
|-singleturn|p1a: Amoonguss|move: Rage Powder
|move|p1b: Sneasler|Close Combat|p2a: Incineroar
|-immune|p2a: Incineroar
|move|p2a: Incineroar|Parting Shot|p1a: Amoonguss
|-unboost|p1a: Amoonguss|atk|1
|-unboost|p1a: Amoonguss|spa|1
|
|t:|1756607717
|switch|p2a: Torkoal|Torkoal, L50, M|100/100|[from] Parting Shot
|-weather|SunnyDay|[from] ability: Drought|[of] p2a: Torkoal
|cant|p2b: Porygon2|slp
|
|-weather|SunnyDay|[upkeep]
|-heal|p2b: Porygon2|95/100 slp|[from] Grassy Terrain
|-heal|p1a: Amoonguss|69/100|[from] Grassy Terrain
|upkeep
|turn|4
|
|t:|1756607728
|move|p2a: Torkoal|Protect|p2a: Torkoal
|-singleturn|p2a: Torkoal|Protect
|move|p1b: Sneasler|Dire Claw|p2a: Torkoal
|-activate|p2a: Torkoal|move: Protect
|move|p1a: Amoonguss|Spore|p2a: Torkoal
|-activate|p2a: Torkoal|move: Protect
|-curestatus|p2b: Porygon2|slp|[msg]
|move|p2b: Porygon2|Trick Room|p2b: Porygon2
|-fieldstart|move: Trick Room|[of] p2b: Porygon2
|
|-weather|SunnyDay|[upkeep]
|-heal|p1a: Amoonguss|75/100|[from] Grassy Terrain
|-heal|p2b: Porygon2|100/100|[from] Grassy Terrain
|upkeep
|turn|5
|inactive|LaPazVGC has 30 seconds left.
|
|t:|1756607757
|move|p1b: Sneasler|Protect|p1b: Sneasler
|-singleturn|p1b: Sneasler|Protect
|move|p2a: Torkoal|Eruption|p1a: Amoonguss|[spread] p1a
|-activate|p1b: Sneasler|move: Protect
|-resisted|p1a: Amoonguss
|-damage|p1a: Amoonguss|51/100
|move|p1a: Amoonguss|Spore|p2a: Torkoal
|-status|p2a: Torkoal|slp|[from] move: Spore
|move|p2b: Porygon2|Tera Blast|p1a: Amoonguss
|-damage|p1a: Amoonguss|20/100
|
|-weather|SunnyDay|[upkeep]
|-heal|p1a: Amoonguss|26/100|[from] Grassy Terrain
|-fieldend|move: Grassy Terrain
|upkeep
|turn|6
|inactive|Twittle Twister has 30 seconds left.
|inactive|Twittle Twister has 20 seconds left.
|
|t:|1756607794
|cant|p2a: Torkoal|slp
|move|p1a: Amoonguss|Spore|p2b: Porygon2
|-status|p2b: Porygon2|slp|[from] move: Spore
|cant|p2b: Porygon2|slp
|move|p1b: Sneasler|Acrobatics|p2b: Porygon2
|-damage|p2b: Porygon2|59/100 slp
|
|-weather|SunnyDay|[upkeep]
|upkeep
|turn|7
|
|t:|1756607817
|cant|p2a: Torkoal|slp
|move|p1a: Amoonguss|Pollen Puff|p2a: Torkoal
|-resisted|p2a: Torkoal
|-damage|p2a: Torkoal|93/100 slp
|cant|p2b: Porygon2|slp
|move|p1b: Sneasler|Close Combat|p2b: Porygon2
|-supereffective|p2b: Porygon2
|-damage|p2b: Porygon2|0 fnt
|-unboost|p1b: Sneasler|def|1
|-unboost|p1b: Sneasler|spd|1
|faint|p2b: Porygon2
|
|-weather|none
|upkeep
|
|t:|1756607836
|switch|p2b: Incineroar|Incineroar, L50, F, tera:Ghost|93/100
|-ability|p2b: Incineroar|Intimidate|boost
|-unboost|p1a: Amoonguss|atk|1
|-unboost|p1b: Sneasler|atk|1
|turn|8
|
|t:|1756607845
|switch|p1a: Tyranitar|Tyranitar, L50, M|100/100
|-weather|Sandstorm|[from] ability: Sand Stream|[of] p1a: Tyranitar
|move|p1b: Sneasler|Protect|p1b: Sneasler
|-singleturn|p1b: Sneasler|Protect
|move|p2b: Incineroar|Fake Out|p1a: Tyranitar
|-resisted|p1a: Tyranitar
|-damage|p1a: Tyranitar|94/100
|-curestatus|p2a: Torkoal|slp|[msg]
|move|p2a: Torkoal|Eruption|p1a: Tyranitar|[spread] p1a
|-activate|p1b: Sneasler|move: Protect
|-resisted|p1a: Tyranitar
|-crit|p1a: Tyranitar
|-damage|p1a: Tyranitar|80/100
|
|-weather|Sandstorm|[upkeep]
|-damage|p2a: Torkoal|87/100|[from] Sandstorm
|-damage|p2b: Incineroar|87/100|[from] Sandstorm
|-damage|p1b: Sneasler|95/100|[from] Sandstorm
|-fieldend|move: Trick Room
|upkeep
|turn|9
|inactive|Twittle Twister has 30 seconds left.
|
|t:|1756607876
|switch|p1b: Amoonguss|Amoonguss, L50, F, tera:Water|60/100
|switch|p2a: Ursaluna|Ursaluna, L50, F|100/100
|move|p1a: Tyranitar|Knock Off|p2b: Incineroar
|-supereffective|p2b: Incineroar
|-damage|p2b: Incineroar|0 fnt
|-enditem|p2b: Incineroar|Sitrus Berry|[from] move: Knock Off|[of] p1a: Tyranitar
|faint|p2b: Incineroar
|
|-weather|Sandstorm|[upkeep]
|-damage|p1b: Amoonguss|54/100|[from] Sandstorm
|-status|p2a: Ursaluna|brn|[from] item: Flame Orb
|upkeep
|
|t:|1756607884
|switch|p2b: Torkoal|Torkoal, L50, M|87/100
|-weather|SunnyDay|[from] ability: Drought|[of] p2b: Torkoal
|turn|10
|
|t:|1756607907
|move|p1b: Amoonguss|Protect|p1b: Amoonguss
|-singleturn|p1b: Amoonguss|Protect
|move|p2b: Torkoal|Protect|p2b: Torkoal
|-singleturn|p2b: Torkoal|Protect
|move|p1a: Tyranitar|Earthquake|p2a: Ursaluna|[spread] p2a
|-activate|p1b: Amoonguss|move: Protect
|-activate|p2b: Torkoal|move: Protect
|-damage|p2a: Ursaluna|81/100 brn
|move|p2a: Ursaluna|Earthquake|p1b: Amoonguss|[spread] p1a
|-activate|p2b: Torkoal|move: Protect
|-activate|p1b: Amoonguss|move: Protect
|-supereffective|p1a: Tyranitar
|-damage|p1a: Tyranitar|0 fnt
|faint|p1a: Tyranitar
|
|-weather|SunnyDay|[upkeep]
|-damage|p2a: Ursaluna|75/100 brn|[from] brn
|upkeep
|
|t:|1756607919
|switch|p1a: Sneasler|Sneasler, L50, F|95/100
|turn|11
|
|t:|1756607943
|move|p1a: Sneasler|Close Combat|p2a: Ursaluna
|-supereffective|p2a: Ursaluna
|-damage|p2a: Ursaluna|0 fnt
|-unboost|p1a: Sneasler|def|1
|-unboost|p1a: Sneasler|spd|1
|faint|p2a: Ursaluna
|move|p1b: Amoonguss|Spore|p2b: Torkoal
|-status|p2b: Torkoal|slp|[from] move: Spore
|cant|p2b: Torkoal|slp
|
|-weather|SunnyDay|[upkeep]
|upkeep
|turn|12
|
|t:|1756607962
|move|p1a: Sneasler|Close Combat|p2b: Torkoal
|-damage|p2b: Torkoal|32/100 slp
|-unboost|p1a: Sneasler|def|1
|-unboost|p1a: Sneasler|spd|1
|move|p1b: Amoonguss|Pollen Puff|p2b: Torkoal
|-resisted|p2b: Torkoal
|-damage|p2b: Torkoal|20/100 slp
|-curestatus|p2b: Torkoal|slp|[msg]
|move|p2b: Torkoal|Overheat|p1a: Sneasler
|-damage|p1a: Sneasler|0 fnt
|-unboost|p2b: Torkoal|spa|2
|faint|p1a: Sneasler
|
|-weather|SunnyDay|[upkeep]
|upkeep
|turn|13
|
|t:|1756607982
|move|p1b: Amoonguss|Spore|p2b: Torkoal
|-status|p2b: Torkoal|slp|[from] move: Spore
|cant|p2b: Torkoal|slp
|
|-weather|SunnyDay|[upkeep]
|upkeep
|turn|14
|
|t:|1756607989
|move|p1b: Amoonguss|Pollen Puff|p2b: Torkoal
|-resisted|p2b: Torkoal
|-damage|p2b: Torkoal|6/100 slp
|cant|p2b: Torkoal|slp
|
|-weather|none
|upkeep
|turn|15
|
|t:|1756607997
|move|p1b: Amoonguss|Pollen Puff|p2b: Torkoal
|-resisted|p2b: Torkoal
|-damage|p2b: Torkoal|0 fnt
|faint|p2b: Torkoal
|
|win|Twittle Twister
