|j|☆anastasiax
|j|☆chefbenboyrd
|html|anastasiaxchefbenboyrd    
|uhtml|bestof|Game 2 of a best-of-3
|t:|1757125512
|gametype|doubles
|player|p1|anastasiax|dana|1125
|player|p2|chefbenboyrd|brawly|1179
|gen|9
|tier|[Gen 9] VGC 2025 Reg H (Bo3)
|rated|
|rule|Species Clause: Limit one of each Pokémon
|rule|Item Clause: Limit 1 of each item
|clearpoke
|poke|p1|Kingambit, L50, F|
|poke|p1|Arcanine-Hisui, L50, F|
|poke|p1|Whimsicott, L50, F|
|poke|p1|Dragonite, L50, M|
|poke|p1|Sneasler, L50, M|
|poke|p1|Ursaluna-Bloodmoon, L50, M|
|poke|p2|Whimsicott, L50, M|
|poke|p2|Hydreigon, L50, M|
|poke|p2|Incineroar, L50, F|
|poke|p2|Gholdengo, L50|
|poke|p2|Basculegion, L50, M|
|poke|p2|Dragonite, L50, M|
|teampreview|4
|showteam|p1|Kingambit||SafetyGoggles|Defiant|KowtowCleave,Protect,SuckerPunch,SwordsDance|||F|||50|,,,,,Fire]Arcanine-Hisui||SitrusBerry|Intimidate|Howl,FlareBlitz,RockSlide,Protect|||F|||50|,,,,,Grass]Whimsicott||CovertCloak|Prankster|Protect,Moonblast,Encore,Tailwind|||F|||50|,,,,,Water]Dragonite||ChoiceBand|InnerFocus|TeraBlast,Outrage,StompingTantrum,ExtremeSpeed|||M|||50|,,,,,Flying]Sneasler||FocusSash|PoisonTouch|FakeOut,CloseCombat,DireClaw,Protect|||M|||50|,,,,,Grass]Ursaluna-Bloodmoon||LifeOrb|MindsEye|HyperVoice,BloodMoon,EarthPower,Protect|||M|||50|,,,,,Normal
|showteam|p2|Whimsicott||FocusSash|Prankster|SunnyDay,Encore,Tailwind,Moonblast|||M|||50|,,,,,Ghost]Hydreigon||ChoiceSpecs|Levitate|HeatWave,DracoMeteor,Snarl,DarkPulse|||M|||50|,,,,,Fire]Incineroar||SafetyGoggles|Intimidate|KnockOff,FakeOut,PartingShot,FlareBlitz|||F|||50|,,,,,Ghost]Gholdengo||LifeOrb|GoodasGold|Protect,MakeItRain,ShadowBall,NastyPlot||||||50|,,,,,Water]Basculegion||ChoiceScarf|Adaptability|LastRespects,WaveCrash,AquaJet,FlipTurn|||M|||50|,,,,,Water]Dragonite||LoadedDice|Multiscale|ScaleShot,Protect,ExtremeSpeed,Haze|||M|||50|,,,,,Fairy
|inactive|Battle timer is ON: inactive players will automatically lose when time's up. (requested by chefbenboyrd)
|
|t:|1757125539
|teamsize|p1|4
|teamsize|p2|4
|start
|switch|p1a: Kingambit|Kingambit, L50, F|100/100
|switch|p1b: Arcanine|Arcanine-Hisui, L50, F|100/100
|switch|p2a: Whimsicott|Whimsicott, L50, M|100/100
|switch|p2b: Hydreigon|Hydreigon, L50, M|100/100
|-ability|p1b: Arcanine|Intimidate|boost
|-unboost|p2a: Whimsicott|atk|1
|-unboost|p2b: Hydreigon|atk|1
|turn|1
|
|t:|1757125555
|-terastallize|p2b: Hydreigon|Fire
|move|p2a: Whimsicott|Tailwind|p2a: Whimsicott
|-sidestart|p2: chefbenboyrd|move: Tailwind
|move|p2b: Hydreigon|Heat Wave|p1a: Kingambit|[spread] p1a,p1b
|-supereffective|p1a: Kingambit
|-resisted|p1b: Arcanine
|-damage|p1a: Kingambit|0 fnt
|-damage|p1b: Arcanine|83/100
|faint|p1a: Kingambit
|move|p1b: Arcanine|Flare Blitz|p2a: Whimsicott
|-supereffective|p2a: Whimsicott
|-enditem|p2a: Whimsicott|Focus Sash
|-damage|p2a: Whimsicott|1/100
|-damage|p1b: Arcanine|59/100|[from] Recoil
|
|upkeep
|
|t:|1757125567
|switch|p1a: Whimsicott|Whimsicott, L50, F|100/100
|turn|2
|
|t:|1757125583
|-terastallize|p1a: Whimsicott|Water
|move|p2a: Whimsicott|Encore|p1b: Arcanine
|-start|p1b: Arcanine|Encore
|move|p2b: Hydreigon|Heat Wave|p1b: Arcanine|[spread] p1a,p1b
|-resisted|p1a: Whimsicott
|-resisted|p1b: Arcanine
|-damage|p1a: Whimsicott|58/100
|-damage|p1b: Arcanine|45/100
|-enditem|p1b: Arcanine|Sitrus Berry|[eat]
|-heal|p1b: Arcanine|70/100|[from] item: Sitrus Berry
|move|p1a: Whimsicott|Moonblast|p2a: Whimsicott
|-damage|p2a: Whimsicott|0 fnt
|faint|p2a: Whimsicott
|move|p1b: Arcanine|Flare Blitz|p2b: Hydreigon
|-resisted|p2b: Hydreigon
|-damage|p2b: Hydreigon|72/100
|-damage|p1b: Arcanine|61/100|[from] Recoil
|
|upkeep
|
|t:|1757125598
|switch|p2a: Incineroar|Incineroar, L50, F|100/100
|-ability|p2a: Incineroar|Intimidate|boost
|-unboost|p1a: Whimsicott|atk|1
|-unboost|p1b: Arcanine|atk|1
|turn|3
|
|t:|1757125618
|move|p2a: Incineroar|Fake Out|p1a: Whimsicott
|-damage|p1a: Whimsicott|42/100
|move|p1a: Whimsicott|Tailwind|p1a: Whimsicott
|-sidestart|p1: anastasiax|move: Tailwind
|move|p1b: Arcanine|Flare Blitz|p2a: Incineroar
|-resisted|p2a: Incineroar
|-damage|p2a: Incineroar|84/100
|-damage|p1b: Arcanine|56/100|[from] Recoil
|move|p2b: Hydreigon|Heat Wave|p1a: Whimsicott|[spread] p1a,p1b
|-resisted|p1a: Whimsicott
|-resisted|p1b: Arcanine
|-damage|p1a: Whimsicott|2/100
|-damage|p1b: Arcanine|39/100
|
|upkeep
|turn|4
|
|t:|1757125636
|move|p1a: Whimsicott|Protect|p1a: Whimsicott
|-singleturn|p1a: Whimsicott|Protect
|move|p1b: Arcanine|Flare Blitz|p2b: Hydreigon
|-resisted|p2b: Hydreigon
|-damage|p2b: Hydreigon|52/100
|-damage|p1b: Arcanine|33/100|[from] Recoil
|move|p2b: Hydreigon|Heat Wave|p1b: Arcanine|[spread] p1b
|-activate|p1a: Whimsicott|move: Protect
|-resisted|p1b: Arcanine
|-damage|p1b: Arcanine|15/100
|move|p2a: Incineroar|Flare Blitz|p1b: Arcanine
|-resisted|p1b: Arcanine
|-damage|p1b: Arcanine|0 fnt
|faint|p1b: Arcanine
|-damage|p2a: Incineroar|80/100|[from] Recoil
|
|-sideend|p2: chefbenboyrd|move: Tailwind
|upkeep
|
|t:|1757125641
|switch|p1b: Ursaluna|Ursaluna-Bloodmoon, L50, M|100/100
|turn|5
|
|t:|1757125661
|switch|p2b: Gholdengo|Gholdengo, L50|100/100
|move|p1a: Whimsicott|Moonblast|p2a: Incineroar
|-damage|p2a: Incineroar|51/100
|move|p1b: Ursaluna|Hyper Voice|p2b: Gholdengo|[spread] p2a,p2b
|-resisted|p2b: Gholdengo
|-crit|p2b: Gholdengo
|-damage|p2a: Incineroar|0 fnt
|-damage|p2b: Gholdengo|61/100
|faint|p2a: Incineroar
|-damage|p1b: Ursaluna|91/100|[from] item: Life Orb
|
|upkeep
|
|t:|1757125669
|switch|p2a: Hydreigon|Hydreigon, L50, M, tera:Fire|52/100
|turn|6
|
|t:|1757125690
|move|p1a: Whimsicott|Protect|p1a: Whimsicott
|-singleturn|p1a: Whimsicott|Protect
|move|p1b: Ursaluna|Blood Moon|p2a: Hydreigon
|-damage|p2a: Hydreigon|0 fnt
|faint|p2a: Hydreigon
|-damage|p1b: Ursaluna|81/100|[from] item: Life Orb
|move|p2b: Gholdengo|Make It Rain|p1a: Whimsicott|[spread] p1b
|-activate|p1a: Whimsicott|move: Protect
|-damage|p1b: Ursaluna|13/100
|-unboost|p2b: Gholdengo|spa|1
|-damage|p2b: Gholdengo|52/100|[from] item: Life Orb
|
|-sideend|p1: anastasiax|move: Tailwind
|upkeep
|turn|7
|
|t:|1757125699
|move|p1a: Whimsicott|Tailwind|p1a: Whimsicott
|-sidestart|p1: anastasiax|move: Tailwind
|move|p1b: Ursaluna|Earth Power|p2b: Gholdengo
|-supereffective|p2b: Gholdengo
|-damage|p2b: Gholdengo|0 fnt
|faint|p2b: Gholdengo
|-damage|p1b: Ursaluna|4/100|[from] item: Life Orb
|
|win|anastasiax
|raw|anastasiax's rating: 1125 → 1154(+29 for winning)
|raw|chefbenboyrd's rating: 1179 → 1150(-29 for losing)
