|j|☆lorenzopoke
|j|☆asefito
|html|lorenzopokeasefito    
|uhtml|bestof|Game 1 of a best-of-3
|t:|1783459530
|gametype|doubles
|player|p1|lorenzopoke|red|1164
|player|p2|asefito|winona|1170
|gen|9
|tier|[Gen 9 Champions] VGC 2026 Reg M-B (Bo3)
|rated|
|rule|Species Clause: Limit one of each Pokémon
|rule|Item Clause: Limit 1 of each item
|clearpoke
|poke|p1|Staraptor, L50, F|
|poke|p1|Farigiraf, L50, M|
|poke|p1|Sylveon, L50, F|
|poke|p1|Torkoal, L50, M|
|poke|p1|Ampharos, L50, F|
|poke|p1|Kangaskhan, L50, F|
|poke|p2|Incineroar, L50, M|
|poke|p2|Basculegion, L50, M|
|poke|p2|Tinkaton, L50, F|
|poke|p2|Floette-Eternal, L50, F|
|poke|p2|Kingambit, L50, F|
|poke|p2|Sneasler, L50, M|
|teampreview|4
|showteam|p1|Staraptor||ChoiceScarf|Intimidate|BraveBird,CloseCombat,Uturn,FinalGambit|Jolly||F|||50|]Farigiraf||SitrusBerry|ArmorTail|HelpingHand,TwinBeam,Thunderbolt,TrickRoom|Sassy||M|||50|]Sylveon||FairyFeather|Pixilate|HyperVoice,QuickAttack,HyperBeam,Detect|Quiet||F|||50|]Torkoal||Charcoal|Drought|Eruption,WeatherBall,HeatWave,Protect|Quiet||M|||50|]Ampharos||Ampharosite|Static|Thunderbolt,DragonPulse,PowerGem,Protect|Quiet||F|||50|]Kangaskhan||Kangaskhanite|Scrappy|HammerArm,FakeOut,DoubleEdge,RockTomb|Adamant||F|||50|
|showteam|p2|Incineroar||SitrusBerry|Intimidate|FlareBlitz,DarkestLariat,PartingShot,FakeOut|Careful||M|||50|]Basculegion||ChoiceScarf|Adaptability|WaveCrash,LastRespects,FlipTurn,AquaJet|Jolly||M|||50|]Tinkaton||Leftovers|MoldBreaker|GigatonHammer,PlayRough,BrickBreak,FakeOut|Adamant||F|||50|]Floette-Eternal||Floettite|FlowerVeil|Moonblast,DazzlingGleam,CalmMind,Protect|Modest||F|||50|]Kingambit||LifeOrb|Defiant|KowtowCleave,SuckerPunch,SwordsDance,Protect|Adamant||F|||50|]Sneasler||FocusSash|PoisonTouch|CloseCombat,DireClaw,Feint,FakeOut|Jolly||M|||50|
|inactive|Battle timer is ON: inactive players will automatically lose when time's up. (requested by asefito)
|inactive|lorenzopoke has 60 seconds left.
|inactive|asefito has 60 seconds left.
|inactive|asefito has 30 seconds left.
|
|t:|1783459593
|teamsize|p1|4
|teamsize|p2|4
|start
|switch|p1a: Staraptor|Staraptor, L50, F|100/100
|switch|p1b: Farigiraf|Farigiraf, L50, M|100/100
|switch|p2a: Tinkaton|Tinkaton, L50, F|100/100
|switch|p2b: Floette|Floette-Eternal, L50, F|100/100
|-ability|p1a: Staraptor|Intimidate|boost
|-unboost|p2a: Tinkaton|atk|1
|-unboost|p2b: Floette|atk|1
|-ability|p2a: Tinkaton|Mold Breaker
|turn|1
|inactive|lorenzopoke has 30 seconds left.
|inactive|lorenzopoke has 20 seconds left.
|inactive|lorenzopoke has 15 seconds left.
|inactive|lorenzopoke has 10 seconds left.
|
|t:|1783459641
|switch|p1a: Torkoal|Torkoal, L50, M|100/100
|-weather|SunnyDay|[from] ability: Drought|[of] p1a: Torkoal
|detailschange|p2b: Floette|Floette-Mega, L50, F
|-mega|p2b: Floette|Floette|Floettite
|-ability|p2b: Floette|Fairy Aura
|move|p2a: Tinkaton|Fake Out|p1a: Torkoal
|-damage|p1a: Torkoal|94/100
|move|p2b: Floette|Dazzling Gleam|p1a: Torkoal|[spread] p1a,p1b
|-resisted|p1a: Torkoal|1
|-damage|p1a: Torkoal|60/100
|-damage|p1b: Farigiraf|62/100
|move|p1b: Farigiraf|Trick Room|p1b: Farigiraf
|-fieldstart|move: Trick Room|[of] p1b: Farigiraf
|
|-weather|SunnyDay|[upkeep]
|upkeep
|turn|2
|inactive|lorenzopoke has 30 seconds left.
|inactive|asefito has 30 seconds left.
|
|t:|1783459673
|switch|p2a: Sneasler|Sneasler, L50, M|100/100
|switch|p2b: Basculegion|Basculegion, L50, M|100/100
|move|p1b: Farigiraf|Helping Hand|p1a: Torkoal
|-singleturn|p1a: Torkoal|Helping Hand|[of] p1b: Farigiraf
|move|p1a: Torkoal|Eruption|p2a: Sneasler|[spread] p2a,p2b
|-resisted|p2b: Basculegion|1
|-enditem|p2a: Sneasler|Focus Sash
|-damage|p2a: Sneasler|1/100
|-damage|p2b: Basculegion|58/100
|
|-weather|SunnyDay|[upkeep]
|upkeep
|turn|3
|
|t:|1783459696
|move|p1a: Torkoal|Eruption|p2b: Basculegion|[spread] p2a,p2b
|-resisted|p2b: Basculegion|1
|-damage|p2a: Sneasler|0 fnt
|-damage|p2b: Basculegion|29/100
|faint|p2a: Sneasler
|move|p1b: Farigiraf|Thunderbolt|p2b: Basculegion
|-supereffective|p2b: Basculegion|1
|-damage|p2b: Basculegion|0 fnt
|faint|p2b: Basculegion
|
|-weather|SunnyDay|[upkeep]
|upkeep
|
|t:|1783459700
|switch|p2b: Tinkaton|Tinkaton, L50, F|100/100
|switch|p2a: Floette|Floette-Mega, L50, F|100/100
|-ability|p2b: Tinkaton|Mold Breaker
|-ability|p2a: Floette|Fairy Aura
|turn|4
|
|t:|1783459717
|switch|p1b: Ampharos|Ampharos, L50, F|100/100
|move|p1a: Torkoal|Protect|p1a: Torkoal
|-singleturn|p1a: Torkoal|Protect
|move|p2b: Tinkaton|Fake Out|p1a: Torkoal
|-activate|p1a: Torkoal|move: Protect
|move|p2a: Floette|Moonblast|p1b: Ampharos
|-damage|p1b: Ampharos|28/100
|
|-weather|SunnyDay|[upkeep]
|upkeep
|turn|5
|
|t:|1783459732
|detailschange|p1b: Ampharos|Ampharos-Mega, L50, F
|-mega|p1b: Ampharos|Ampharos|Ampharosite
|-ability|p1b: Ampharos|Mold Breaker
|move|p1a: Torkoal|Weather Ball|p2b: Tinkaton
|-supereffective|p2b: Tinkaton|1
|-damage|p2b: Tinkaton|0 fnt
|faint|p2b: Tinkaton
|move|p1b: Ampharos|Thunderbolt|p2a: Floette
|-damage|p2a: Floette|51/100
|move|p2a: Floette|Dazzling Gleam|p1b: Ampharos|[spread] p1a,p1b
|-resisted|p1a: Torkoal|1
|-supereffective|p1b: Ampharos|1
|-damage|p1a: Torkoal|28/100
|-damage|p1b: Ampharos|0 fnt
|faint|p1b: Ampharos
|
|-weather|none
|-fieldend|move: Trick Room
|upkeep
|-message|asefito forfeited.
|
|win|lorenzopoke
