|j|☆tr2koblin
|j|☆132acb
|html|tr2koblin132acb    
|uhtml|bestof|Game 2 of a best-of-3
|t:|1757670063
|gametype|doubles
|player|p1|tr2koblin|lucas|1090
|player|p2|132acb|nate|1192
|gen|9
|tier|[Gen 9] VGC 2025 Reg H (Bo3)
|rated|
|rule|Species Clause: Limit one of each Pokémon
|rule|Item Clause: Limit 1 of each item
|clearpoke
|poke|p1|Drifblim, L50, F|
|poke|p1|Indeedee, L50, M|
|poke|p1|Decidueye-Hisui, L50, M|
|poke|p1|Gardevoir, L50, F|
|poke|p1|Garchomp, L50, M|
|poke|p1|Corviknight, L50, M|
|poke|p2|Indeedee, L50, M|
|poke|p2|Magmar, L50, F|
|poke|p2|Corviknight, L50, M|
|poke|p2|Sneasler, L50, F|
|poke|p2|Tyranitar, L50, F|
|poke|p2|Excadrill, L50, M|
|teampreview|4
|showteam|p1|Drifblim||PsychicSeed|Unburden|Acrobatics,Tailwind,WillOWisp,DestinyBond|||F|||50|,,,,,Grass]Indeedee||FocusSash|PsychicSurge|ExpandingForce,TeraBlast,Imprison,TrickRoom|||M|||50|,,,,,Ground]Decidueye-Hisui||ScopeLens|Scrappy|Protect,LeafBlade,TripleArrows,Haze|||M|||50|,,,,,Fire]Gardevoir||ChoiceScarf|Telepathy|ExpandingForce,DazzlingGleam,Moonblast,Trick|||F|||50|,,,,,Psychic]Garchomp||LifeOrb|RoughSkin|Protect,Earthquake,StompingTantrum,DragonClaw|||M|||50|,,,,,Ground]Corviknight||LumBerry|MirrorArmor|BraveBird,BodyPress,BulkUp,Roost|||M|||50|,,,,,Dragon
|showteam|p2|Indeedee||ChoiceScarf|PsychicSurge|ExpandingForce,TeraBlast,Trick,Protect|||M|||50|,,,,,Psychic]Magmar||Eviolite|VitalSpirit|HeatWave,FollowMe,HelpingHand,Protect|||F|||50|,,,,,Flying]Corviknight||PsychicSeed|MirrorArmor|BraveBird,PowerTrip,BulkUp,Roost|||M|||50|,,,,,Water]Sneasler||WhiteHerb|Unburden|CloseCombat,DireClaw,FakeOut,Coaching|||F|||50|,,,,,Flying]Tyranitar||AssaultVest|SandStream|RockSlide,KnockOff,LowKick,TeraBlast|||F|||50|,,,,,Flying]Excadrill||FocusSash|SandRush|Earthquake,IronHead,SwordsDance,Protect|||M|||50|,,,,,Ground
|
|t:|1757670097
|teamsize|p1|4
|teamsize|p2|4
|start
|switch|p1a: Stitch|Drifblim, L50, F, shiny|100/100
|switch|p1b: Alfred|Indeedee, L50, M, shiny|100/100
|switch|p2a: Tyranitar|Tyranitar, L50, F|100/100
|switch|p2b: Excadrill|Excadrill, L50, M|100/100
|-fieldstart|move: Psychic Terrain|[from] ability: Psychic Surge|[of] p1b: Alfred
|-enditem|p1a: Stitch|Psychic Seed
|-boost|p1a: Stitch|spd|1|[from] item: Psychic Seed
|-weather|Sandstorm|[from] ability: Sand Stream|[of] p2a: Tyranitar
|turn|1
|
|t:|1757670120
|-terastallize|p1b: Alfred|Ground
|move|p2b: Excadrill|Iron Head|p1a: Stitch
|-crit|p1a: Stitch
|-damage|p1a: Stitch|10/100
|move|p1a: Stitch|Tailwind|p1a: Stitch
|-sidestart|p1: tr2koblin|move: Tailwind
|move|p1b: Alfred|Tera Blast|p2b: Excadrill|[anim] Tera Blast Ground
|-supereffective|p2b: Excadrill
|-enditem|p2b: Excadrill|Focus Sash
|-damage|p2b: Excadrill|1/100
|move|p2a: Tyranitar|Rock Slide|p1b: Alfred|[spread] p1a
|-miss|p2a: Tyranitar|p1b: Alfred
|-supereffective|p1a: Stitch
|-damage|p1a: Stitch|0 fnt
|faint|p1a: Stitch
|
|-weather|Sandstorm|[upkeep]
|upkeep
|
|t:|1757670145
|switch|p1a: Corviknight|Corviknight, L50, M, shiny|100/100
|turn|2
|
|t:|1757670197
|switch|p2a: Corviknight|Corviknight, L50, M|100/100
|-enditem|p2a: Corviknight|Psychic Seed
|-boost|p2a: Corviknight|spd|1|[from] item: Psychic Seed
|move|p2b: Excadrill|Protect|p2b: Excadrill
|-singleturn|p2b: Excadrill|Protect
|move|p1b: Alfred|Expanding Force|p2b: Excadrill|[spread] p2a
|-activate|p2b: Excadrill|move: Protect
|-resisted|p2a: Corviknight
|-damage|p2a: Corviknight|85/100
|move|p1a: Corviknight|Body Press|p2a: Corviknight
|-damage|p2a: Corviknight|70/100
|
|-weather|Sandstorm|[upkeep]
|upkeep
|turn|3
|
|t:|1757670230
|move|p1b: Alfred|Expanding Force|p2a: Corviknight|[spread] p2a,p2b
|-resisted|p2a: Corviknight
|-resisted|p2b: Excadrill
|-damage|p2a: Corviknight|56/100
|-damage|p2b: Excadrill|0 fnt
|faint|p2b: Excadrill
|move|p1a: Corviknight|Bulk Up|p1a: Corviknight
|-boost|p1a: Corviknight|atk|1
|-boost|p1a: Corviknight|def|1
|move|p2a: Corviknight|Bulk Up|p2a: Corviknight
|-boost|p2a: Corviknight|atk|1
|-boost|p2a: Corviknight|def|1
|
|-weather|Sandstorm|[upkeep]
|upkeep
|
|t:|1757670252
|switch|p2b: Magmar|Magmar, L50, F|100/100
|turn|4
|
|t:|1757670273
|switch|p1b: PCSD|Garchomp, L50, M, shiny|100/100
|move|p1a: Corviknight|Bulk Up|p1a: Corviknight
|-boost|p1a: Corviknight|atk|1
|-boost|p1a: Corviknight|def|1
|move|p2b: Magmar|Heat Wave|p1a: Corviknight|[spread] p1a,p1b
|-supereffective|p1a: Corviknight
|-resisted|p1b: PCSD
|-damage|p1a: Corviknight|49/100
|-damage|p1b: PCSD|86/100
|move|p2a: Corviknight|Roost|p2a: Corviknight
|-heal|p2a: Corviknight|100/100
|-singleturn|p2a: Corviknight|move: Roost
|
|-weather|Sandstorm|[upkeep]
|-damage|p2b: Magmar|95/100|[from] Sandstorm
|-sideend|p1: tr2koblin|move: Tailwind
|upkeep
|turn|5
|
|t:|1757670316
|move|p2b: Magmar|Protect|p2b: Magmar
|-singleturn|p2b: Magmar|Protect
|move|p1b: PCSD|Stomping Tantrum|p2b: Magmar
|-activate|p2b: Magmar|move: Protect
|move|p1a: Corviknight|Roost|p1a: Corviknight
|-heal|p1a: Corviknight|99/100
|-singleturn|p1a: Corviknight|move: Roost
|move|p2a: Corviknight|Brave Bird|p1b: PCSD
|-damage|p1b: PCSD|27/100
|-damage|p2a: Corviknight|88/100|[from] ability: Rough Skin|[of] p1b: PCSD
|-damage|p2a: Corviknight|71/100|[from] Recoil
|
|-weather|none
|-fieldend|move: Psychic Terrain
|upkeep
|turn|6
|
|t:|1757670349
|move|p1b: PCSD|Stomping Tantrum|p2b: Magmar
|-supereffective|p2b: Magmar
|-damage|p2b: Magmar|17/100
|-damage|p1b: PCSD|17/100|[from] item: Life Orb
|move|p2b: Magmar|Heat Wave|p1a: Corviknight|[spread] p1a,p1b
|-supereffective|p1a: Corviknight
|-resisted|p1b: PCSD
|-damage|p1a: Corviknight|51/100
|-damage|p1b: PCSD|2/100
|move|p1a: Corviknight|Body Press|p2a: Corviknight
|-damage|p2a: Corviknight|51/100
|move|p2a: Corviknight|Bulk Up|p2a: Corviknight
|-boost|p2a: Corviknight|atk|1
|-boost|p2a: Corviknight|def|1
|
|upkeep
|turn|7
|
|t:|1757670392
|move|p2b: Magmar|Helping Hand|p2a: Corviknight
|-singleturn|p2a: Corviknight|Helping Hand|[of] p2b: Magmar
|move|p1b: PCSD|Stomping Tantrum|p2b: Magmar
|-supereffective|p2b: Magmar
|-damage|p2b: Magmar|0 fnt
|faint|p2b: Magmar
|-damage|p1b: PCSD|0 fnt|[from] item: Life Orb
|faint|p1b: PCSD
|move|p1a: Corviknight|Body Press|p2a: Corviknight
|-damage|p2a: Corviknight|36/100
|move|p2a: Corviknight|Power Trip|p1a: Corviknight
|-damage|p1a: Corviknight|23/100
|
|upkeep
|
|t:|1757670406
|switch|p1b: Alfred|Indeedee, L50, M, shiny, tera:Ground|100/100
|switch|p2b: Tyranitar|Tyranitar, L50, F|100/100
|-fieldstart|move: Psychic Terrain|[from] ability: Psychic Surge|[of] p1b: Alfred
|-weather|Sandstorm|[from] ability: Sand Stream|[of] p2b: Tyranitar
|turn|8
|
|t:|1757670455
|-terastallize|p2b: Tyranitar|Flying
|move|p1b: Alfred|Expanding Force|p2a: Corviknight|[spread] p2a,p2b
|-resisted|p2a: Corviknight
|-damage|p2a: Corviknight|20/100
|-damage|p2b: Tyranitar|71/100
|move|p1a: Corviknight|Roost|p1a: Corviknight
|-heal|p1a: Corviknight|73/100
|-singleturn|p1a: Corviknight|move: Roost
|move|p2a: Corviknight|Roost|p2a: Corviknight
|-heal|p2a: Corviknight|70/100
|-singleturn|p2a: Corviknight|move: Roost
|move|p2b: Tyranitar|Rock Slide|p1b: Alfred|[spread] p1a,p1b
|-resisted|p1a: Corviknight
|-resisted|p1b: Alfred
|-damage|p1a: Corviknight|67/100
|-damage|p1b: Alfred|72/100
|
|-weather|Sandstorm|[upkeep]
|-damage|p2b: Tyranitar|65/100|[from] Sandstorm
|upkeep
|turn|9
|
|t:|1757670493
|move|p1b: Alfred|Expanding Force|p2a: Corviknight|[spread] p2a,p2b
|-resisted|p2a: Corviknight
|-crit|p2a: Corviknight
|-damage|p2a: Corviknight|37/100
|-damage|p2b: Tyranitar|36/100
|move|p1a: Corviknight|Body Press|p2a: Corviknight
|-damage|p2a: Corviknight|21/100
|move|p2a: Corviknight|Brave Bird|p1b: Alfred
|-crit|p1b: Alfred
|-damage|p1b: Alfred|0 fnt
|faint|p1b: Alfred
|-damage|p2a: Corviknight|5/100|[from] Recoil
|move|p2b: Tyranitar|Knock Off|p1a: Corviknight
|-damage|p1a: Corviknight|47/100
|-enditem|p1a: Corviknight|Lum Berry|[from] move: Knock Off|[of] p2b: Tyranitar
|
|-weather|Sandstorm|[upkeep]
|-damage|p2b: Tyranitar|30/100|[from] Sandstorm
|upkeep
|turn|10
|
|t:|1757670534
|move|p1a: Corviknight|Body Press|p2a: Corviknight
|-damage|p2a: Corviknight|0 fnt
|faint|p2a: Corviknight
|move|p2b: Tyranitar|Rock Slide|p1a: Corviknight
|-damage|p1a: Corviknight|31/100
|
|-weather|Sandstorm|[upkeep]
|-damage|p2b: Tyranitar|25/100|[from] Sandstorm
|upkeep
|turn|11
|
|t:|1757670549
|move|p1a: Corviknight|Roost|p1a: Corviknight
|-heal|p1a: Corviknight|81/100
|-singleturn|p1a: Corviknight|move: Roost
|move|p2b: Tyranitar|Low Kick|p1a: Corviknight
|-supereffective|p1a: Corviknight
|-damage|p1a: Corviknight|59/100
|
|-weather|Sandstorm|[upkeep]
|-damage|p2b: Tyranitar|19/100|[from] Sandstorm
|upkeep
|turn|12
|
|t:|1757670558
|move|p1a: Corviknight|Brave Bird|p2b: Tyranitar
|-damage|p2b: Tyranitar|0 fnt
|faint|p2b: Tyranitar
|-damage|p1a: Corviknight|52/100|[from] Recoil
|
|win|tr2koblin
|inactive|tr2koblin has 30 seconds to confirm battle start!
|inactive|132acb has 30 seconds to confirm battle start!
||tr2koblin is ready for game 3.
||132acb is ready for game 3.
|uhtml|next|Next: Game 3 of 3
|l|☆tr2koblin
|player|p1|
|l|☆132acb
|player|p2|
