|j|☆Eggy’sDad
|j|☆andiom123
|html|Eggy’sDadandiom123    
|uhtml|bestof|Game 2 of a best-of-3
|t:|1785381310
|gametype|doubles
|player|p1|Eggy’sDad|265|1057
|player|p2|andiom123|red|1165
|gen|9
|tier|[Gen 9 Champions] VGC 2026 Reg M-B (Bo3)
|rated|
|rule|Species Clause: Limit one of each Pokémon
|rule|Item Clause: Limit 1 of each item
|clearpoke
|poke|p1|Pyroar, L50, F|
|poke|p1|Whimsicott, L50, M|
|poke|p1|Ninetales, L50, M|
|poke|p1|Farigiraf, L50, M|
|poke|p1|Basculegion, L50, M|
|poke|p1|Floette-Eternal, L50, F|
|poke|p2|Incineroar, L50, F|
|poke|p2|Farigiraf, L50, M|
|poke|p2|Sylveon, L50, M|
|poke|p2|Torkoal, L50, M|
|poke|p2|Kangaskhan, L50, F|
|poke|p2|Mudsdale, L50, M|
|teampreview|4
|showteam|p1|Pyroar||Pyroarite|Unnerve|HeatWave,SolarBeam,Overheat,Protect|Timid||F|||50|]Whimsicott||FocusSash|Prankster|Moonblast,Tailwind,SunnyDay,Protect|Timid||M|||50|]Ninetales||ChoiceScarf|Drought|Overheat,HeatWave,SolarBeam,FakeTears|Modest||M|||50|]Farigiraf||SitrusBerry|ArmorTail|Thunderbolt,TwinBeam,TrickRoom,HelpingHand|Bold||M|||50|]Basculegion||LifeOrb|Adaptability|WaveCrash,LastRespects,AquaJet,Protect|Adamant||M|||50|]Floette-Eternal||Floettite|FlowerVeil|Moonblast,DazzlingGleam,LightofRuin,Protect|Timid||F|||50|
|showteam|p2|Incineroar||MuscleBand|Intimidate|ThroatChop,FlareBlitz,FakeOut,PartingShot|Brave||F|||50|]Farigiraf||SitrusBerry|ArmorTail|FoulPlay,PsychicNoise,TrickRoom,HelpingHand|Relaxed||M|||50|]Sylveon||FairyFeather|Pixilate|HyperVoice,HyperBeam,Yawn,Detect|Modest||M|||50|]Torkoal||Charcoal|Drought|Eruption,EarthPower,Flamethrower,Protect|Quiet||M|||50|]Kangaskhan||Kangaskhanite|Scrappy|DoubleEdge,FakeOut,IcePunch,HammerArm|Brave||F|||50|]Mudsdale||LifeOrb|InnerFocus|HighHorsepower,Earthquake,RockSlide,HeavySlam|Brave||M|||50|
|
|t:|1785381357
|teamsize|p1|4
|teamsize|p2|4
|start
|switch|p1a: Farigiraf|Farigiraf, L50, M|100/100
|switch|p1b: Basculegion|Basculegion, L50, M|100/100
|switch|p2a: Farigiraf|Farigiraf, L50, M|100/100
|switch|p2b: Incineroar|Incineroar, L50, F|100/100
|-ability|p2b: Incineroar|Intimidate|boost
|-unboost|p1a: Farigiraf|atk|1
|-unboost|p1b: Basculegion|atk|1
|turn|1
|
|t:|1785381390
|move|p1a: Farigiraf|Helping Hand|p1b: Basculegion
|-singleturn|p1b: Basculegion|Helping Hand|[of] p1a: Farigiraf
|move|p1b: Basculegion|Wave Crash|p2b: Incineroar
|-supereffective|p2b: Incineroar|1
|-crit|p2b: Incineroar
|-damage|p2b: Incineroar|0 fnt
|faint|p2b: Incineroar
|-damage|p1b: Basculegion|65/100|[from] Recoil
|-damage|p1b: Basculegion|55/100|[from] item: Life Orb
|move|p2a: Farigiraf|Trick Room|p2a: Farigiraf
|-fieldstart|move: Trick Room|[of] p2a: Farigiraf
|
|upkeep
|
|t:|1785381406
|switch|p2b: Kangaskhan|Kangaskhan, L50, F|100/100
|turn|2
|
|t:|1785381428
|switch|p1b: Whimsicott|Whimsicott, L50, M|100/100
|detailschange|p2b: Kangaskhan|Kangaskhan-Mega, L50, F
|-mega|p2b: Kangaskhan|Kangaskhan|Kangaskhanite
|move|p2b: Kangaskhan|Double-Edge|p1a: Farigiraf
|-damage|p1a: Farigiraf|49/100
|-enditem|p1a: Farigiraf|Sitrus Berry|[eat]
|-heal|p1a: Farigiraf|74/100|[from] item: Sitrus Berry
|-damage|p1a: Farigiraf|62/100
|-hitcount|p1a: Farigiraf|2
|-damage|p2b: Kangaskhan|77/100|[from] Recoil
|move|p2a: Farigiraf|Trick Room|p2a: Farigiraf
|-fieldend|move: Trick Room
|move|p1a: Farigiraf|Trick Room|p1a: Farigiraf
|-fieldstart|move: Trick Room|[of] p1a: Farigiraf
|
|upkeep
|turn|3
|
|t:|1785381473
|switch|p2a: Mudsdale|Mudsdale, L50, M|100/100
|switch|p1a: Basculegion|Basculegion, L50, M|55/100
|move|p2b: Kangaskhan|Double-Edge|p1a: Basculegion
|-immune|p1a: Basculegion
|move|p1b: Whimsicott|Moonblast|p2b: Kangaskhan
|-damage|p2b: Kangaskhan|47/100
|
|upkeep
|turn|4
|
|t:|1785381505
|move|p1b: Whimsicott|Protect|p1b: Whimsicott
|-singleturn|p1b: Whimsicott|Protect
|move|p1a: Basculegion|Protect|p1a: Basculegion
|-singleturn|p1a: Basculegion|Protect
|move|p2a: Mudsdale|High Horsepower|p1a: Basculegion
|-activate|p1a: Basculegion|move: Protect
|move|p2b: Kangaskhan|Double-Edge|p1b: Whimsicott
|-activate|p1b: Whimsicott|move: Protect
|
|upkeep
|turn|5
|
|t:|1785381568
|switch|p1a: Farigiraf|Farigiraf, L50, M|62/100
|move|p2a: Mudsdale|High Horsepower|p1a: Farigiraf
|-damage|p1a: Farigiraf|5/100
|-damage|p2a: Mudsdale|90/100|[from] item: Life Orb
|move|p2b: Kangaskhan|Double-Edge|p1b: Whimsicott
|-enditem|p1b: Whimsicott|Focus Sash
|-damage|p1b: Whimsicott|1/100
|-damage|p1b: Whimsicott|0 fnt
|faint|p1b: Whimsicott
|-hitcount|p1: Whimsicott|2
|-damage|p2b: Kangaskhan|26/100|[from] Recoil
|
|upkeep
|inactive|Battle timer is ON: inactive players will automatically lose when time's up. (requested by andiom123)
|
|t:|1785381590
|switch|p1b: Floette|Floette-Eternal, L50, F|100/100
|turn|6
|inactive|Eggy’sDad has 30 seconds left.
|
|t:|1785381624
|switch|p2b: Farigiraf|Farigiraf, L50, M|100/100
|detailschange|p1b: Floette|Floette-Mega, L50, F
|-mega|p1b: Floette|Floette|Floettite
|-ability|p1b: Floette|Fairy Aura
|move|p1b: Floette|Protect|p1b: Floette
|-singleturn|p1b: Floette|Protect
|move|p2a: Mudsdale|High Horsepower|p1b: Floette
|-activate|p1b: Floette|move: Protect
|move|p1a: Farigiraf|Twin Beam|p2b: Farigiraf
|-resisted|p2b: Farigiraf|1
|-damage|p2b: Farigiraf|91/100
|-resisted|p2b: Farigiraf|1
|-damage|p2b: Farigiraf|84/100
|-hitcount|p2b: Farigiraf|2
|
|-fieldend|move: Trick Room
|upkeep
|turn|7
|inactive|Eggy’sDad has 30 seconds left.
|inactive|Eggy’sDad has 20 seconds left.
|inactive|Eggy’sDad has 15 seconds left.
|inactive|Eggy’sDad has 10 seconds left.
|inactive|Eggy’sDad has 5 seconds left.
|
|t:|1785381679
|move|p1b: Floette|Moonblast|p2a: Mudsdale
|-damage|p2a: Mudsdale|13/100
|move|p1a: Farigiraf|Thunderbolt|p2a: Mudsdale
|-immune|p2a: Mudsdale
|move|p2a: Mudsdale|Heavy Slam|p1b: Floette
|-supereffective|p1b: Floette|1
|-damage|p1b: Floette|0 fnt
|faint|p1b: Floette
|-damage|p2a: Mudsdale|3/100|[from] item: Life Orb
|move|p2b: Farigiraf|Trick Room|p2b: Farigiraf
|-fieldstart|move: Trick Room|[of] p2b: Farigiraf
|
|upkeep
|
|t:|1785381689
|switch|p1b: Basculegion|Basculegion, L50, M|55/100
|turn|8
|
|t:|1785381709
|move|p2b: Farigiraf|Helping Hand|p2a: Mudsdale
|-singleturn|p2a: Mudsdale|Helping Hand|[of] p2b: Farigiraf
|move|p1b: Basculegion|Aqua Jet||[still]
|cant|p2b: Farigiraf|ability: Armor Tail|Aqua Jet|[of] p1b: Basculegion
|move|p2a: Mudsdale|Earthquake|p1b: Basculegion|[spread] p2b,p1a,p1b
|-damage|p2b: Farigiraf|28/100
|-damage|p1a: Farigiraf|0 fnt
|-damage|p1b: Basculegion|0 fnt
|-enditem|p2b: Farigiraf|Sitrus Berry|[eat]
|-heal|p2b: Farigiraf|53/100|[from] item: Sitrus Berry
|faint|p1a: Farigiraf
|faint|p1b: Basculegion
|-damage|p2a: Mudsdale|0 fnt|[from] item: Life Orb
|faint|p2a: Mudsdale
|
|win|andiom123
|raw|Eggy’sDad's rating: 1057 → 1044(-13 for losing)
|raw|andiom123's rating: 1165 → 1182(+17 for winning)
