|j|☆diabet0_
|j|☆LunarLooser
|html|diabet0_LunarLooser    
|uhtml|bestof|Game 2 of a best-of-3
|t:|1757704792
|gametype|doubles
|player|p1|diabet0_|cheryl|
|player|p2|LunarLooser|1|
|gen|9
|tier|[Gen 9] VGC 2025 Reg H (Bo3)
|rule|Species Clause: Limit one of each Pokémon
|rule|Item Clause: Limit 1 of each item
|clearpoke
|poke|p1|Excadrill, L50, F|
|poke|p1|Tyranitar, L50, M|
|poke|p1|Corviknight, L50, M|
|poke|p1|Rotom-Wash, L50|
|poke|p1|Amoonguss, L50, F|
|poke|p1|Flamigo, L50, F|
|poke|p2|Indeedee, L50, M|
|poke|p2|Kleavor, L50, M|
|poke|p2|Gholdengo, L50|
|poke|p2|Murkrow, L50, M|
|poke|p2|Sneasler, L50, F|
|poke|p2|Charizard, L50, F|
|teampreview|4
|showteam|p1|Excadrill||FocusSash|SandRush|Protect,IronHead,HighHorsepower,Earthquake|||F|||50|,,,,,Ground]Tyranitar||AssaultVest|SandStream|KnockOff,RockSlide,LowKick,TeraBlast|||M|||50|,,,,,Flying]Corviknight||WacanBerry|MirrorArmor|BraveBird,Uturn,Taunt,Tailwind|||M|||50|,,,,,Dragon]Rotom-Wash||SafetyGoggles|Levitate|Thunderbolt,HydroPump,WillOWisp,Protect||||||50|,,,,,Electric]Amoonguss||SitrusBerry|Regenerator|ClearSmog,PollenPuff,RagePowder,Spore|||F|||50|,,,,,Water]Flamigo||CovertCloak|Scrappy|BraveBird,WideGuard,CloseCombat,Detect|||F|||50|,,,,,Steel
|showteam|p2|Indeedee||FocusSash|PsychicSurge|ExpandingForce,TrickRoom,Imprison,TeraBlast|||M|||50|,,,,,Psychic]Kleavor||ClearAmulet|Sharpness|StoneAxe,XScissor,Protect,CloseCombat|||M|||50|,,,,,Dragon]Gholdengo||ChoiceSpecs|GoodasGold|MakeItRain,ShadowBall,Thunderbolt,PowerGem||||||50|,,,,,Steel]Murkrow||Eviolite|Prankster|Tailwind,FoulPlay,SunnyDay,Haze|||M|||50|,,,,,Ghost]Sneasler||PsychicSeed|Unburden|DireClaw,CloseCombat,Protect,ThroatChop|||F|||50|,,,,,Dark]Charizard||Charcoal|SolarPower|HeatWave,Flamethrower,Protect,DragonPulse|||F|||50|,,,,,Dragon
|inactive|Battle timer is ON: inactive players will automatically lose when time's up. (requested by LunarLooser)
|inactive|LunarLooser has 60 seconds left.
|
|t:|1757704837
|teamsize|p1|4
|teamsize|p2|4
|start
|switch|p1a: Excadrill|Excadrill, L50, F|100/100
|switch|p1b: Tyranitar|Tyranitar, L50, M|100/100
|switch|p2a: Sneasler|Sneasler, L50, F|100/100
|switch|p2b: Indeedee|Indeedee, L50, M|100/100
|-fieldstart|move: Psychic Terrain|[from] ability: Psychic Surge|[of] p2b: Indeedee
|-enditem|p2a: Sneasler|Psychic Seed
|-boost|p2a: Sneasler|spd|1|[from] item: Psychic Seed
|-weather|Sandstorm|[from] ability: Sand Stream|[of] p1b: Tyranitar
|turn|1
|
|t:|1757704861
|-terastallize|p2a: Sneasler|Dark
|-terastallize|p1b: Tyranitar|Flying
|move|p2a: Sneasler|Throat Chop|p1a: Excadrill
|-crit|p1a: Excadrill
|-damage|p1a: Excadrill|13/100
|-start|p1a: Excadrill|Throat Chop|[silent]
|move|p1a: Excadrill|Iron Head|p2b: Indeedee
|-damage|p2b: Indeedee|3/100
|move|p2b: Indeedee|Expanding Force|p1b: Tyranitar|[spread] p1a,p1b
|-resisted|p1a: Excadrill
|-crit|p1b: Tyranitar
|-damage|p1a: Excadrill|0 fnt
|-damage|p1b: Tyranitar|53/100
|faint|p1a: Excadrill
|move|p1b: Tyranitar|Tera Blast|p2a: Sneasler|[anim] Tera Blast Flying
|-damage|p2a: Sneasler|19/100
|
|-weather|Sandstorm|[upkeep]
|-damage|p2a: Sneasler|13/100|[from] Sandstorm
|-damage|p2b: Indeedee|0 fnt|[from] Sandstorm
|-damage|p1b: Tyranitar|47/100|[from] Sandstorm
|faint|p2b: Indeedee
|upkeep
|
|t:|1757704881
|switch|p2b: Gholdengo|Gholdengo, L50|100/100
|switch|p1a: Amoonguss|Amoonguss, L50, F|100/100
|turn|2
|
|t:|1757704892
|move|p2a: Sneasler|Dire Claw|p1a: Amoonguss
|-damage|p1a: Amoonguss|66/100
|move|p2b: Gholdengo|Make It Rain|p1a: Amoonguss|[spread] p1a,p1b
|-damage|p1a: Amoonguss|14/100
|-damage|p1b: Tyranitar|7/100
|-unboost|p2b: Gholdengo|spa|1
|-enditem|p1a: Amoonguss|Sitrus Berry|[eat]
|-heal|p1a: Amoonguss|39/100|[from] item: Sitrus Berry
|move|p1b: Tyranitar|Rock Slide|p2b: Gholdengo|[spread] p2a,p2b
|-resisted|p2b: Gholdengo
|-damage|p2a: Sneasler|0 fnt
|-damage|p2b: Gholdengo|85/100
|faint|p2a: Sneasler
|move|p1a: Amoonguss|Spore|p2b: Gholdengo
|-immune|p2b: Gholdengo|[from] ability: Good as Gold
|
|-weather|Sandstorm|[upkeep]
|-damage|p1b: Tyranitar|1/100|[from] Sandstorm
|-damage|p1a: Amoonguss|33/100|[from] Sandstorm
|upkeep
|
|t:|1757704903
|switch|p2a: Charizard|Charizard, L50, F|100/100
|turn|3
|inactive|diabet0_ has 30 seconds left.
|
|t:|1757704931
|move|p2a: Charizard|Flamethrower|p1a: Amoonguss
|-supereffective|p1a: Amoonguss
|-damage|p1a: Amoonguss|0 fnt
|faint|p1a: Amoonguss
|move|p2b: Gholdengo|Make It Rain|p1b: Tyranitar
|-damage|p1b: Tyranitar|0 fnt
|-unboost|p2b: Gholdengo|spa|1
|faint|p1b: Tyranitar
|
|-weather|Sandstorm|[upkeep]
|-damage|p2a: Charizard|95/100|[from] Sandstorm
|upkeep
|inactive|diabet0_ has 30 seconds left.
|
|t:|1757704959
|switch|p1a: Corviknight|Corviknight, L50, M|100/100
|turn|4
|
|t:|1757704966
|move|p2a: Charizard|Flamethrower|p1a: Corviknight
|-supereffective|p1a: Corviknight
|-damage|p1a: Corviknight|26/100
|move|p2b: Gholdengo|Make It Rain|p1a: Corviknight
|-resisted|p1a: Corviknight
|-damage|p1a: Corviknight|7/100
|-unboost|p2b: Gholdengo|spa|1
|move|p1a: Corviknight|Taunt|p2a: Charizard
|-start|p2a: Charizard|move: Taunt
|
|-weather|Sandstorm|[upkeep]
|-damage|p2a: Charizard|89/100|[from] Sandstorm
|upkeep
|turn|5
|
|t:|1757704979
|move|p2a: Charizard|Flamethrower|p1a: Corviknight
|-supereffective|p1a: Corviknight
|-damage|p1a: Corviknight|0 fnt
|faint|p1a: Corviknight
|
|win|LunarLooser
|l|☆diabet0_
|player|p1|
