|j|☆mocamocau
|j|☆Kevin-V8
|html|mocamocauKevin-V8    
|uhtml|bestof|Game 1 of a best-of-3
|t:|1784242010
|gametype|doubles
|player|p1|mocamocau|266|1062
|player|p2|Kevin-V8|ethan|1234
|gen|9
|tier|[Gen 9 Champions] VGC 2026 Reg M-B (Bo3)
|rated|
|rule|Species Clause: Limit one of each Pokémon
|rule|Item Clause: Limit 1 of each item
|clearpoke
|poke|p1|Tyranitar, L50, F, shiny|
|poke|p1|Rotom-Wash, L50, shiny|
|poke|p1|Incineroar, L50, M, shiny|
|poke|p1|Aerodactyl, L50, F, shiny|
|poke|p1|Hatterene, L50, F, shiny|
|poke|p1|Excadrill, L50, M, shiny|
|poke|p2|Metagross, L50|
|poke|p2|Incineroar, L50, F|
|poke|p2|Sinistcha, L50|
|poke|p2|Tyranitar, L50, M|
|poke|p2|Excadrill, L50, M, shiny|
|poke|p2|Dragonite, L50, M|
|teampreview|4
|showteam|p1|Tyranitar||ChopleBerry|SandStream|RockSlide,KnockOff,Protect,LowKick|Adamant||F|||50|]Rotom-Wash||Leftovers|Levitate|HydroPump,WillOWisp,Thunderbolt,Protect|Modest|||||50|]Incineroar||SitrusBerry|Intimidate|FakeOut,FlareBlitz,Protect,PartingShot|Careful||M|||50|]Aerodactyl||Aerodactylite|Unnerve|RockSlide,Protect,Tailwind,WideGuard|Jolly||F|||50|]Hatterene||LifeOrb|Healer|Psychic,DazzlingGleam,TrickRoom,Protect|Modest||F|||50|]Excadrill||FocusSash|SandRush|Earthquake,IronHead,Protect,RockSlide|Adamant||M|||50|
|showteam|p2|Metagross||Metagrossite|ClearBody|PsychicFangs,BodyPress,CosmicPower,Protect|Impish|||||50|]Incineroar||SitrusBerry|Intimidate|FlareBlitz,DarkestLariat,FakeOut,PartingShot|Careful||F|||50|]Sinistcha||KasibBerry|Hospitality|MatchaGotcha,RagePowder,LifeDew,Protect|Bold|||||50|]Tyranitar||ChoiceScarf|SandStream|RockSlide,KnockOff,IcePunch,LowKick|Jolly||M|||50|]Excadrill||FocusSash|SandRush|Earthquake,IronHead,RockSlide,Protect|Adamant||M|||50|]Dragonite||Dragoninite|Multiscale|DragonPulse,HeatWave,Tailwind,Protect|Modest||M|||50|
|inactive|Battle timer is ON: inactive players will automatically lose when time's up. (requested by Kevin-V8)
|inactive|mocamocau has 60 seconds left.
|inactive|Kevin-V8 has 60 seconds left.
|inactive|mocamocau has 30 seconds left.
|inactive|mocamocau has 20 seconds left.
|
|t:|1784242082
|teamsize|p1|4
|teamsize|p2|4
|start
|switch|p1a: Aerodactyl|Aerodactyl, L50, F, shiny|100/100
|switch|p1b: Incineroar|Incineroar, L50, M, shiny|100/100
|switch|p2a: Metagross|Metagross, L50|100/100
|switch|p2b: Sinistcha|Sinistcha, L50|100/100
|-ability|p1a: Aerodactyl|Unnerve
|-ability|p1b: Incineroar|Intimidate|boost
|-fail|p2a: Metagross|unboost|[from] ability: Clear Body|[of] p2a: Metagross
|-unboost|p2b: Sinistcha|atk|1
|turn|1
|inactive|mocamocau has 30 seconds left.
|
|t:|1784242115
|detailschange|p1a: Aerodactyl|Aerodactyl-Mega, L50, F, shiny
|-mega|p1a: Aerodactyl|Aerodactyl|Aerodactylite
|detailschange|p2a: Metagross|Metagross-Mega, L50
|-mega|p2a: Metagross|Metagross|Metagrossite
|move|p1b: Incineroar|Fake Out|p2a: Metagross
|-resisted|p2a: Metagross|1
|-damage|p2a: Metagross|96/100
|move|p1a: Aerodactyl|Tailwind|p1a: Aerodactyl
|-sidestart|p1: mocamocau|move: Tailwind
|cant|p2a: Metagross|flinch
|move|p2b: Sinistcha|Matcha Gotcha|p1b: Incineroar|[spread] p1a,p1b
|-resisted|p1b: Incineroar|1
|-damage|p1a: Aerodactyl|72/100
|-damage|p1b: Incineroar|92/100
|
|upkeep
|turn|2
|inactive|mocamocau has 30 seconds left.
|
|t:|1784242142
|switch|p2b: Excadrill|Excadrill, L50, M, shiny|100/100
|move|p1a: Aerodactyl|Rock Slide|p2a: Metagross|[spread] p2a,p2b
|-resisted|p2a: Metagross|1
|-resisted|p2b: Excadrill|2
|-damage|p2a: Metagross|88/100
|-damage|p2b: Excadrill|88/100
|move|p1b: Incineroar|Flare Blitz|p2a: Metagross
|-supereffective|p2a: Metagross|1
|-damage|p2a: Metagross|36/100
|-damage|p1b: Incineroar|76/100|[from] Recoil
|cant|p2a: Metagross|flinch
|
|upkeep
|turn|3
|inactive|mocamocau has 30 seconds left.
|
|t:|1784242172
|switch|p1a: Tyranitar|Tyranitar, L50, F, shiny|100/100
|-weather|Sandstorm|[from] ability: Sand Stream|[of] p1a: Tyranitar
|switch|p2a: Sinistcha|Sinistcha, L50|100/100
|-heal|p2b: Excadrill|100/100|[from] ability: Hospitality|[of] p2a: Sinistcha
|move|p2b: Excadrill|Rock Slide|p1a: Tyranitar|[spread] p1a,p1b
|-supereffective|p1b: Incineroar|1
|-damage|p1a: Tyranitar|85/100
|-damage|p1b: Incineroar|34/100
|-enditem|p1b: Incineroar|Sitrus Berry|[eat]
|-heal|p1b: Incineroar|59/100|[from] item: Sitrus Berry
|move|p1b: Incineroar|Flare Blitz|p2a: Sinistcha
|-supereffective|p2a: Sinistcha|1
|-damage|p2a: Sinistcha|22/100
|-damage|p1b: Incineroar|36/100|[from] Recoil
|
|-weather|Sandstorm|[upkeep]
|-damage|p1b: Incineroar|30/100|[from] Sandstorm
|-damage|p2a: Sinistcha|16/100|[from] Sandstorm
|upkeep
|turn|4
|inactive|mocamocau has 30 seconds left.
|inactive|mocamocau has 20 seconds left.
|inactive|mocamocau has 15 seconds left.
|
|t:|1784242213
|move|p2a: Sinistcha|Protect|p2a: Sinistcha
|-singleturn|p2a: Sinistcha|Protect
|move|p2b: Excadrill|Earthquake|p1b: Incineroar|[spread] p1a,p1b
|-activate|p2a: Sinistcha|move: Protect
|-supereffective|p1a: Tyranitar|1
|-supereffective|p1b: Incineroar|1
|-damage|p1a: Tyranitar|24/100
|-damage|p1b: Incineroar|0 fnt
|faint|p1b: Incineroar
|move|p1a: Tyranitar|Knock Off|p2b: Excadrill
|-damage|p2b: Excadrill|26/100
|-enditem|p2b: Excadrill|Focus Sash|[from] move: Knock Off|[of] p1a: Tyranitar
|
|-weather|Sandstorm|[upkeep]
|-damage|p2a: Sinistcha|10/100|[from] Sandstorm
|-sideend|p1: mocamocau|move: Tailwind
|upkeep
|
|t:|1784242220
|switch|p1b: Rotom|Rotom-Wash, L50, shiny|100/100
|turn|5
|
|t:|1784242243
|move|p2b: Excadrill|Iron Head|p1a: Tyranitar
|-supereffective|p1a: Tyranitar|1
|-damage|p1a: Tyranitar|0 fnt
|faint|p1a: Tyranitar
|move|p1b: Rotom|Will-O-Wisp|p2b: Excadrill
|-status|p2b: Excadrill|brn
|move|p2a: Sinistcha|Matcha Gotcha|p1b: Rotom
|-supereffective|p1b: Rotom|1
|-damage|p1b: Rotom|33/100
|-heal|p2a: Sinistcha|39/100|[from] drain|[of] p1b: Rotom
|-status|p1b: Rotom|brn
|
|-weather|Sandstorm|[upkeep]
|-damage|p1b: Rotom|27/100 brn|[from] Sandstorm
|-damage|p2a: Sinistcha|33/100|[from] Sandstorm
|-heal|p1b: Rotom|33/100 brn|[from] item: Leftovers
|-damage|p2b: Excadrill|20/100y brn|[from] brn
|-damage|p1b: Rotom|27/100 brn|[from] brn
|upkeep
|
|t:|1784242247
|switch|p1a: Aerodactyl|Aerodactyl-Mega, L50, F, shiny|72/100
|turn|6
|
|t:|1784242269
|move|p2b: Excadrill|Iron Head|p1b: Rotom
|-resisted|p1b: Rotom|2
|-damage|p1b: Rotom|21/100 brn
|move|p1a: Aerodactyl|Rock Slide|p2b: Excadrill|[spread] p2a,p2b
|-resisted|p2b: Excadrill|2
|-damage|p2a: Sinistcha|6/100
|-damage|p2b: Excadrill|10/100 brn
|move|p1b: Rotom|Hydro Pump|p2b: Excadrill
|-supereffective|p2b: Excadrill|1
|-damage|p2b: Excadrill|0 fnt
|faint|p2b: Excadrill
|move|p2a: Sinistcha|Life Dew|p2a: Sinistcha
|-heal|p2a: Sinistcha|31/100
|
|-weather|Sandstorm|[upkeep]
|-damage|p1b: Rotom|16/100 brn|[from] Sandstorm
|-damage|p2a: Sinistcha|25/100|[from] Sandstorm
|-heal|p1b: Rotom|21/100 brn|[from] item: Leftovers
|-damage|p1b: Rotom|16/100 brn|[from] brn
|upkeep
|
|t:|1784242288
|switch|p2b: Metagross|Metagross-Mega, L50|36/100
|turn|7
|
|t:|1784242299
|move|p2a: Sinistcha|Rage Powder|p2a: Sinistcha
|-singleturn|p2a: Sinistcha|move: Rage Powder
|move|p1a: Aerodactyl|Tailwind|p1a: Aerodactyl
|-sidestart|p1: mocamocau|move: Tailwind
|move|p1b: Rotom|Will-O-Wisp|p2a: Sinistcha
|-status|p2a: Sinistcha|brn
|move|p2b: Metagross|Body Press|p1a: Aerodactyl
|-damage|p1a: Aerodactyl|24/100
|
|-weather|none
|-heal|p1b: Rotom|21/100 brn|[from] item: Leftovers
|-damage|p1b: Rotom|16/100 brn|[from] brn
|-damage|p2a: Sinistcha|19/100 brn|[from] brn
|upkeep
|turn|8
|
|t:|1784242321
|move|p2a: Sinistcha|Rage Powder|p2a: Sinistcha
|-singleturn|p2a: Sinistcha|move: Rage Powder
|move|p1a: Aerodactyl|Rock Slide|p2a: Sinistcha|[spread] p2b
|-miss|p1a: Aerodactyl|p2a: Sinistcha
|-resisted|p2b: Metagross|1
|-damage|p2b: Metagross|28/100
|move|p1b: Rotom|Hydro Pump|p2a: Sinistcha
|-resisted|p2a: Sinistcha|1
|-damage|p2a: Sinistcha|0 fnt
|faint|p2a: Sinistcha
|move|p2b: Metagross|Body Press|p1a: Aerodactyl
|-damage|p1a: Aerodactyl|0 fnt
|faint|p1a: Aerodactyl
|
|-heal|p1b: Rotom|21/100 brn|[from] item: Leftovers
|-damage|p1b: Rotom|16/100 brn|[from] brn
|upkeep
|
|t:|1784242336
|switch|p2a: Incineroar|Incineroar, L50, F|100/100
|-ability|p2a: Incineroar|Intimidate|boost
|-unboost|p1b: Rotom|atk|1
|turn|9
|
|t:|1784242342
|move|p2a: Incineroar|Fake Out|p1b: Rotom
|-damage|p1b: Rotom|5/100 brn
|cant|p1b: Rotom|flinch
|move|p2b: Metagross|Cosmic Power|p2b: Metagross
|-boost|p2b: Metagross|def|1
|-boost|p2b: Metagross|spd|1
|
|-heal|p1b: Rotom|10/100 brn|[from] item: Leftovers
|-damage|p1b: Rotom|5/100 brn|[from] brn
|upkeep
|turn|10
|
|t:|1784242361
|move|p1b: Rotom|Protect|p1b: Rotom
|-singleturn|p1b: Rotom|Protect
|move|p2b: Metagross|Psychic Fangs|p1b: Rotom
|-activate|p1b: Rotom|move: Protect
|move|p2a: Incineroar|Darkest Lariat|p1b: Rotom
|-activate|p1b: Rotom|move: Protect
|
|-heal|p1b: Rotom|10/100 brn|[from] item: Leftovers
|-damage|p1b: Rotom|5/100 brn|[from] brn
|-sideend|p1: mocamocau|move: Tailwind
|upkeep
|turn|11
|
|t:|1784242373
|move|p1b: Rotom|Protect||[still]
|-fail|p1b: Rotom
|move|p2b: Metagross|Psychic Fangs|p1b: Rotom
|-damage|p1b: Rotom|0 fnt
|faint|p1b: Rotom
|
|win|Kevin-V8
||mocamocau is ready for game 2.
||Kevin-V8 is ready for game 2.
|uhtml|next|Next: Game 2 of 3
|l|☆mocamocau
|player|p1|
