|j|☆Trejonixmix
|j|☆LostInCalabria
|html|TrejonixmixLostInCalabria    
|uhtml|bestof|Game 1 of a best-of-3
|t:|1786157147
|gametype|doubles
|player|p1|Trejonixmix|red|1184
|player|p2|LostInCalabria|shadowtriad|1000
|gen|9
|tier|[Gen 9 Champions] VGC 2026 Reg M-B (Bo3)
|rated|
|rule|Species Clause: Limit one of each Pokémon
|rule|Item Clause: Limit 1 of each item
|clearpoke
|poke|p1|Eelektross, L50, M|
|poke|p1|Garchomp, L50, M, shiny|
|poke|p1|Talonflame, L50, M|
|poke|p1|Mawile, L50, F|
|poke|p1|Farigiraf, L50, F|
|poke|p1|Sneasler, L50, F, shiny|
|poke|p2|Delphox, L50, M|
|poke|p2|Clefable, L50, M|
|poke|p2|Meowscarada, L50, M|
|poke|p2|Staraptor, L50, F|
|poke|p2|Araquanid, L50, F|
|poke|p2|Luxray, L50, M|
|teampreview|4
|showteam|p1|Eelektross||Eelektrossite|Levitate|Thunderbolt,Flamethrower,GigaDrain,Protect|Timid||M|||50|]Garchomp||LifeOrb|RoughSkin|DragonClaw,RockSlide,StompingTantrum,Protect|Jolly||M|||50|]Talonflame||FocusSash|GaleWings|UpperHand,AirSlash,Overheat,Tailwind|Timid||M|||50|]Mawile||Mawilite|Intimidate|PlayRough,SuckerPunch,IronHead,Protect|Adamant||F|||50|]Farigiraf||SitrusBerry|ArmorTail|HyperVoice,Psychic,Imprison,TrickRoom|Modest||F|||50|]Sneasler||WhiteHerb|Unburden|FakeOut,CloseCombat,DireClaw,Protect|Adamant||F|||50|
|showteam|p2|Delphox||Delphoxite|Blaze|Psyshock,HeatWave,CalmMind,Protect|Timid||M|||50|]Clefable||SitrusBerry|Unaware|AlluringVoice,FollowMe,LifeDew,Protect|Bold||M|||50|]Meowscarada||ChoiceScarf|Protean|Uturn,FlowerTrick,LowKick,TripleAxel|Jolly||M|||50|]Staraptor||Staraptite|Intimidate|CloseCombat,BraveBird,Tailwind,Protect|Jolly||F|||50|]Araquanid||Leftovers|WaterBubble|Liquidation,Protect,IcyWind,WideGuard|Sassy||F|||50|]Luxray||ShucaBerry|Intimidate|WildCharge,HelpingHand,BabyDollEyes,Protect|Adamant||M|||50|
|inactive|Battle timer is ON: inactive players will automatically lose when time's up. (requested by Trejonixmix)
|inactive|LostInCalabria has 60 seconds left.
|
|t:|1786157247
|teamsize|p1|4
|teamsize|p2|4
|start
|switch|p1a: Talonflame|Talonflame, L50, M|100/100
|switch|p1b: Sneasler|Sneasler, L50, F, shiny|100/100
|switch|p2a: Delphox|Delphox, L50, M|100/100
|switch|p2b: Luxray|Luxray, L50, M|100/100
|-ability|p2b: Luxray|Intimidate|boost
|-unboost|p1a: Talonflame|atk|1
|-unboost|p1b: Sneasler|atk|1
|-enditem|p1b: Sneasler|White Herb
|-clearnegativeboost|p1b: Sneasler|[silent]
|turn|1
|inactive|Trejonixmix has 30 seconds left.
|inactive|LostInCalabria has 30 seconds left.
|inactive|LostInCalabria has 20 seconds left.
|inactive|LostInCalabria has 15 seconds left.
|inactive|LostInCalabria has 10 seconds left.
|
|t:|1786157294
|detailschange|p2a: Delphox|Delphox-Mega, L50, M
|-mega|p2a: Delphox|Delphox|Delphoxite
|move|p1b: Sneasler|Fake Out|p2b: Luxray
|-damage|p2b: Luxray|85/100
|move|p1a: Talonflame|Tailwind|p1a: Talonflame
|-sidestart|p1: Trejonixmix|move: Tailwind
|move|p2a: Delphox|Calm Mind|p2a: Delphox
|-boost|p2a: Delphox|spa|1
|-boost|p2a: Delphox|spd|1
|cant|p2b: Luxray|flinch
|
|upkeep
|turn|2
|
|t:|1786157317
|move|p1b: Sneasler|Dire Claw|p2a: Delphox
|-crit|p2a: Delphox
|-damage|p2a: Delphox|18/100
|-status|p2a: Delphox|psn
|move|p1a: Talonflame|Overheat|p2b: Luxray
|-damage|p2b: Luxray|39/100
|-unboost|p1a: Talonflame|spa|2
|move|p2a: Delphox|Psyshock|p1b: Sneasler
|-supereffective|p1b: Sneasler|2
|-crit|p1b: Sneasler
|-damage|p1b: Sneasler|0 fnt
|faint|p1b: Sneasler
|move|p2b: Luxray|Wild Charge|p1a: Talonflame
|-supereffective|p1a: Talonflame|1
|-enditem|p1a: Talonflame|Focus Sash
|-damage|p1a: Talonflame|1/100
|-damage|p2b: Luxray|18/100|[from] Recoil
|
|-damage|p2a: Delphox|6/100 psn|[from] psn
|upkeep
|
|t:|1786157328
|switch|p1b: Garchomp|Garchomp, L50, M, shiny|100/100
|turn|3
|inactive|LostInCalabria has 30 seconds left.
|inactive|LostInCalabria has 20 seconds left.
|inactive|LostInCalabria has 15 seconds left.
|
|t:|1786157370
|move|p2b: Luxray|Baby-Doll Eyes|p1b: Garchomp
|-unboost|p1b: Garchomp|atk|1
|move|p1a: Talonflame|Air Slash|p2a: Delphox
|-damage|p2a: Delphox|0 fnt
|faint|p2a: Delphox
|move|p1b: Garchomp|Stomping Tantrum|p2b: Luxray
|-supereffective|p2b: Luxray|1
|-enditem|p2b: Luxray|Shuca Berry|[eat]
|-enditem|p2b: Luxray|Shuca Berry|[weaken]
|-damage|p2b: Luxray|0 fnt
|faint|p2b: Luxray
|-damage|p1b: Garchomp|90/100|[from] item: Life Orb
|
|upkeep
|
|t:|1786157382
|switch|p2a: Meowscarada|Meowscarada, L50, M|100/100
|switch|p2b: Clefable|Clefable, L50, M|100/100
|turn|4
|inactive|Trejonixmix has 30 seconds left.
|inactive|LostInCalabria has 30 seconds left.
|inactive|Trejonixmix has 20 seconds left.
|inactive|LostInCalabria has 20 seconds left.
|inactive|Trejonixmix has 15 seconds left.
|inactive|LostInCalabria has 15 seconds left.
|
|t:|1786157426
|switch|p1a: Eelektross|Eelektross, L50, M|100/100
|move|p1b: Garchomp|Protect|p1b: Garchomp
|-singleturn|p1b: Garchomp|Protect
|move|p2b: Clefable|Follow Me|p2b: Clefable
|-singleturn|p2b: Clefable|move: Follow Me
|move|p2a: Meowscarada|Triple Axel|p1b: Garchomp
|-start|p2a: Meowscarada|typechange|Ice|[from] ability: Protean
|-activate|p1b: Garchomp|move: Protect
|
|-sideend|p1: Trejonixmix|move: Tailwind
|upkeep
|turn|5
|inactive|LostInCalabria has 30 seconds left.
|
|t:|1786157457
|switch|p1b: Talonflame|Talonflame, L50, M|1/100
|detailschange|p1a: Eelektross|Eelektross-Mega, L50, M
|-mega|p1a: Eelektross|Eelektross|Eelektrossite
|move|p2b: Clefable|Follow Me|p2b: Clefable
|-singleturn|p2b: Clefable|move: Follow Me
|move|p2a: Meowscarada|Triple Axel|p1b: Talonflame
|-damage|p1b: Talonflame|0 fnt
|faint|p1b: Talonflame
|-hitcount|p1: Talonflame|1
|move|p1a: Eelektross|Flamethrower|p2b: Clefable
|-damage|p2b: Clefable|70/100
|
|upkeep
|
|t:|1786157467
|switch|p1b: Garchomp|Garchomp, L50, M, shiny|90/100
|turn|6
|
|t:|1786157476
|move|p1b: Garchomp|Protect|p1b: Garchomp
|-singleturn|p1b: Garchomp|Protect
|move|p2b: Clefable|Follow Me|p2b: Clefable
|-singleturn|p2b: Clefable|move: Follow Me
|move|p2a: Meowscarada|Triple Axel|p1b: Garchomp
|-activate|p1b: Garchomp|move: Protect
|move|p1a: Eelektross|Flamethrower|p2b: Clefable
|-damage|p2b: Clefable|39/100
|-enditem|p2b: Clefable|Sitrus Berry|[eat]
|-heal|p2b: Clefable|64/100|[from] item: Sitrus Berry
|
|upkeep
|turn|7
|
|t:|1786157496
|move|p2b: Clefable|Follow Me|p2b: Clefable
|-singleturn|p2b: Clefable|move: Follow Me
|move|p2a: Meowscarada|Triple Axel|p1b: Garchomp
|-supereffective|p1b: Garchomp|2
|-crit|p1b: Garchomp
|-damage|p1b: Garchomp|39/100
|-damage|p2a: Meowscarada|87/100|[from] ability: Rough Skin|[of] p1b: Garchomp
|-supereffective|p1b: Garchomp|2
|-damage|p1b: Garchomp|0 fnt
|-damage|p2a: Meowscarada|75/100|[from] ability: Rough Skin|[of] p1b: Garchomp
|faint|p1b: Garchomp
|-hitcount|p1: Garchomp|2
|move|p1a: Eelektross|Thunderbolt|p2b: Clefable
|-damage|p2b: Clefable|23/100
|
|upkeep
|turn|8
|inactive|Trejonixmix has 30 seconds left.
|inactive|LostInCalabria has 30 seconds left.
|inactive|LostInCalabria has 20 seconds left.
|inactive|LostInCalabria has 15 seconds left.
|
|t:|1786157540
|move|p2b: Clefable|Follow Me|p2b: Clefable
|-singleturn|p2b: Clefable|move: Follow Me
|move|p2a: Meowscarada|Triple Axel|p1a: Eelektross
|-damage|p1a: Eelektross|86/100
|-damage|p1a: Eelektross|63/100
|-damage|p1a: Eelektross|30/100
|-hitcount|p1a: Eelektross|3
|move|p1a: Eelektross|Flamethrower|p2b: Clefable
|-damage|p2b: Clefable|0 fnt
|faint|p2b: Clefable
|-ability|p1a: Eelektross|Eelevate|boost
|-boost|p1a: Eelektross|spa|1
|
|upkeep
|turn|9
|
|t:|1786157553
|move|p2a: Meowscarada|Triple Axel|p1a: Eelektross
|-damage|p1a: Eelektross|18/100
|-damage|p1a: Eelektross|0 fnt
|faint|p1a: Eelektross
|-hitcount|p1: Eelektross|2
|
|win|LostInCalabria
||Trejonixmix is ready for game 2.
|inactive|LostInCalabria has 30 seconds to confirm battle start!
|l|☆Trejonixmix
|player|p1|
|raw|Trejonixmix's rating: 1184 → 1147(-37 for losing)
|raw|LostInCalabria's rating: 1000 → 1059(+59 for winning)
