|j|☆Polar2250
|j|☆25th_mang
|html|Polar225025th_mang    
|uhtml|bestof|Game 2 of a best-of-3
|t:|1756644168
|gametype|doubles
|player|p1|Polar2250|n|1087
|player|p2|25th_mang|ballguy|1037
|gen|9
|tier|[Gen 9] VGC 2025 Reg H (Bo3)
|rated|
|rule|Species Clause: Limit one of each Pokémon
|rule|Item Clause: Limit 1 of each item
|clearpoke
|poke|p1|Charizard, L50, F|
|poke|p1|Torkoal, L50, M|
|poke|p1|Porygon2, L50|
|poke|p1|Incineroar, L50, M|
|poke|p1|Jumpluff, L50, F|
|poke|p1|Ursaluna, L50, M|
|poke|p2|Pelipper, L50, F|
|poke|p2|Archaludon, L50, F|
|poke|p2|Quaquaval, L50, F|
|poke|p2|Kingambit, L50, F|
|poke|p2|Rillaboom, L50, F|
|poke|p2|Dragapult, L50, F|
|teampreview|4
|showteam|p1|Charizard||ChoiceSpecs|SolarPower|HeatWave,Overheat,DragonPulse,AirSlash|||F|||50|,,,,,Grass]Torkoal||EjectPack|Drought|Eruption,Overheat,HelpingHand,Protect|||M|||50|,,,,,Fire]Porygon2||Eviolite|Download|IceBeam,TeraBlast,TrickRoom,Recover||||||50|,,,,,Flying]Incineroar||SitrusBerry|Intimidate|FlareBlitz,FakeOut,DarkestLariat,PartingShot|||M|||50|,,,,,Grass]Jumpluff||CovertCloak|Chlorophyll|SleepPowder,SunnyDay,RagePowder,Tailwind|||F|||50|,,,,,Water]Ursaluna||FlameOrb|Guts|HeadlongRush,Facade,Earthquake,Protect|||M|||50|,,,,,Normal
|showteam|p2|Pelipper||ChoiceScarf|Drizzle|Hurricane,WeatherBall,Tailwind,Uturn|||F|||50|,,,,,Ghost]Archaludon||ChoiceSpecs|Sturdy|ElectroShot,FlashCannon,DracoMeteor,DragonPulse|||F|||50|,,,,,Electric]Quaquaval||FocusSash|Moxie|AquaStep,UpperHand,CloseCombat,Protect|||F|||50|,,,,,Water]Kingambit||BlackGlasses|Defiant|KowtowCleave,SuckerPunch,IronHead,Protect|||F|||50|,,,,,Dark]Rillaboom||AssaultVest|GrassySurge|FakeOut,WoodHammer,GrassyGlide,Uturn|||F|||50|,,,,,Fire]Dragapult||ChoiceBand|ClearBody|DragonDarts,Outrage,PhantomForce,Uturn|||F|||50|,,,,,Dragon
|inactive|Battle timer is ON: inactive players will automatically lose when time's up. (requested by 25th_mang)
|
|t:|1756644187
|teamsize|p1|4
|teamsize|p2|4
|start
|switch|p1a: Incineroar|Incineroar, L50, M|100/100
|switch|p1b: Porygon2|Porygon2, L50|100/100
|switch|p2a: jihyo|Rillaboom, L50, F, shiny|100/100
|switch|p2b: jeongsachaeng|Dragapult, L50, F, shiny|100/100
|-ability|p1a: Incineroar|Intimidate|boost
|-unboost|p2a: jihyo|atk|1
|-fail|p2b: jeongsachaeng|unboost|[from] ability: Clear Body|[of] p2b: jeongsachaeng
|-fieldstart|move: Grassy Terrain|[from] ability: Grassy Surge|[of] p2a: jihyo
|-ability|p1b: Porygon2|Download|boost
|-boost|p1b: Porygon2|spa|1
|turn|1
|inactive|25th_mang has 30 seconds left.
|inactive|25th_mang has 20 seconds left.
|inactive|25th_mang has 15 seconds left.
|inactive|25th_mang has 10 seconds left.
|
|t:|1756644233
|move|p1a: Incineroar|Fake Out|p2a: jihyo
|-damage|p2a: jihyo|90/100
|cant|p2a: jihyo|flinch
|move|p2b: jeongsachaeng|Dragon Darts|p1b: Porygon2
|-damage|p1b: Porygon2|74/100
|-anim|p2b: jeongsachaeng|Dragon Darts|p1a: Incineroar
|-damage|p1a: Incineroar|60/100
|move|p1b: Porygon2|Trick Room|p1b: Porygon2
|-fieldstart|move: Trick Room|[of] p1b: Porygon2
|
|-heal|p1b: Porygon2|80/100|[from] Grassy Terrain
|-heal|p2a: jihyo|96/100|[from] Grassy Terrain
|-heal|p1a: Incineroar|66/100|[from] Grassy Terrain
|upkeep
|turn|2
|inactive|Polar2250 has 30 seconds left.
|inactive|25th_mang has 30 seconds left.
|inactive|25th_mang has 20 seconds left.
|inactive|25th_mang has 15 seconds left.
|inactive|25th_mang has 10 seconds left.
|
|t:|1756644282
|switch|p2b: dahyun|Pelipper, L50, F|100/100
|-weather|RainDance|[from] ability: Drizzle|[of] p2b: dahyun
|move|p1b: Porygon2|Ice Beam|p2b: dahyun
|-damage|p2b: dahyun|28/100
|move|p2a: jihyo|U-turn|p1b: Porygon2
|-damage|p1b: Porygon2|69/100
|l|☆Polar2250
|inactive|Polar2250 disconnected and has a minute to reconnect!
|player|p1|
|
|t:|1756644296
|switch|p2a: jeongsachaeng|Dragapult, L50, F, shiny|100/100|[from] U-turn
|move|p1a: Incineroar|Parting Shot|p2b: dahyun
|-unboost|p2b: dahyun|atk|1
|-unboost|p2b: dahyun|spa|1
|j|☆Polar2250
|inactive|Polar2250 reconnected and has 45 seconds left.
|player|p1|Polar2250|n|
|inactive|Polar2250 has 30 seconds left.
|
|t:|1756644323
|switch|p1a: Ursaluna|Ursaluna, L50, M|100/100|[from] Parting Shot
|
|-weather|RainDance|[upkeep]
|-heal|p1b: Porygon2|75/100|[from] Grassy Terrain
|-status|p1a: Ursaluna|brn|[from] item: Flame Orb
|upkeep
|turn|3
|inactive|Polar2250 has 30 seconds left.
|inactive|25th_mang has 30 seconds left.
|inactive|25th_mang has 20 seconds left.
|
|t:|1756644360
|switch|p2b: jihyo|Rillaboom, L50, F, shiny|96/100
|-terastallize|p1b: Porygon2|Flying
|move|p1b: Porygon2|Recover|p1b: Porygon2
|-heal|p1b: Porygon2|100/100
|move|p1a: Ursaluna|Earthquake|p2b: jihyo|[spread] p2a,p2b
|-immune|p1b: Porygon2
|-resisted|p2b: jihyo
|-damage|p2a: jeongsachaeng|52/100
|-damage|p2b: jihyo|80/100
|move|p2a: jeongsachaeng|Outrage|p1b: Porygon2
|-damage|p1b: Porygon2|34/100
|
|-weather|RainDance|[upkeep]
|-heal|p2b: jihyo|86/100|[from] Grassy Terrain
|-heal|p2a: jeongsachaeng|58/100|[from] Grassy Terrain
|-damage|p1a: Ursaluna|95/100 brn|[from] brn
|upkeep
|turn|4
|inactive|Polar2250 has 30 seconds left.
|inactive|Polar2250 has 20 seconds left.
|inactive|Polar2250 has 15 seconds left.
|inactive|Polar2250 has 10 seconds left.
|inactive|Polar2250 has 5 seconds left.
|
|t:|1756644415
|move|p2b: jihyo|Fake Out|p1b: Porygon2
|-damage|p1b: Porygon2|24/100
|cant|p1b: Porygon2|flinch
|move|p1a: Ursaluna|Headlong Rush|p2a: jeongsachaeng
|-damage|p2a: jeongsachaeng|0 fnt
|-unboost|p1a: Ursaluna|def|1
|-unboost|p1a: Ursaluna|spd|1
|faint|p2a: jeongsachaeng
|
|-weather|RainDance|[upkeep]
|-heal|p1a: Ursaluna|100/100 brn|[from] Grassy Terrain
|-heal|p2b: jihyo|92/100|[from] Grassy Terrain
|-damage|p1a: Ursaluna|95/100 brn|[from] brn
|upkeep
|
|t:|1756644432
|switch|p2a: momo|Quaquaval, L50, F, shiny|100/100
|turn|5
|inactive|25th_mang has 30 seconds left.
|
|t:|1756644463
|-terastallize|p2a: momo|Water
|move|p2b: jihyo|Grassy Glide|p1a: Ursaluna
|-supereffective|p1a: Ursaluna
|-damage|p1a: Ursaluna|0 fnt
|faint|p1a: Ursaluna
|move|p1b: Porygon2|Tera Blast|p2a: momo|[anim] Tera Blast Flying
|-damage|p2a: momo|18/100
|move|p2a: momo|Aqua Step|p1b: Porygon2
|-crit|p1b: Porygon2
|-damage|p1b: Porygon2|0 fnt
|-boost|p2a: momo|spe|1
|faint|p1b: Porygon2
|-ability|p2a: momo|Moxie|boost
|-boost|p2a: momo|atk|1
|
|-weather|RainDance|[upkeep]
|-heal|p2b: jihyo|98/100|[from] Grassy Terrain
|-heal|p2a: momo|24/100|[from] Grassy Terrain
|-fieldend|move: Trick Room
|-fieldend|move: Grassy Terrain
|upkeep
|
|t:|1756644484
|switch|p1a: Torkoal|Torkoal, L50, M|100/100
|switch|p1b: Incineroar|Incineroar, L50, M|66/100
|-ability|p1b: Incineroar|Intimidate|boost
|-unboost|p2a: momo|atk|1
|-unboost|p2b: jihyo|atk|1
|-weather|SunnyDay|[from] ability: Drought|[of] p1a: Torkoal
|turn|6
|
|t:|1756644495
|switch|p2b: dahyun|Pelipper, L50, F|28/100
|-weather|RainDance|[from] ability: Drizzle|[of] p2b: dahyun
|move|p2a: momo|Protect|p2a: momo
|-singleturn|p2a: momo|Protect
|move|p1b: Incineroar|Fake Out|p2a: momo
|-activate|p2a: momo|move: Protect
|move|p1a: Torkoal|Eruption|p2a: momo|[spread] p2b
|-activate|p2a: momo|move: Protect
|-resisted|p2b: dahyun
|-damage|p2b: dahyun|6/100
|
|-weather|RainDance|[upkeep]
|upkeep
|turn|7
|inactive|Polar2250 has 30 seconds left.
|
|t:|1756644527
|move|p1a: Torkoal|Protect|p1a: Torkoal
|-singleturn|p1a: Torkoal|Protect
|move|p2a: momo|Aqua Step|p1b: Incineroar
|-supereffective|p1b: Incineroar
|-damage|p1b: Incineroar|0 fnt
|-boost|p2a: momo|spe|1
|faint|p1b: Incineroar
|-ability|p2a: momo|Moxie|boost
|-boost|p2a: momo|atk|1
|move|p2b: dahyun|Weather Ball|p1a: Torkoal
|-activate|p1a: Torkoal|move: Protect
|
|-weather|RainDance|[upkeep]
|upkeep
|turn|8
|-message|Polar2250 forfeited.
|
|win|25th_mang
|raw|Polar2250's rating: 1087 → 1061(-26 for losing)
|raw|25th_mang's rating: 1037 → 1076(+39 for winning)
|l|☆Polar2250
|player|p1|
