|j|☆BanFox Blizzards
|j|☆Nails
|html|BanFox BlizzardsNails    
|uhtml|bestof|Game 3 of a best-of-3
|t:|1783376160
|gametype|doubles
|player|p1|BanFox Blizzards|gentleman-gen4dp|
|player|p2|Nails|#scl2terrors|
|gen|9
|tier|[Gen 9 Champions] VGC 2026 Reg M-B (Bo3)
|rule|Species Clause: Limit one of each Pokémon
|rule|Item Clause: Limit 1 of each item
|clearpoke
|poke|p1|Kingambit, L50, M|
|poke|p1|Charizard, L50, M|
|poke|p1|Aerodactyl, L50, M|
|poke|p1|Farigiraf, L50, F|
|poke|p1|Garchomp, L50, M|
|poke|p1|Sylveon, L50, M|
|poke|p2|Sinistcha, L50|
|poke|p2|Floette-Eternal, L50, F|
|poke|p2|Sneasler, L50, M|
|poke|p2|Incineroar, L50, M|
|poke|p2|Blastoise, L50, F|
|poke|p2|Kingambit, L50, M|
|teampreview|4
|showteam|p1|Kingambit||FocusSash|Defiant|KowtowCleave,IronHead,SuckerPunch,LowKick|Adamant||M|||50|]Charizard||CharizarditeY|Blaze|HeatWave,SolarBeam,WeatherBall,Protect|Modest||M|||50|]Aerodactyl||Aerodactylite|Unnerve|RockSlide,DualWingbeat,IceFang,Tailwind|Jolly||M|||50|]Farigiraf||SitrusBerry|ArmorTail|Psychic,Thunderbolt,TrickRoom,Protect|Bold||F|||50|]Garchomp||LifeOrb|RoughSkin|Earthquake,DragonClaw,StompingTantrum,Protect|Jolly||M|||50|]Sylveon||FairyFeather|Pixilate|HyperVoice,HyperBeam,QuickAttack,Protect|Modest||M|||50|
|showteam|p2|Sinistcha||KasibBerry|Hospitality|MatchaGotcha,LifeDew,RagePowder,Protect|Relaxed|||||50|]Floette-Eternal||Floettite|FlowerVeil|DazzlingGleam,DrainingKiss,CalmMind,Protect|Timid||F|||50|]Sneasler||FocusSash|PoisonTouch|CloseCombat,DireClaw,FakeOut,Protect|Jolly||M|||50|]Incineroar||SitrusBerry|Intimidate|FlareBlitz,FakeOut,HelpingHand,PartingShot|Impish||M|||50|]Blastoise||Blastoisinite|RainDish|WaterSpout,DarkPulse,ShellSmash,Protect|Modest||F|||50|]Kingambit||BlackGlasses|Defiant|KowtowCleave,SuckerPunch,SwordsDance,Protect|Adamant||M|||50|
|j| YOASOBI stan
|j| RylektVGC
|j|+Howkings
|j| templevgc
|j| SeaWolfMikes
|j| NJ11VGC
|j| Keith Jones
|j| TabuVGC
|
|t:|1783376213
|teamsize|p1|4
|teamsize|p2|4
|start
|switch|p1a: Charizard|Charizard, L50, M|100/100
|switch|p1b: Kingambit|Kingambit, L50, M|100/100
|switch|p2a: Sneasler|Sneasler, L50, M|100/100
|switch|p2b: Blastoise|Blastoise, L50, F|100/100
|turn|1
|inactive|Battle timer is ON: inactive players will automatically lose when time's up. (requested by BanFox Blizzards)
|inactive|Nails has 60 seconds left.
|
|t:|1783376257
|switch|p1b: Farigiraf|Farigiraf, L50, F|100/100
|detailschange|p2b: Blastoise|Blastoise-Mega, L50, F
|-mega|p2b: Blastoise|Blastoise|Blastoisinite
|detailschange|p1a: Charizard|Charizard-Mega-Y, L50, M
|-mega|p1a: Charizard|Charizard|Charizardite Y
|-weather|SunnyDay|[from] ability: Drought|[of] p1a: Charizard
|move|p2a: Sneasler|Dire Claw|p1a: Charizard
|-damage|p1a: Charizard|63/100
|-status|p1a: Charizard|psn
|move|p2b: Blastoise|Water Spout|p1a: Charizard|[spread] p1a,p1b
|-supereffective|p1a: Charizard|1
|-damage|p1a: Charizard|7/100 psn
|-damage|p1b: Farigiraf|71/100
|move|p1a: Charizard|Solar Beam||[still]
|-prepare|p1a: Charizard|Solar Beam
|-anim|p1a: Charizard|Solar Beam|p2b: Blastoise
|-supereffective|p2b: Blastoise|1
|-damage|p2b: Blastoise|3/100
|
|-weather|SunnyDay|[upkeep]
|-damage|p1a: Charizard|0 fnt|[from] psn
|faint|p1a: Charizard
|upkeep
|
|t:|1783376267
|switch|p1a: Aerodactyl|Aerodactyl, L50, M|100/100
|-ability|p1a: Aerodactyl|Unnerve
|turn|2
|inactive|BanFox Blizzards has 30 seconds left.
|inactive|Nails has 30 seconds left.
|inactive|Nails has 20 seconds left.
|inactive|Nails has 15 seconds left.
|inactive|Nails has 10 seconds left.
|inactive|Nails has 5 seconds left.
|
|t:|1783376318
|switch|p2a: Incineroar|Incineroar, L50, M|100/100
|-ability|p2a: Incineroar|Intimidate|boost
|-unboost|p1a: Aerodactyl|atk|1
|-unboost|p1b: Farigiraf|atk|1
|switch|p2b: Sinistcha|Sinistcha, L50|100/100
|move|p1a: Aerodactyl|Rock Slide|p2b: Sinistcha|[spread] p2a
|-miss|p1a: Aerodactyl|p2b: Sinistcha
|-supereffective|p2a: Incineroar|1
|-damage|p2a: Incineroar|79/100
|move|p1b: Farigiraf|Psychic|p2a: Incineroar
|-immune|p2a: Incineroar
|
|-weather|SunnyDay|[upkeep]
|upkeep
|turn|3
|inactive|Nails has 30 seconds left.
|inactive|Nails has 20 seconds left.
|inactive|Nails has 15 seconds left.
|inactive|Nails has 10 seconds left.
|
|t:|1783376363
|move|p1a: Aerodactyl|Rock Slide|p2a: Incineroar|[spread] p2b
|-miss|p1a: Aerodactyl|p2a: Incineroar
|-damage|p2b: Sinistcha|88/100
|move|p2a: Incineroar|Flare Blitz|p1a: Aerodactyl
|-resisted|p1a: Aerodactyl|1
|-damage|p1a: Aerodactyl|48/100
|-damage|p2a: Incineroar|63/100|[from] Recoil
|cant|p2b: Sinistcha|flinch
|move|p1b: Farigiraf|Psychic|p2b: Sinistcha
|-damage|p2b: Sinistcha|53/100
|
|-weather|SunnyDay|[upkeep]
|upkeep
|turn|4
|inactive|Nails has 30 seconds left.
|inactive|Nails has 20 seconds left.
|inactive|Nails has 15 seconds left.
|inactive|Nails has 10 seconds left.
|
|t:|1783376411
|switch|p2b: Blastoise|Blastoise-Mega, L50, F|3/100
|move|p1a: Aerodactyl|Rock Slide|p2a: Incineroar|[spread] p2a
|-miss|p1a: Aerodactyl|p2b: Blastoise
|-supereffective|p2a: Incineroar|1
|-damage|p2a: Incineroar|42/100
|cant|p2a: Incineroar|flinch
|move|p1b: Farigiraf|Thunderbolt|p2a: Incineroar
|-damage|p2a: Incineroar|23/100
|
|-weather|SunnyDay|[upkeep]
|upkeep
|turn|5
|inactive|BanFox Blizzards has 30 seconds left.
|inactive|Nails has 30 seconds left.
|inactive|BanFox Blizzards has 20 seconds left.
|inactive|Nails has 20 seconds left.
|inactive|BanFox Blizzards has 15 seconds left.
|inactive|Nails has 15 seconds left.
|
|t:|1783376456
|switch|p2a: Sinistcha|Sinistcha, L50|53/100
|-heal|p2b: Blastoise|27/100|[from] ability: Hospitality|[of] p2a: Sinistcha
|move|p1a: Aerodactyl|Rock Slide|p2b: Blastoise|[spread] p2a,p2b
|-damage|p2a: Sinistcha|43/100
|-damage|p2b: Blastoise|14/100
|move|p2b: Blastoise|Dark Pulse|p1b: Farigiraf
|-supereffective|p1b: Farigiraf|1
|-damage|p1b: Farigiraf|0 fnt
|faint|p1b: Farigiraf
|
|-weather|none
|upkeep
|
|t:|1783376459
|switch|p1b: Kingambit|Kingambit, L50, M|100/100
|turn|6
|j| Finabas
|inactive|Nails has 30 seconds left.
|j| zgrzgr
|inactive|Nails has 20 seconds left.
|inactive|Nails has 15 seconds left.
|inactive|Nails has 10 seconds left.
|inactive|Nails has 5 seconds left.
|
|t:|1783376510
|move|p2b: Blastoise|Protect|p2b: Blastoise
|-singleturn|p2b: Blastoise|Protect
|move|p1a: Aerodactyl|Tailwind|p1a: Aerodactyl
|-sidestart|p1: BanFox Blizzards|move: Tailwind
|move|p1b: Kingambit|Kowtow Cleave|p2b: Blastoise
|-activate|p2b: Blastoise|move: Protect
|move|p2a: Sinistcha|Life Dew|p2a: Sinistcha|[spread] p2a,p2b
|-heal|p2a: Sinistcha|68/100
|-heal|p2b: Blastoise|39/100
|
|upkeep
|turn|7
|inactive|Nails has 30 seconds left.
|inactive|Nails has 20 seconds left.
|
|t:|1783376549
|move|p2a: Sinistcha|Rage Powder|p2a: Sinistcha
|-singleturn|p2a: Sinistcha|move: Rage Powder
|move|p1a: Aerodactyl|Rock Slide|p2b: Blastoise|[spread] p2a,p2b
|-damage|p2a: Sinistcha|56/100
|-damage|p2b: Blastoise|25/100
|move|p1b: Kingambit|Kowtow Cleave|p2a: Sinistcha
|-supereffective|p2a: Sinistcha|1
|-damage|p2a: Sinistcha|0 fnt
|faint|p2a: Sinistcha
|cant|p2b: Blastoise|flinch
|
|upkeep
|l| zgrzgr
|
|t:|1783376573
|switch|p2a: Incineroar|Incineroar, L50, M|23/100
|-ability|p2a: Incineroar|Intimidate|boost
|-unboost|p1a: Aerodactyl|atk|1
|-unboost|p1b: Kingambit|atk|1
|-ability|p1b: Kingambit|Defiant|boost
|-boost|p1b: Kingambit|atk|2
|turn|8
|
|t:|1783376589
|move|p2a: Incineroar|Fake Out|p1b: Kingambit
|-resisted|p1b: Kingambit|1
|-damage|p1b: Kingambit|94/100
|move|p1a: Aerodactyl|Rock Slide|p2a: Incineroar|[spread] p2a,p2b
|-supereffective|p2a: Incineroar|1
|-damage|p2a: Incineroar|5/100
|-damage|p2b: Blastoise|13/100
|cant|p1b: Kingambit|flinch
|move|p2b: Blastoise|Dark Pulse|p1a: Aerodactyl
|-damage|p1a: Aerodactyl|0 fnt
|-enditem|p2a: Incineroar|Sitrus Berry|[eat]
|-heal|p2a: Incineroar|30/100|[from] item: Sitrus Berry
|faint|p1a: Aerodactyl
|
|upkeep
|turn|9
|c|☆Nails|ggs
|
|t:|1783376601
|move|p1b: Kingambit|Low Kick|p2a: Incineroar
|-supereffective|p2a: Incineroar|1
|-damage|p2a: Incineroar|0 fnt
|faint|p2a: Incineroar
|move|p2b: Blastoise|Dark Pulse|p1b: Kingambit
|-resisted|p1b: Kingambit|1
|-damage|p1b: Kingambit|69/100
|
|-sideend|p1: BanFox Blizzards|move: Tailwind
|upkeep
|c|☆BanFox Blizzards|ggs
|
|t:|1783376602
|switch|p2a: Sneasler|Sneasler, L50, M|100/100
|turn|10
|
|t:|1783376606
|move|p2a: Sneasler|Close Combat|p1b: Kingambit
|-supereffective|p1b: Kingambit|2
|-damage|p1b: Kingambit|0 fnt
|-unboost|p2a: Sneasler|def|1
|-unboost|p2a: Sneasler|spd|1
|faint|p1b: Kingambit
|
|win|Nails
|l| NJ11VGC
|l| SeaWolfMikes
|l|☆BanFox Blizzards
|player|p1|
|l| YOASOBI stan
|j| RolloutsForever
|l| RolloutsForever
|l| Keith Jones
|j| redjoker2048
|l| redjoker2048
|l| Finabas
|l|+Howkings
|j| Vikram chan
|l| Vikram chan
|j| MichaelderBeste2
|l| MichaelderBeste2
|j| Buzzcut Mochi
|l| Buzzcut Mochi
|l| templevgc
|j| vkelap9
