|j|☆Meowraure
|j|☆DrCups
|html|MeowraureDrCups    
|uhtml|bestof|Game 2 of a best-of-3
|t:|1784521170
|gametype|doubles
|player|p1|Meowraure|101|1189
|player|p2|DrCups|1|1214
|gen|9
|tier|[Gen 9 Champions] VGC 2026 Reg M-B (Bo3)
|rated|
|rule|Species Clause: Limit one of each Pokémon
|rule|Item Clause: Limit 1 of each item
|clearpoke
|poke|p1|Vivillon, L50, M|
|poke|p1|Ninetales-Alola, L50, F|
|poke|p1|Charizard, L50, F|
|poke|p1|Lycanroc-Dusk, L50, M|
|poke|p1|Farigiraf, L50, F|
|poke|p1|Raichu, L50, F|
|poke|p2|Gengar, L50, M|
|poke|p2|Archaludon, L50, M|
|poke|p2|Politoed, L50, F|
|poke|p2|Swampert, L50, M|
|poke|p2|Vivillon-Fancy, L50, M|
|poke|p2|Incineroar, L50, F|
|teampreview|4
|showteam|p1|Vivillon||FocusSash|CompoundEyes|SleepPowder,Hurricane,Protect,Tailwind|Timid||M|||50|]Ninetales-Alola||LightClay|SnowWarning|AuroraVeil,DazzlingGleam,FreezeDry,BabyDollEyes|Timid||F|||50|]Charizard||CharizarditeX|Blaze|RockSlide,FlareBlitz,DragonClaw,Protect|Jolly||F|||50|]Lycanroc-Dusk||ExpertBelt|ToughClaws|PsychicFangs,Accelerock,CloseCombat,Protect|Adamant||M|||50|]Farigiraf||SitrusBerry|ArmorTail|CalmMind,Protect,TwinBeam,HyperVoice|Bold||F|||50|]Raichu||RaichuniteY|LightningRod|FakeOut,ZapCannon,FocusBlast,UpperHand|Hasty||F|||50|
|showteam|p2|Gengar||Gengarite|CursedBody|ShadowBall,SludgeBomb,PerishSong,Protect|Modest||M|||50|]Archaludon||Leftovers|Stamina|ElectroShot,DragonPulse,FlashCannon,Protect|Bold||M|||50|]Politoed||SitrusBerry|Drizzle|WeatherBall,Hypnosis,PerishSong,Protect|Calm||F|||50|]Swampert||Swampertite|Torrent|WaveCrash,Earthquake,IcePunch,Protect|Adamant||M|||50|]Vivillon-Fancy||FocusSash|CompoundEyes|Hurricane,SleepPowder,RagePowder,Protect|Timid||M|||50|]Incineroar||PasshoBerry|Intimidate|ThroatChop,FakeOut,PartingShot,Protect|Impish||F|||50|
|j| Chafemillr
|
|t:|1784521204
|teamsize|p1|4
|teamsize|p2|4
|start
|switch|p1a: Vivillon|Vivillon, L50, M|100/100
|switch|p1b: Lycanroc|Lycanroc-Dusk, L50, M|100/100
|switch|p2a: Gengar|Gengar, L50, M|100/100
|switch|p2b: Incineroar|Incineroar, L50, F|100/100
|-ability|p2b: Incineroar|Intimidate|boost
|-unboost|p1a: Vivillon|atk|1
|-unboost|p1b: Lycanroc|atk|1
|turn|1
|
|t:|1784521233
|switch|p1a: Farigiraf|Farigiraf, L50, F|100/100
|detailschange|p2a: Gengar|Gengar-Mega, L50, M
|-mega|p2a: Gengar|Gengar|Gengarite
|move|p1b: Lycanroc|Psychic Fangs|p2a: Gengar
|-supereffective|p2a: Gengar|1
|-damage|p2a: Gengar|24/100
|move|p2a: Gengar|Perish Song|p2a: Gengar
|-start|p1a: Farigiraf|perish3|[silent]
|-start|p1b: Lycanroc|perish3|[silent]
|-start|p2a: Gengar|perish3|[silent]
|-start|p2b: Incineroar|perish3|[silent]
|-fieldactivate|move: Perish Song
|move|p2b: Incineroar|Parting Shot|p1a: Farigiraf
|-unboost|p1a: Farigiraf|atk|1
|-unboost|p1a: Farigiraf|spa|1
|
|t:|1784521246
|switch|p2b: Politoed|Politoed, L50, F|100/100|[from] Parting Shot
|-weather|RainDance|[from] ability: Drizzle|[of] p2b: Politoed
|
|-weather|RainDance|[upkeep]
|-start|p1b: Lycanroc|perish3
|-start|p2a: Gengar|perish3
|-start|p1a: Farigiraf|perish3
|upkeep
|turn|2
|inactive|Battle timer is ON: inactive players will automatically lose when time's up. (requested by DrCups)
|
|t:|1784521265
|move|p2a: Gengar|Protect|p2a: Gengar
|-singleturn|p2a: Gengar|Protect
|move|p1b: Lycanroc|Psychic Fangs|p2a: Gengar
|-activate|p2a: Gengar|move: Protect
|move|p2b: Politoed|Weather Ball|p1b: Lycanroc
|-supereffective|p1b: Lycanroc|1
|-damage|p1b: Lycanroc|0 fnt
|faint|p1b: Lycanroc
|move|p1a: Farigiraf|Calm Mind|p1a: Farigiraf
|-boost|p1a: Farigiraf|spa|1
|-boost|p1a: Farigiraf|spd|1
|
|-weather|RainDance|[upkeep]
|-start|p2a: Gengar|perish2
|-start|p1a: Farigiraf|perish2
|upkeep
|
|t:|1784521281
|switch|p1b: Raichu|Raichu, L50, F|100/100
|turn|3
|
|t:|1784521303
|switch|p2a: Incineroar|Incineroar, L50, F|100/100
|-ability|p2a: Incineroar|Intimidate|boost
|-unboost|p1a: Farigiraf|atk|1
|-unboost|p1b: Raichu|atk|1
|detailschange|p1b: Raichu|Raichu-Mega-Y, L50, F
|-mega|p1b: Raichu|Raichu|Raichunite Y
|move|p1b: Raichu|Zap Cannon|p2b: Politoed
|-supereffective|p2b: Politoed|1
|-damage|p2b: Politoed|0 fnt
|faint|p2b: Politoed
|move|p1a: Farigiraf|Twin Beam|p2a: Incineroar
|-immune|p2a: Incineroar
|
|-weather|RainDance|[upkeep]
|-start|p1a: Farigiraf|perish1
|upkeep
|
|t:|1784521318
|switch|p2b: Gengar|Gengar-Mega, L50, M|24/100
|turn|4
|inactive|Meowraure has 30 seconds left.
|
|t:|1784521350
|move|p2b: Gengar|Protect|p2b: Gengar
|-singleturn|p2b: Gengar|Protect
|move|p1b: Raichu|Focus Blast|p2a: Incineroar
|-supereffective|p2a: Incineroar|1
|-damage|p2a: Incineroar|27/100
|move|p1a: Farigiraf|Hyper Voice|p2a: Incineroar|[spread] p2a
|-activate|p2b: Gengar|move: Protect
|-damage|p2a: Incineroar|9/100
|move|p2a: Incineroar|Parting Shot|p1b: Raichu
|-unboost|p1b: Raichu|atk|1
|-unboost|p1b: Raichu|spa|1
|
|t:|1784521363
|switch|p2a: Archaludon|Archaludon, L50, M|100/100|[from] Parting Shot
|
|-weather|RainDance|[upkeep]
|-start|p1a: Farigiraf|perish0
|faint|p1a: Farigiraf
|upkeep
|
|t:|1784521368
|switch|p1a: Vivillon|Vivillon, L50, M|100/100
|turn|5
|inactive|DrCups has 30 seconds left.
|
|t:|1784521393
|move|p1b: Raichu|Zap Cannon|p2b: Gengar
|-damage|p2b: Gengar|0 fnt
|faint|p2b: Gengar
|move|p1a: Vivillon|Sleep Powder|p2a: Archaludon
|-status|p2a: Archaludon|slp|[from] move: Sleep Powder
|cant|p2a: Archaludon|slp
|
|-weather|none
|upkeep
|
|t:|1784521399
|switch|p2b: Incineroar|Incineroar, L50, F|9/100
|-ability|p2b: Incineroar|Intimidate|boost
|-unboost|p1a: Vivillon|atk|1
|-unboost|p1b: Raichu|atk|1
|turn|6
|
|t:|1784521420
|move|p1b: Raichu|Upper Hand|p2b: Incineroar
|-supereffective|p2b: Incineroar|1
|-damage|p2b: Incineroar|0 fnt
|faint|p2b: Incineroar
|move|p1a: Vivillon|Sleep Powder|p2a: Archaludon
|-fail|p2a: Archaludon|slp
|-curestatus|p2a: Archaludon|slp|[msg]
|move|p2a: Archaludon|Dragon Pulse|p1a: Vivillon
|-damage|p1a: Vivillon|23/100
|
|upkeep
|turn|7
|
|t:|1784521430
|move|p1b: Raichu|Focus Blast|p2a: Archaludon
|-supereffective|p2a: Archaludon|1
|-damage|p2a: Archaludon|35/100
|-ability|p2a: Archaludon|Stamina|boost
|-boost|p2a: Archaludon|def|1
|move|p1a: Vivillon|Sleep Powder|p2a: Archaludon
|-status|p2a: Archaludon|slp|[from] move: Sleep Powder
|cant|p2a: Archaludon|slp
|
|-heal|p2a: Archaludon|41/100 slp|[from] item: Leftovers
|upkeep
|turn|8
|
|t:|1784521444
|move|p1b: Raichu|Focus Blast|p2a: Archaludon
|-supereffective|p2a: Archaludon|1
|-damage|p2a: Archaludon|0 fnt
|faint|p2a: Archaludon
|
|win|Meowraure
|raw|Meowraure's rating: 1189 → 1216(+27 for winning)
|raw|DrCups's rating: 1214 → 1187(-27 for losing)
|l|☆DrCups
|player|p2|
