|j|☆MrTedno
|j|☆rokesaurio
|html|MrTednorokesaurio    
|uhtml|bestof|Game 1 of a best-of-3
|t:|1756240003
|gametype|doubles
|player|p1|MrTedno|barry|1230
|player|p2|rokesaurio|101|1280
|gen|9
|tier|[Gen 9] VGC 2025 Reg H (Bo3)
|rated|
|rule|Species Clause: Limit one of each Pokémon
|rule|Item Clause: Limit 1 of each item
|clearpoke
|poke|p1|Dondozo, L50, F|
|poke|p1|Tatsugiri, L50, M|
|poke|p1|Politoed, L50, M|
|poke|p1|Archaludon, L50, F|
|poke|p1|Amoonguss, L50, M|
|poke|p1|Overqwil, L50, F|
|poke|p2|Archaludon, L50, F|
|poke|p2|Pelipper, L50, M|
|poke|p2|Ursaluna, L50, M|
|poke|p2|Sinistcha-Masterpiece, L50|
|poke|p2|Dragonite, L50, F|
|poke|p2|Incineroar, L50, F|
|teampreview|4
|showteam|p1|Dondozo||LifeOrb|Unaware|Surf,Protect,SleepTalk|||F|||50|,,,,,Water]Tatsugiri||FocusSash|Commander|DracoMeteor,Protect,MuddyWater,Taunt|||M|||50|,,,,,Stellar]Politoed||SitrusBerry|Drizzle|WeatherBall,IceBeam,Haze,Protect|||M|||50|,,,,,Steel]Archaludon||AssaultVest|Stamina|BodyPress,ElectroShot,DragonPulse,FlashCannon|||F|||50|,,,,,Grass]Amoonguss||RockyHelmet|Regenerator|Spore,RagePowder,PollenPuff,Protect|||M|||50|,,,,,Fairy]Overqwil||ChoiceBand|SwiftSwim|PoisonJab,ThroatChop,Liquidation,PinMissile|||F|||50|,,,,,Ghost
|showteam|p2|Archaludon||AssaultVest|Stamina|ElectroShot,Snarl,FlashCannon,BodyPress|||F|||50|,,,,,Fighting]Pelipper||FocusSash|Drizzle|MuddyWater,Protect,WideGuard,Hurricane|||M|||50|,,,,,Ghost]Ursaluna||FlameOrb|Guts|Facade,HeadlongRush,Protect,Earthquake|||M|||50|,,,,,Ghost]Sinistcha-Masterpiece||SitrusBerry|Hospitality|MatchaGotcha,TrickRoom,RagePowder,LifeDew||||||50|,,,,,Water]Dragonite||LoadedDice|Multiscale|ScaleShot,Haze,Tailwind,Protect|||F|||50|,,,,,Fairy]Incineroar||SafetyGoggles|Intimidate|FlareBlitz,FakeOut,PartingShot,KnockOff|||F|||50|,,,,,Flying
|inactive|Battle timer is ON: inactive players will automatically lose when time's up. (requested by rokesaurio)
|c|☆MrTedno|glhf
|inactive|MrTedno has 60 seconds left.
|inactive|rokesaurio has 60 seconds left.
|inactive|MrTedno has 30 seconds left.
|
|t:|1756240069
|teamsize|p1|4
|teamsize|p2|4
|start
|switch|p1a: Turnip|Amoonguss, L50, M|100/100
|switch|p1b: Barnacles|Archaludon, L50, F|100/100
|switch|p2a: Archaludon|Archaludon, L50, F|100/100
|switch|p2b: Pelipper|Pelipper, L50, M|100/100
|-weather|RainDance|[from] ability: Drizzle|[of] p2b: Pelipper
|turn|1
|c|☆rokesaurio|U2
|inactive|rokesaurio has 30 seconds left.
|
|t:|1756240097
|-terastallize|p1a: Turnip|Fairy
|move|p2b: Pelipper|Protect|p2b: Pelipper
|-singleturn|p2b: Pelipper|Protect
|move|p1b: Barnacles|Electro Shot||[still]
|-prepare|p1b: Barnacles|Electro Shot
|-boost|p1b: Barnacles|spa|1
|-anim|p1b: Barnacles|Electro Shot|p2b: Pelipper
|-activate|p2b: Pelipper|move: Protect
|move|p2a: Archaludon|Flash Cannon|p1a: Turnip
|-supereffective|p1a: Turnip
|-damage|p1a: Turnip|32/100
|move|p1a: Turnip|Spore|p2a: Archaludon
|-status|p2a: Archaludon|slp|[from] move: Spore
|
|-weather|RainDance|[upkeep]
|upkeep
|turn|2
|
|t:|1756240120
|switch|p1a: Peso|Tatsugiri, L50, M|100/100
|move|p1b: Barnacles|Electro Shot||[still]
|-prepare|p1b: Barnacles|Electro Shot
|-boost|p1b: Barnacles|spa|1
|-anim|p1b: Barnacles|Electro Shot|p2b: Pelipper
|-supereffective|p2b: Pelipper
|-crit|p2b: Pelipper
|-enditem|p2b: Pelipper|Focus Sash
|-damage|p2b: Pelipper|1/100
|cant|p2a: Archaludon|slp
|move|p2b: Pelipper|Muddy Water|p1a: Peso|[spread] p1a
|-miss|p2b: Pelipper|p1b: Barnacles
|-resisted|p1a: Peso
|-damage|p1a: Peso|87/100
|
|-weather|RainDance|[upkeep]
|upkeep
|turn|3
|inactive|MrTedno has 30 seconds left.
|
|t:|1756240150
|switch|p2b: Dragonite|Dragonite, L50, F|100/100
|move|p1a: Peso|Draco Meteor|p2a: Archaludon
|-damage|p2a: Archaludon|56/100 slp
|-unboost|p1a: Peso|spa|2
|-ability|p2a: Archaludon|Stamina|boost
|-boost|p2a: Archaludon|def|1
|move|p1b: Barnacles|Dragon Pulse|p2a: Archaludon
|-crit|p2a: Archaludon
|-damage|p2a: Archaludon|0 fnt
|faint|p2a: Archaludon
|
|-weather|RainDance|[upkeep]
|upkeep
|
|t:|1756240158
|switch|p2a: Pelipper|Pelipper, L50, M|1/100
|turn|4
|inactive|MrTedno has 30 seconds left.
|inactive|MrTedno has 20 seconds left.
|
|t:|1756240194
|-terastallize|p2b: Dragonite|Fairy
|move|p1a: Peso|Muddy Water|p2a: Pelipper|[spread] p2a
|-miss|p1a: Peso|p2b: Dragonite
|-resisted|p2a: Pelipper
|-damage|p2a: Pelipper|0 fnt
|faint|p2a: Pelipper
|move|p2b: Dragonite|Scale Shot|p1a: Peso
|-supereffective|p1a: Peso
|-damage|p1a: Peso|32/100
|-supereffective|p1a: Peso
|-damage|p1a: Peso|0 fnt
|faint|p1a: Peso
|-hitcount|p1: Peso|2
|-unboost|p2b: Dragonite|def|1
|-boost|p2b: Dragonite|spe|1
|move|p1b: Barnacles|Dragon Pulse|p2b: Dragonite
|-immune|p2b: Dragonite
|
|-weather|RainDance|[upkeep]
|upkeep
|inactive|MrTedno has 30 seconds left.
|inactive|MrTedno has 20 seconds left.
|inactive|MrTedno has 15 seconds left.
|inactive|MrTedno has 10 seconds left.
|inactive|MrTedno has 5 seconds left.
|
|t:|1756240250
|switch|p1a: Turnip|Amoonguss, L50, M, tera:Fairy|65/100
|switch|p2a: Sinistcha|Sinistcha-Masterpiece, L50|100/100
|turn|5
|
|t:|1756240267
|move|p2b: Dragonite|Protect|p2b: Dragonite
|-singleturn|p2b: Dragonite|Protect
|move|p1a: Turnip|Rage Powder|p1a: Turnip
|-singleturn|p1a: Turnip|move: Rage Powder
|move|p1b: Barnacles|Dragon Pulse|p2a: Sinistcha
|-damage|p2a: Sinistcha|21/100
|-enditem|p2a: Sinistcha|Sitrus Berry|[eat]
|-heal|p2a: Sinistcha|46/100|[from] item: Sitrus Berry
|move|p2a: Sinistcha|Matcha Gotcha|p1a: Turnip|[spread] p1a,p1b
|-resisted|p1b: Barnacles
|-damage|p1a: Turnip|43/100
|-heal|p2a: Sinistcha|60/100|[from] drain|[of] p1a: Turnip
|-damage|p1b: Barnacles|96/100
|-heal|p2a: Sinistcha|62/100|[from] drain|[of] p1b: Barnacles
|-ability|p1b: Barnacles|Stamina|boost
|-boost|p1b: Barnacles|def|1
|
|-weather|none
|upkeep
|turn|6
|inactive|MrTedno has 30 seconds left.
|
|t:|1756240299
|move|p2b: Dragonite|Haze|p2b: Dragonite
|-clearallboost
|move|p1b: Barnacles|Dragon Pulse|p2a: Sinistcha
|-damage|p2a: Sinistcha|29/100
|move|p2a: Sinistcha|Matcha Gotcha|p1b: Barnacles|[spread] p1a,p1b
|-resisted|p1b: Barnacles
|-damage|p1a: Turnip|21/100
|-heal|p2a: Sinistcha|42/100|[from] drain|[of] p1a: Turnip
|-damage|p1b: Barnacles|92/100
|-heal|p2a: Sinistcha|45/100|[from] drain|[of] p1b: Barnacles
|-ability|p1b: Barnacles|Stamina|boost
|-boost|p1b: Barnacles|def|1
|move|p1a: Turnip|Spore|p2b: Dragonite
|-status|p2b: Dragonite|slp|[from] move: Spore
|
|upkeep
|turn|7
|
|t:|1756240323
|switch|p1a: Shellington|Overqwil, L50, F|100/100
|cant|p2b: Dragonite|slp
|move|p1b: Barnacles|Flash Cannon|p2b: Dragonite
|-supereffective|p2b: Dragonite
|-damage|p2b: Dragonite|58/100 slp
|move|p2a: Sinistcha|Matcha Gotcha|p1a: Shellington|[spread] p1a,p1b
|-resisted|p1a: Shellington
|-resisted|p1b: Barnacles
|-damage|p1a: Shellington|82/100
|-heal|p2a: Sinistcha|53/100|[from] drain|[of] p1a: Shellington
|-damage|p1b: Barnacles|88/100
|-heal|p2a: Sinistcha|56/100|[from] drain|[of] p1b: Barnacles
|-ability|p1b: Barnacles|Stamina|boost
|-boost|p1b: Barnacles|def|1
|
|upkeep
|turn|8
|
|t:|1756240343
|move|p1a: Shellington|Throat Chop|p2a: Sinistcha
|-supereffective|p2a: Sinistcha
|-damage|p2a: Sinistcha|0 fnt
|faint|p2a: Sinistcha
|cant|p2b: Dragonite|slp
|move|p1b: Barnacles|Flash Cannon|p2b: Dragonite
|-supereffective|p2b: Dragonite
|-damage|p2b: Dragonite|0 fnt
|faint|p2b: Dragonite
|
|win|MrTedno
|l|☆rokesaurio
|player|p2|
||rokesaurio is ready for game 2.
|inactive|MrTedno has 30 seconds to confirm battle start!
||MrTedno is ready for game 2.
|uhtml|next|Next: Game 2 of 3
