|j|☆MYSEEMBENTON
|j|☆axcoquette
|html|MYSEEMBENTONaxcoquette    
|uhtml|bestof|Game 2 of a best-of-3
|t:|1782428505
|gametype|doubles
|player|p1|MYSEEMBENTON|2|1164
|player|p2|axcoquette|maid|1141
|gen|9
|tier|[Gen 9 Champions] VGC 2026 Reg M-B (Bo3)
|rated|
|rule|Species Clause: Limit one of each Pokémon
|rule|Item Clause: Limit 1 of each item
|clearpoke
|poke|p1|Archaludon, L50, F|
|poke|p1|Dragonite, L50, M|
|poke|p1|Pelipper, L50, M|
|poke|p1|Basculegion, L50, M|
|poke|p1|Sneasler, L50, M|
|poke|p1|Grimmsnarl, L50, M|
|poke|p2|Charizard, L50, M|
|poke|p2|Floette-Eternal, L50, F|
|poke|p2|Basculegion, L50, M|
|poke|p2|Kingambit, L50, F|
|poke|p2|Garchomp, L50, F|
|poke|p2|Whimsicott, L50, M|
|teampreview|4
|showteam|p1|Archaludon||Leftovers|Stamina|FlashCannon,DracoMeteor,ElectroShot,Protect|Modest||F|||50|]Dragonite||Dragoninite|Multiscale|DracoMeteor,IceBeam,Protect,Hurricane|Modest||M|||50|]Pelipper||FocusSash|Drizzle|Hurricane,Protect,MuddyWater,Tailwind|Modest||M|||50|]Basculegion||ChoiceScarf|Adaptability|IceFang,LastRespects,WaveCrash,FlipTurn|Adamant||M|||50|]Sneasler||WhiteHerb|Unburden|Uturn,CloseCombat,FakeOut,DireClaw|Adamant||M|||50|]Grimmsnarl||LightClay|Prankster|SpiritBreak,SuckerPunch,PartingShot,LightScreen|Adamant||M|||50|
|showteam|p2|Charizard||CharizarditeY|Blaze|HeatWave,WeatherBall,SolarBeam,Protect|Modest||M|||50|]Floette-Eternal||Floettite|FlowerVeil|DazzlingGleam,Moonblast,LightofRuin,Protect|Timid||F|||50|]Basculegion||MysticWater|Adaptability|WaveCrash,LastRespects,AquaJet,Protect|Adamant||M|||50|]Kingambit||BlackGlasses|Defiant|KowtowCleave,IronHead,SuckerPunch,Protect|Lonely||F|||50|]Garchomp||SitrusBerry|RoughSkin|DragonClaw,Earthquake,RockSlide,Protect|Jolly||F|||50|]Whimsicott||FocusSash|Prankster|Tailwind,Moonblast,Encore,Protect|Timid||M|||50|
|inactive|Battle timer is ON: inactive players will automatically lose when time's up. (requested by axcoquette)
|inactive|MYSEEMBENTON has 60 seconds left.
|inactive|axcoquette has 60 seconds left.
|inactive|MYSEEMBENTON has 30 seconds left.
|inactive|MYSEEMBENTON has 20 seconds left.
|
|t:|1782428578
|teamsize|p1|4
|teamsize|p2|4
|start
|switch|p1a: Sneasler|Sneasler, L50, M|100/100
|switch|p1b: Basculegion|Basculegion, L50, M|100/100
|switch|p2a: Whimsicott|Whimsicott, L50, M|100/100
|switch|p2b: Kingambit|Kingambit, L50, F|100/100
|turn|1
|inactive|MYSEEMBENTON has 30 seconds left.
|
|t:|1782428604
|switch|p1b: Pelipper|Pelipper, L50, M|100/100
|-weather|RainDance|[from] ability: Drizzle|[of] p1b: Pelipper
|move|p2a: Whimsicott|Protect|p2a: Whimsicott
|-singleturn|p2a: Whimsicott|Protect
|move|p2b: Kingambit|Protect|p2b: Kingambit
|-singleturn|p2b: Kingambit|Protect
|move|p1a: Sneasler|Dire Claw|p2a: Whimsicott
|-activate|p2a: Whimsicott|move: Protect
|
|-weather|RainDance|[upkeep]
|upkeep
|turn|2
|inactive|axcoquette has 30 seconds left.
|inactive|axcoquette has 20 seconds left.
|inactive|MYSEEMBENTON has 30 seconds left.
|inactive|axcoquette has 15 seconds left.
|inactive|axcoquette has 10 seconds left.
|
|t:|1782428651
|move|p2a: Whimsicott|Tailwind|p2a: Whimsicott
|-sidestart|p2: axcoquette|move: Tailwind
|move|p1a: Sneasler|Close Combat|p2b: Kingambit
|-supereffective|p2b: Kingambit|2
|-damage|p2b: Kingambit|0 fnt
|-unboost|p1a: Sneasler|def|1
|-unboost|p1a: Sneasler|spd|1
|faint|p2b: Kingambit
|-enditem|p1a: Sneasler|White Herb
|-clearnegativeboost|p1a: Sneasler|[silent]
|move|p1b: Pelipper|Tailwind|p1b: Pelipper
|-sidestart|p1: MYSEEMBENTON|move: Tailwind
|
|-weather|RainDance|[upkeep]
|upkeep
|
|t:|1782428662
|switch|p2b: Basculegion|Basculegion, L50, M|100/100
|turn|3
|inactive|MYSEEMBENTON has 30 seconds left.
|inactive|MYSEEMBENTON has 20 seconds left.
|inactive|MYSEEMBENTON has 15 seconds left.
|
|t:|1782428705
|switch|p1a: Dragonite|Dragonite, L50, M|100/100
|move|p2a: Whimsicott|Encore||[still]
|-fail|p2a: Whimsicott
|move|p2b: Basculegion|Wave Crash|p1a: Dragonite
|-resisted|p1a: Dragonite|1
|-damage|p1a: Dragonite|64/100
|-damage|p2b: Basculegion|90/100|[from] Recoil
|move|p1b: Pelipper|Muddy Water|p2a: Whimsicott|[spread] p2a,p2b
|-resisted|p2a: Whimsicott|1
|-resisted|p2b: Basculegion|1
|-damage|p2a: Whimsicott|63/100
|-damage|p2b: Basculegion|62/100
|-unboost|p2b: Basculegion|accuracy|1
|
|-weather|RainDance|[upkeep]
|upkeep
|turn|4
|inactive|MYSEEMBENTON has 30 seconds left.
|
|t:|1782428735
|detailschange|p1a: Dragonite|Dragonite-Mega, L50, M
|-mega|p1a: Dragonite|Dragonite|Dragoninite
|move|p2b: Basculegion|Aqua Jet|p1a: Dragonite
|-resisted|p1a: Dragonite|1
|-damage|p1a: Dragonite|42/100
|move|p2a: Whimsicott|Moonblast|p1a: Dragonite
|-supereffective|p1a: Dragonite|1
|-damage|p1a: Dragonite|0 fnt
|faint|p1a: Dragonite
|move|p1b: Pelipper|Hurricane|p2a: Whimsicott
|-supereffective|p2a: Whimsicott|1
|-damage|p2a: Whimsicott|0 fnt
|faint|p2a: Whimsicott
|
|-weather|RainDance|[upkeep]
|upkeep
|
|t:|1782428754
|switch|p2a: Floette|Floette-Eternal, L50, F|100/100
|switch|p1a: Basculegion|Basculegion, L50, M|100/100
|turn|5
|inactive|MYSEEMBENTON has 30 seconds left.
|
|t:|1782428785
|detailschange|p2a: Floette|Floette-Mega, L50, F
|-mega|p2a: Floette|Floette|Floettite
|-ability|p2a: Floette|Fairy Aura
|move|p2b: Basculegion|Protect|p2b: Basculegion
|-singleturn|p2b: Basculegion|Protect
|move|p1a: Basculegion|Last Respects|p2a: Floette
|-damage|p2a: Floette|11/100
|move|p2a: Floette|Light of Ruin|p1a: Basculegion
|-damage|p1a: Basculegion|0 fnt
|faint|p1a: Basculegion
|-damage|p2a: Floette|0 fnt|[from] Recoil
|faint|p2a: Floette
|move|p1b: Pelipper|Muddy Water|p2b: Basculegion
|-activate|p2b: Basculegion|move: Protect
|
|-weather|none
|-sideend|p2: axcoquette|move: Tailwind
|-sideend|p1: MYSEEMBENTON|move: Tailwind
|upkeep
|
|t:|1782428799
|switch|p1a: Sneasler|Sneasler, L50, M|100/100
|turn|6
|
|t:|1782428812
|move|p1a: Sneasler|Dire Claw|p2b: Basculegion
|-resisted|p2b: Basculegion|1
|-damage|p2b: Basculegion|40/100
|move|p2b: Basculegion|Last Respects|p1a: Sneasler|[miss]
|-miss|p2b: Basculegion|p1a: Sneasler
|move|p1b: Pelipper|Hurricane|p2b: Basculegion
|-damage|p2b: Basculegion|0 fnt
|faint|p2b: Basculegion
|
|win|MYSEEMBENTON
||axcoquette is ready for game 3.
|inactive|MYSEEMBENTON has 30 seconds to confirm battle start!
|l|☆MYSEEMBENTON
|player|p1|
||MYSEEMBENTON is ready for game 3.
|uhtml|next|Next: Game 3 of 3
