|j|☆johnilbello
|j|☆riegeljr
|html|johnilbelloriegeljr    
|uhtml|bestof|Game 2 of a best-of-3
|t:|1757927687
|gametype|doubles
|player|p1|johnilbello|alder|1054
|player|p2|riegeljr|boarder|1122
|gen|9
|tier|[Gen 9] VGC 2025 Reg H (Bo3)
|rated|
|rule|Species Clause: Limit one of each Pokémon
|rule|Item Clause: Limit 1 of each item
|clearpoke
|poke|p1|Ursaluna-Bloodmoon, L50, M|
|poke|p1|Electabuzz, L50, M|
|poke|p1|Sneasler, L50, F|
|poke|p1|Rillaboom, L50, M|
|poke|p1|Kingambit, L50, M|
|poke|p1|Dragonite, L50, F|
|poke|p2|Primarina, L50, F|
|poke|p2|Volcarona, L50, F|
|poke|p2|Baxcalibur, L50, F|
|poke|p2|Incineroar, L50, F|
|poke|p2|Rillaboom, L50, F|
|poke|p2|Zoroark-Hisui, L50, F|
|teampreview|4
|showteam|p1|Ursaluna-Bloodmoon||LifeOrb|MindsEye|Protect,BloodMoon,HyperVoice,EarthPower|||M|||50|,,,,,Normal]Electabuzz||Eviolite|VitalSpirit|Protect,Electroweb,Taunt,FollowMe|||M|||50|,,,,,Dragon]Sneasler||GrassySeed|Unburden|Protect,DireClaw,FakeOut,CloseCombat|||F|||50|,,,,,Stellar]Rillaboom||AssaultVest|GrassySurge|FakeOut,WoodHammer,GrassyGlide,HighHorsepower|||M|||50|,,,,,Fire]Kingambit||SafetyGoggles|Defiant|Protect,KowtowCleave,SuckerPunch,SwordsDance|||M|||50|,,,,,Dark]Dragonite||LoadedDice|Multiscale|ScaleShot,Tailwind,Haze,Protect|||F|||50|,,,,,Fairy
|showteam|p2|Primarina||SitrusBerry|LiquidVoice|HyperVoice,Moonblast,Haze,Protect|||F|||50|,,,,,Poison]Volcarona||GrassySeed|FlameBody|HeatWave,GigaDrain,QuiverDance,Protect|||F|||50|,,,,,Grass]Baxcalibur||LoadedDice|ThermalExchange|IcicleSpear,IceShard,ScaleShot,Protect|||F|||50|,,,,,Fire]Incineroar||SafetyGoggles|Intimidate|FakeOut,KnockOff,FlareBlitz,PartingShot|||F|||50|,,,,,Ghost]Rillaboom||AssaultVest|GrassySurge|FakeOut,WoodHammer,HighHorsepower,Uturn|||F|||50|,,,,,Ground]Zoroark-Hisui||FocusSash|Illusion|TeraBlast,ShadowBall,Taunt,Protect|||F|||50|,,,,,Fighting
|inactive|Battle timer is ON: inactive players will automatically lose when time's up. (requested by riegeljr)
|l|☆johnilbello
|inactive|johnilbello disconnected and has a minute to reconnect!
|player|p1|
|j|☆johnilbello
|inactive|johnilbello reconnected and has 65 seconds left.
|player|p1|johnilbello|alder|
|inactive|johnilbello has 60 seconds left.
|inactive|riegeljr has 60 seconds left.
|j| GiselleSaintClaire
|
|t:|1757927728
|teamsize|p1|4
|teamsize|p2|4
|start
|switch|p1a: Ursaluna|Ursaluna-Bloodmoon, L50, M|100/100
|switch|p1b: Electabuzz|Electabuzz, L50, M|100/100
|switch|p2a: Spicy Omot|Volcarona, L50, F|100/100
|switch|p2b: Lemmy|Rillaboom, L50, F|100/100
|-fieldstart|move: Grassy Terrain|[from] ability: Grassy Surge|[of] p2b: Lemmy
|-enditem|p2a: Spicy Omot|Grassy Seed
|-boost|p2a: Spicy Omot|def|1|[from] item: Grassy Seed
|turn|1
|l| GiselleSaintClaire
|
|t:|1757927752
|move|p2b: Lemmy|Fake Out|p1b: Electabuzz
|-damage|p1b: Electabuzz|89/100
|cant|p1b: Electabuzz|flinch
|move|p2a: Spicy Omot|Quiver Dance|p2a: Spicy Omot
|-boost|p2a: Spicy Omot|spa|1
|-boost|p2a: Spicy Omot|spd|1
|-boost|p2a: Spicy Omot|spe|1
|move|p1a: Ursaluna|Blood Moon|p2a: Spicy Omot
|-damage|p2a: Spicy Omot|44/100
|-damage|p1a: Ursaluna|91/100|[from] item: Life Orb
|
|-heal|p2a: Spicy Omot|50/100|[from] Grassy Terrain
|-heal|p1b: Electabuzz|95/100|[from] Grassy Terrain
|-heal|p1a: Ursaluna|97/100|[from] Grassy Terrain
|upkeep
|turn|2
|inactive|johnilbello has 30 seconds left.
|inactive|riegeljr has 30 seconds left.
|inactive|riegeljr has 20 seconds left.
|inactive|johnilbello has 20 seconds left.
|inactive|riegeljr has 15 seconds left.
|inactive|johnilbello has 15 seconds left.
|inactive|riegeljr has 10 seconds left.
|
|t:|1757927802
|-terastallize|p2a: Spicy Omot|Grass
|-terastallize|p1a: Ursaluna|Normal
|move|p2a: Spicy Omot|Giga Drain|p1a: Ursaluna
|-damage|p1a: Ursaluna|19/100
|-heal|p2a: Spicy Omot|93/100|[from] drain|[of] p1a: Ursaluna
|move|p1b: Electabuzz|Electroweb|p2b: Lemmy|[spread] p2a,p2b
|-resisted|p2a: Spicy Omot
|-resisted|p2b: Lemmy
|-damage|p2a: Spicy Omot|89/100
|-damage|p2b: Lemmy|95/100
|-unboost|p2a: Spicy Omot|spe|1
|-unboost|p2b: Lemmy|spe|1
|move|p2b: Lemmy|High Horsepower|p1b: Electabuzz
|-supereffective|p1b: Electabuzz
|-damage|p1b: Electabuzz|36/100
|move|p1a: Ursaluna|Earth Power|p2a: Spicy Omot
|-resisted|p2a: Spicy Omot
|-damage|p2a: Spicy Omot|68/100
|-damage|p1a: Ursaluna|9/100|[from] item: Life Orb
|
|-heal|p1b: Electabuzz|42/100|[from] Grassy Terrain
|-heal|p2a: Spicy Omot|74/100|[from] Grassy Terrain
|-heal|p2b: Lemmy|100/100|[from] Grassy Terrain
|-heal|p1a: Ursaluna|15/100|[from] Grassy Terrain
|upkeep
|turn|3
|l|☆johnilbello
|inactive|johnilbello disconnected and has a minute to reconnect!
|player|p1|
|inactive|johnilbello has 30 seconds left.
|inactive|riegeljr has 30 seconds left.
|j|☆johnilbello
|inactive|johnilbello reconnected and has 25 seconds left.
|player|p1|johnilbello|alder|
|inactive|johnilbello has 20 seconds left.
|inactive|johnilbello has 15 seconds left.
|
|t:|1757927846
|move|p1a: Ursaluna|Protect|p1a: Ursaluna
|-singleturn|p1a: Ursaluna|Protect
|move|p1b: Electabuzz|Taunt|p2a: Spicy Omot
|-start|p2a: Spicy Omot|move: Taunt
|move|p2a: Spicy Omot|Heat Wave|p1b: Electabuzz|[spread] p1b
|-activate|p1a: Ursaluna|move: Protect
|-damage|p1b: Electabuzz|0 fnt
|faint|p1b: Electabuzz
|move|p2b: Lemmy|U-turn|p1a: Ursaluna
|-activate|p1a: Ursaluna|move: Protect
|
|-heal|p2a: Spicy Omot|81/100|[from] Grassy Terrain
|-heal|p1a: Ursaluna|21/100|[from] Grassy Terrain
|upkeep
|
|t:|1757927859
|switch|p1b: Sneasler|Sneasler, L50, F|100/100
|-enditem|p1b: Sneasler|Grassy Seed
|-boost|p1b: Sneasler|def|1|[from] item: Grassy Seed
|turn|4
|inactive|riegeljr has 30 seconds left.
|
|t:|1757927890
|move|p1b: Sneasler|Dire Claw|p2a: Spicy Omot
|-supereffective|p2a: Spicy Omot
|-damage|p2a: Spicy Omot|5/100
|-status|p1b: Sneasler|brn|[from] ability: Flame Body|[of] p2a: Spicy Omot
|move|p2a: Spicy Omot|Heat Wave|p1a: Ursaluna|[spread] p1a
|-miss|p2a: Spicy Omot|p1b: Sneasler
|-damage|p1a: Ursaluna|0 fnt
|faint|p1a: Ursaluna
|move|p2b: Lemmy|U-turn|p1b: Sneasler
|-resisted|p1b: Sneasler
|-damage|p1b: Sneasler|95/100 brn
|
|t:|1757927904
|switch|p2b: Jori En|Primarina, L50, F|100/100|[from] U-turn
|
|-heal|p1b: Sneasler|100/100 brn|[from] Grassy Terrain
|-heal|p2a: Spicy Omot|11/100|[from] Grassy Terrain
|-damage|p1b: Sneasler|95/100 brn|[from] brn
|upkeep
|
|t:|1757927910
|switch|p1a: Rillaboom|Rillaboom, L50, M|100/100
|turn|5
|inactive|riegeljr has 30 seconds left.
|inactive|riegeljr has 20 seconds left.
|inactive|riegeljr has 15 seconds left.
|inactive|riegeljr has 10 seconds left.
|
|t:|1757927956
|move|p2b: Jori En|Protect|p2b: Jori En
|-singleturn|p2b: Jori En|Protect
|move|p1b: Sneasler|Dire Claw|p2a: Spicy Omot
|-supereffective|p2a: Spicy Omot
|-damage|p2a: Spicy Omot|0 fnt
|faint|p2a: Spicy Omot
|move|p1a: Rillaboom|Wood Hammer|p2b: Jori En
|-activate|p2b: Jori En|move: Protect
|
|-heal|p1b: Sneasler|100/100 brn|[from] Grassy Terrain
|-damage|p1b: Sneasler|95/100 brn|[from] brn
|-fieldend|move: Grassy Terrain
|upkeep
|
|t:|1757927968
|switch|p2a: Lemmy|Rillaboom, L50, F|100/100
|-fieldstart|move: Grassy Terrain|[from] ability: Grassy Surge|[of] p2a: Lemmy
|turn|6
|inactive|riegeljr has 30 seconds left.
|inactive|riegeljr has 20 seconds left.
|
|t:|1757928004
|switch|p2b: Versingetrix|Baxcalibur, L50, F|100/100
|move|p2a: Lemmy|Fake Out|p1b: Sneasler
|-damage|p1b: Sneasler|81/100 brn
|cant|p1b: Sneasler|flinch
|move|p1a: Rillaboom|Wood Hammer|p2b: Versingetrix
|-resisted|p2b: Versingetrix
|-damage|p2b: Versingetrix|60/100
|-damage|p1a: Rillaboom|86/100|[from] Recoil
|
|-heal|p1b: Sneasler|87/100 brn|[from] Grassy Terrain
|-heal|p2b: Versingetrix|66/100|[from] Grassy Terrain
|-heal|p1a: Rillaboom|92/100|[from] Grassy Terrain
|-damage|p1b: Sneasler|81/100 brn|[from] brn
|upkeep
|turn|7
|l|☆johnilbello
|inactive|johnilbello disconnected and has a minute to reconnect!
|player|p1|
|inactive|johnilbello has 30 seconds left.
|inactive|riegeljr has 30 seconds left.
|j|☆johnilbello
|inactive|johnilbello reconnected and has 30 seconds left.
|player|p1|johnilbello|alder|
|
|t:|1757928037
|move|p1b: Sneasler|Dire Claw|p2b: Versingetrix
|-damage|p2b: Versingetrix|47/100
|move|p2a: Lemmy|High Horsepower|p1b: Sneasler
|-supereffective|p1b: Sneasler
|-damage|p1b: Sneasler|18/100 brn
|move|p2b: Versingetrix|Icicle Spear|p1a: Rillaboom
|-supereffective|p1a: Rillaboom
|-damage|p1a: Rillaboom|62/100
|-supereffective|p1a: Rillaboom
|-damage|p1a: Rillaboom|31/100
|-supereffective|p1a: Rillaboom
|-damage|p1a: Rillaboom|0 fnt
|faint|p1a: Rillaboom
|-hitcount|p1: Rillaboom|3
|
|-heal|p1b: Sneasler|24/100 brn|[from] Grassy Terrain
|-heal|p2b: Versingetrix|53/100|[from] Grassy Terrain
|-damage|p1b: Sneasler|18/100 brn|[from] brn
|upkeep
|turn|8
|c|☆johnilbello|gg
|-message|johnilbello forfeited.
|
|win|riegeljr
|raw|johnilbello's rating: 1054 → 1039(-15 for losing)
|raw|riegeljr's rating: 1122 → 1142(+20 for winning)
|l|☆johnilbello
|player|p1|
|c|☆riegeljr|gg
