|j|☆MackCasual
|j|☆Kirai IV
|html|MackCasualKirai IV    
|uhtml|bestof|Game 1 of a best-of-3
|t:|1757729260
|gametype|doubles
|player|p1|MackCasual|worker-gen4|
|player|p2|Kirai IV|flannery|
|gen|9
|tier|[Gen 9] VGC 2025 Reg H (Bo3)
|rule|Species Clause: Limit one of each Pokémon
|rule|Item Clause: Limit 1 of each item
|clearpoke
|poke|p1|Glaceon, L50, F|
|poke|p1|Ninetales-Alola, L50, F|
|poke|p1|Swampert, L50, M|
|poke|p1|Incineroar, L50, F|
|poke|p1|Rillaboom, L50, M|
|poke|p1|Corviknight, L50, F|
|poke|p2|Archaludon, L50, M|
|poke|p2|Basculegion, L50, M|
|poke|p2|Pelipper, L50, F|
|poke|p2|Amoonguss, L50, M|
|poke|p2|Incineroar, L50, M|
|poke|p2|Maushold, L50|
|teampreview|4
|showteam|p1|Glaceon||AssaultVest|IceBody|Blizzard,TeraBlast,ShadowBall,FreezeDry|||F|||50|,,,,,Fighting]Ninetales-Alola||LightClay|SnowWarning|FreezeDry,AuroraVeil,IcyWind,Protect|||F|||50|,,,,,Ghost]Swampert||SitrusBerry|Torrent|StealthRock,FlipTurn,Yawn,Earthquake|||M|||50|,,,,,Fire]Incineroar||SafetyGoggles|Intimidate|WillOWisp,Protect,FlareBlitz,KnockOff|||F|||50|,,,,,Bug]Rillaboom||MiracleSeed|GrassySurge|WoodHammer,GrassyGlide,FakeOut,Protect|||M|||50|,,,,,Grass]Corviknight||Leftovers|MirrorArmor|Defog,BodyPress,Tailwind,BraveBird|||F|||50|,,,,,Dragon
|showteam|p2|Archaludon||AssaultVest|Stamina|ElectroShot,DragonPulse,FlashCannon,BodyPress|||M|||50|,,,,,Grass]Basculegion||MysticWater|SwiftSwim|Protect,WaveCrash,AquaJet,LastRespects|||M|||50|,,,,,Water]Pelipper||FocusSash|Drizzle|Hurricane,WeatherBall,Tailwind,Protect|||F|||50|,,,,,Ghost]Amoonguss||SitrusBerry|Regenerator|Spore,RagePowder,PollenPuff,ClearSmog|||M|||50|,,,,,Water]Incineroar||SafetyGoggles|Intimidate|FakeOut,FlareBlitz,KnockOff,PartingShot|||M|||50|,,,,,Ghost]Maushold||WideLens|Technician|PopulationBomb,FollowMe,Taunt,Protect||||||50|,,,,,Grass
|
|t:|1757729302
|teamsize|p1|4
|teamsize|p2|4
|start
|switch|p1a: Swampert|Swampert, L50, M|100/100
|switch|p1b: Glaceon|Glaceon, L50, F|100/100
|switch|p2a: Maushold|Maushold, L50|100/100
|switch|p2b: Incineroar|Incineroar, L50, M, shiny|100/100
|-ability|p2b: Incineroar|Intimidate|boost
|-unboost|p1a: Swampert|atk|1
|-unboost|p1b: Glaceon|atk|1
|turn|1
|
|t:|1757729332
|-terastallize|p1b: Glaceon|Fighting
|move|p2b: Incineroar|Fake Out|p1b: Glaceon
|-damage|p1b: Glaceon|88/100
|move|p2a: Maushold|Taunt|p1a: Swampert
|-start|p1a: Swampert|move: Taunt
|cant|p1b: Glaceon|flinch
|cant|p1a: Swampert|move: Taunt|Stealth Rock
|
|upkeep
|turn|2
|
|t:|1757729363
|move|p2a: Maushold|Population Bomb|p1b: Glaceon
|-damage|p1b: Glaceon|77/100
|-damage|p1b: Glaceon|67/100
|-damage|p1b: Glaceon|55/100
|-hitcount|p1b: Glaceon|3
|move|p2b: Incineroar|Parting Shot|p1b: Glaceon
|-unboost|p1b: Glaceon|atk|1
|-unboost|p1b: Glaceon|spa|1
|
|t:|1757729374
|switch|p2b: Archaludon|Archaludon, L50, M, shiny|100/100|[from] Parting Shot
|move|p1b: Glaceon|Tera Blast|p2a: Maushold|[anim] Tera Blast Fighting
|-supereffective|p2a: Maushold
|-crit|p2a: Maushold
|-damage|p2a: Maushold|0 fnt
|faint|p2a: Maushold
|move|p1a: Swampert|Flip Turn|p2b: Archaludon
|-resisted|p2b: Archaludon
|-damage|p2b: Archaludon|94/100
|-ability|p2b: Archaludon|Stamina|boost
|-boost|p2b: Archaludon|def|1
|
|t:|1757729390
|switch|p1a: Ninetales|Ninetales-Alola, L50, F|100/100|[from] Flip Turn
|-weather|Snowscape|[from] ability: Snow Warning|[of] p1a: Ninetales
|
|-weather|Snowscape|[upkeep]
|-heal|p1b: Glaceon|61/100|[from] ability: Ice Body
|upkeep
|
|t:|1757729396
|switch|p2a: Pelipper|Pelipper, L50, F, shiny|100/100
|-weather|RainDance|[from] ability: Drizzle|[of] p2a: Pelipper
|turn|3
|c|☆Kirai IV|Hi
|
|t:|1757729420
|switch|p1a: Swampert|Swampert, L50, M|100/100
|-terastallize|p2b: Archaludon|Grass
|move|p2a: Pelipper|Tailwind|p2a: Pelipper
|-sidestart|p2: Kirai IV|move: Tailwind
|move|p2b: Archaludon|Flash Cannon|p1a: Swampert
|-resisted|p1a: Swampert
|-crit|p1a: Swampert
|-damage|p1a: Swampert|71/100
|move|p1b: Glaceon|Tera Blast|p2b: Archaludon|[anim] Tera Blast Fighting
|-damage|p2b: Archaludon|68/100
|-ability|p2b: Archaludon|Stamina|boost
|-boost|p2b: Archaludon|def|1
|
|-weather|RainDance|[upkeep]
|upkeep
|turn|4
|
|t:|1757729442
|switch|p1b: Rillaboom|Rillaboom, L50, M|100/100
|-fieldstart|move: Grassy Terrain|[from] ability: Grassy Surge|[of] p1b: Rillaboom
|move|p2a: Pelipper|Weather Ball|p1a: Swampert
|-damage|p1a: Swampert|17/100
|-enditem|p1a: Swampert|Sitrus Berry|[eat]
|-heal|p1a: Swampert|42/100|[from] item: Sitrus Berry
|move|p2b: Archaludon|Body Press|p1b: Rillaboom
|-damage|p1b: Rillaboom|60/100
|move|p1a: Swampert|Yawn|p2b: Archaludon
|-start|p2b: Archaludon|move: Yawn|[of] p1a: Swampert
|
|-weather|RainDance|[upkeep]
|-heal|p2b: Archaludon|74/100|[from] Grassy Terrain
|-heal|p1b: Rillaboom|66/100|[from] Grassy Terrain
|-heal|p1a: Swampert|48/100|[from] Grassy Terrain
|upkeep
|turn|5
|
|t:|1757729473
|switch|p2b: Incineroar|Incineroar, L50, M, shiny|100/100
|-ability|p2b: Incineroar|Intimidate|boost
|-unboost|p1a: Swampert|atk|1
|-unboost|p1b: Rillaboom|atk|1
|switch|p1a: Ninetales|Ninetales-Alola, L50, F|100/100
|-weather|Snowscape|[from] ability: Snow Warning|[of] p1a: Ninetales
|move|p2a: Pelipper|Hurricane|p1b: Rillaboom|[miss]
|-miss|p2a: Pelipper|p1b: Rillaboom
|move|p1b: Rillaboom|Wood Hammer|p2a: Pelipper
|-damage|p2a: Pelipper|5/100
|-damage|p1b: Rillaboom|45/100|[from] Recoil
|
|-weather|Snowscape|[upkeep]
|-heal|p1b: Rillaboom|51/100|[from] Grassy Terrain
|upkeep
|turn|6
|
|t:|1757729509
|switch|p2a: Archaludon|Archaludon, L50, M, shiny, tera:Grass|74/100
|switch|p1a: Swampert|Swampert, L50, M|48/100
|move|p1b: Rillaboom|Grassy Glide|p2a: Archaludon
|-resisted|p2a: Archaludon
|-crit|p2a: Archaludon
|-damage|p2a: Archaludon|49/100
|-ability|p2a: Archaludon|Stamina|boost
|-boost|p2a: Archaludon|def|1
|move|p2b: Incineroar|Flare Blitz|p1a: Swampert
|-resisted|p1a: Swampert
|-damage|p1a: Swampert|22/100
|-damage|p2b: Incineroar|91/100|[from] Recoil
|
|-weather|Snowscape|[upkeep]
|-heal|p2a: Archaludon|55/100|[from] Grassy Terrain
|-heal|p2b: Incineroar|97/100|[from] Grassy Terrain
|-heal|p1b: Rillaboom|57/100|[from] Grassy Terrain
|-heal|p1a: Swampert|28/100|[from] Grassy Terrain
|-sideend|p2: Kirai IV|move: Tailwind
|upkeep
|turn|7
|
|t:|1757729531
|move|p1b: Rillaboom|Protect|p1b: Rillaboom
|-singleturn|p1b: Rillaboom|Protect
|move|p2a: Archaludon|Body Press|p1a: Swampert
|-damage|p1a: Swampert|0 fnt
|faint|p1a: Swampert
|move|p2b: Incineroar|Parting Shot|p1b: Rillaboom
|-activate|p1b: Rillaboom|move: Protect
|
|-weather|Snowscape|[upkeep]
|-heal|p2a: Archaludon|61/100|[from] Grassy Terrain
|-heal|p1b: Rillaboom|62/100|[from] Grassy Terrain
|-heal|p2b: Incineroar|100/100|[from] Grassy Terrain
|upkeep
|
|t:|1757729543
|switch|p1a: Glaceon|Glaceon, L50, F, tera:Fighting|61/100
|turn|8
|
|t:|1757729564
|switch|p2b: Pelipper|Pelipper, L50, F, shiny|5/100
|-weather|RainDance|[from] ability: Drizzle|[of] p2b: Pelipper
|move|p1b: Rillaboom|Protect|p1b: Rillaboom
|-singleturn|p1b: Rillaboom|Protect
|move|p2a: Archaludon|Electro Shot||[still]
|-prepare|p2a: Archaludon|Electro Shot
|-boost|p2a: Archaludon|spa|1
|-anim|p2a: Archaludon|Electro Shot|p1a: Glaceon
|-damage|p1a: Glaceon|13/100
|move|p1a: Glaceon|Tera Blast|p2b: Pelipper|[anim] Tera Blast Fighting
|-resisted|p2b: Pelipper
|-damage|p2b: Pelipper|0 fnt
|faint|p2b: Pelipper
|
|-weather|RainDance|[upkeep]
|-heal|p2a: Archaludon|68/100|[from] Grassy Terrain
|-heal|p1b: Rillaboom|68/100|[from] Grassy Terrain
|-heal|p1a: Glaceon|19/100|[from] Grassy Terrain
|-fieldend|move: Grassy Terrain
|upkeep
|
|t:|1757729578
|switch|p2b: Incineroar|Incineroar, L50, M, shiny|100/100
|-ability|p2b: Incineroar|Intimidate|boost
|-unboost|p1a: Glaceon|atk|1
|-unboost|p1b: Rillaboom|atk|1
|turn|9
|
|t:|1757729626
|switch|p1a: Ninetales|Ninetales-Alola, L50, F|100/100
|-weather|Snowscape|[from] ability: Snow Warning|[of] p1a: Ninetales
|move|p2a: Archaludon|Body Press|p1a: Ninetales
|-damage|p1a: Ninetales|71/100
|move|p1b: Rillaboom|Wood Hammer|p2b: Incineroar
|-resisted|p2b: Incineroar
|-damage|p2b: Incineroar|80/100
|-damage|p1b: Rillaboom|62/100|[from] Recoil
|move|p2b: Incineroar|Knock Off|p1b: Rillaboom
|-damage|p1b: Rillaboom|21/100
|-enditem|p1b: Rillaboom|Miracle Seed|[from] move: Knock Off|[of] p2b: Incineroar
|
|-weather|Snowscape|[upkeep]
|upkeep
|turn|10
|
|t:|1757729649
|switch|p1b: Glaceon|Glaceon, L50, F, tera:Fighting|19/100
|move|p1a: Ninetales|Freeze-Dry|p2a: Archaludon
|-supereffective|p2a: Archaludon
|-damage|p2a: Archaludon|34/100
|-ability|p2a: Archaludon|Stamina|boost
|-boost|p2a: Archaludon|def|1
|move|p2a: Archaludon|Flash Cannon|p1a: Ninetales
|-supereffective|p1a: Ninetales
|-damage|p1a: Ninetales|0 fnt
|faint|p1a: Ninetales
|move|p2b: Incineroar|Flare Blitz|p1b: Glaceon
|-damage|p1b: Glaceon|0 fnt
|faint|p1b: Glaceon
|-damage|p2b: Incineroar|75/100|[from] Recoil
|
|-weather|Snowscape|[upkeep]
|upkeep
|-message|MackCasual forfeited.
|
|win|Kirai IV
|l|☆MackCasual
|player|p1|
||Kirai IV is ready for game 2.
||MackCasual is ready for game 2.
|uhtml|next|Next: Game 2 of 3
