|j|â˜†sandy ghost 5
|j|â˜†NillyTheKid
|html|sandy ghost 5NillyTheKid    
|uhtml|bestof|Game 2 of a best-of-3
|t:|1757802842
|gametype|doubles
|player|p1|sandy ghost 5|baker|
|player|p2|NillyTheKid|hiker-gen4|
|gen|9
|tier|[Gen 9] VGC 2025 Reg H (Bo3)
|rule|Species Clause: Limit one of each PokÃ©mon
|rule|Item Clause: Limit 1 of each item
|clearpoke
|poke|p1|Tyranitar, L50, M|
|poke|p1|Blaziken, L50, M|
|poke|p1|Excadrill, L50, M|
|poke|p1|Salamence, L50, M|
|poke|p1|Annihilape, L50, F|
|poke|p1|Sinistcha, L50|
|poke|p2|Ursaluna, L50, F|
|poke|p2|Amoonguss, L50, M|
|poke|p2|Porygon2, L50|
|poke|p2|Incineroar, L50, M|
|poke|p2|Gholdengo, L50|
|poke|p2|Tyranitar, L50, F|
|teampreview|4
|showteam|p1|Tyranitar||ClearAmulet|SandStream|RockSlide,KnockOff,Protect,DragonDance|||M|||50|,,,,,Grass]Blaziken||CovertCloak|SpeedBoost|AuraSphere,HeatWave,Coaching,WillOWisp|||M|||50|,,,,,Dragon]Excadrill||AssaultVest|SandRush|RockSlide,HighHorsepower,IronHead,Earthquake|||M|||50|,,,,,Ghost]Salamence||LifeOrb|Intimidate|AirSlash,Tailwind,DracoMeteor,Protect|||M|||50|,,,,,Ghost]Annihilape||ChoiceScarf|Defiant|FinalGambit,Uturn,CloseCombat,ShadowClaw|||F|||50|,,,,,Grass]Sinistcha||SitrusBerry|Hospitality|RagePowder,ShadowBall,MatchaGotcha,Protect||||||50|,,,,,Dark
|showteam|p2|Ursaluna||FlameOrb|Guts|HeadlongRush,Facade,Substitute,Protect|||F|||50|,,,,,Ghost]Amoonguss||SitrusBerry|Regenerator|Spore,ClearSmog,RagePowder,PollenPuff|||M|||50|,,,,,Psychic]Porygon2||Eviolite|Download|TeraBlast,IceBeam,TrickRoom,Recover||||||50|,,,,,Fighting]Incineroar||SafetyGoggles|Intimidate|FlareBlitz,KnockOff,PartingShot,FakeOut|||M|||50|,,,,,Grass]Gholdengo||Leftovers|GoodasGold|MakeItRain,ShadowBall,NastyPlot,Protect||||||50|,,,,,Water]Tyranitar||AssaultVest|SandStream|RockSlide,KnockOff,LowKick,TeraBlast|||F|||50|,,,,,Flying
|c|â˜†sandy ghost 5|ok ok that's safe
|
|t:|1757802896
|teamsize|p1|4
|teamsize|p2|4
|start
|switch|p1a: Annihilape|Annihilape, L50, F|100/100
|switch|p1b: Tyranitar|Tyranitar, L50, M|100/100
|switch|p2a: Amoonguss|Amoonguss, L50, M|100/100
|switch|p2b: Porygon2|Porygon2, L50|100/100
|-weather|Sandstorm|[from] ability: Sand Stream|[of] p1b: Tyranitar
|-ability|p2b: Porygon2|Download|boost
|-boost|p2b: Porygon2|atk|1
|turn|1
|
|t:|1757802908
|-terastallize|p1a: Annihilape|Grass
|move|p2a: Amoonguss|Rage Powder|p2a: Amoonguss
|-singleturn|p2a: Amoonguss|move: Rage Powder
|move|p1a: Annihilape|Final Gambit|p2b: Porygon2
|-damage|p2b: Porygon2|0 fnt
|faint|p1a: Annihilape
|faint|p2b: Porygon2
|move|p1b: Tyranitar|Knock Off|p2a: Amoonguss
|-damage|p2a: Amoonguss|58/100
|-enditem|p2a: Amoonguss|Sitrus Berry|[from] move: Knock Off|[of] p1b: Tyranitar
|
|-weather|Sandstorm|[upkeep]
|-damage|p2a: Amoonguss|52/100|[from] Sandstorm
|upkeep
|
|t:|1757802930
|switch|p1a: Sinistcha|Sinistcha, L50|100/100
|switch|p2b: Tyranitar|Tyranitar, L50, F|100/100
|turn|2
|
|t:|1757802963
|switch|p1b: Salamence|Salamence, L50, M|100/100
|-ability|p1b: Salamence|Intimidate|boost
|-unboost|p2a: Amoonguss|atk|1
|-unboost|p2b: Tyranitar|atk|1
|-terastallize|p2b: Tyranitar|Flying
|move|p1a: Sinistcha|Matcha Gotcha|p2a: Amoonguss|[spread] p2a,p2b
|-resisted|p2a: Amoonguss
|-resisted|p2b: Tyranitar
|-damage|p2a: Amoonguss|46/100
|-damage|p2b: Tyranitar|93/100
|-status|p2a: Amoonguss|brn
|-status|p2b: Tyranitar|brn
|move|p2b: Tyranitar|Tera Blast|p1a: Sinistcha|[anim] Tera Blast Flying
|-supereffective|p1a: Sinistcha
|-damage|p1a: Sinistcha|70/100
|move|p2a: Amoonguss|Spore|p1b: Salamence
|-status|p1b: Salamence|slp|[from] move: Spore
|
|-weather|Sandstorm|[upkeep]
|-damage|p1b: Salamence|95/100 slp|[from] Sandstorm
|-damage|p1a: Sinistcha|64/100|[from] Sandstorm
|-damage|p2b: Tyranitar|87/100 brn|[from] Sandstorm
|-damage|p2a: Amoonguss|40/100 brn|[from] Sandstorm
|-damage|p2b: Tyranitar|82/100 brn|[from] brn
|-damage|p2a: Amoonguss|34/100 brn|[from] brn
|upkeep
|turn|3
|
|t:|1757803006
|switch|p1b: Tyranitar|Tyranitar, L50, M|100/100
|move|p1a: Sinistcha|Shadow Ball|p2a: Amoonguss
|-damage|p2a: Amoonguss|5/100 brn
|-unboost|p2a: Amoonguss|spd|1
|move|p2b: Tyranitar|Knock Off|p1a: Sinistcha
|-supereffective|p1a: Sinistcha
|-damage|p1a: Sinistcha|26/100
|-enditem|p1a: Sinistcha|Sitrus Berry|[from] move: Knock Off|[of] p2b: Tyranitar
|move|p2a: Amoonguss|Pollen Puff|p1a: Sinistcha
|-damage|p1a: Sinistcha|8/100
|
|-weather|Sandstorm|[upkeep]
|-damage|p1a: Sinistcha|2/100|[from] Sandstorm
|-damage|p2b: Tyranitar|76/100 brn|[from] Sandstorm
|-damage|p2a: Amoonguss|0 fnt|[from] Sandstorm
|faint|p2a: Amoonguss
|-damage|p2b: Tyranitar|70/100 brn|[from] brn
|upkeep
|
|t:|1757803022
|switch|p2a: Ursaluna|Ursaluna, L50, F|100/100
|turn|4
|
|t:|1757803040
|switch|p1a: Salamence|Salamence, L50, M|95/100 slp
|-ability|p1a: Salamence|Intimidate|boost
|-unboost|p2a: Ursaluna|atk|1
|-unboost|p2b: Tyranitar|atk|1
|move|p2a: Ursaluna|Protect|p2a: Ursaluna
|-singleturn|p2a: Ursaluna|Protect
|move|p1b: Tyranitar|Rock Slide|p2b: Tyranitar|[spread] p2b
|-activate|p2a: Ursaluna|move: Protect
|-supereffective|p2b: Tyranitar
|-crit|p2b: Tyranitar
|-damage|p2b: Tyranitar|0 fnt
|faint|p2b: Tyranitar
|
|-weather|Sandstorm|[upkeep]
|-damage|p1a: Salamence|89/100 slp|[from] Sandstorm
|-status|p2a: Ursaluna|brn|[from] item: Flame Orb
|upkeep
|turn|5
|c|â˜†sandy ghost 5|sorry for the hax
|
|t:|1757803066
|move|p1b: Tyranitar|Protect|p1b: Tyranitar
|-singleturn|p1b: Tyranitar|Protect
|cant|p1a: Salamence|slp
|move|p2a: Ursaluna|Headlong Rush|p1b: Tyranitar
|-activate|p1b: Tyranitar|move: Protect
|
|-weather|none
|-damage|p2a: Ursaluna|95/100 brn|[from] brn
|upkeep
|turn|6
|c|â˜†NillyTheKid|it happens
|
|t:|1757803083
|cant|p1a: Salamence|slp
|move|p1b: Tyranitar|Knock Off|p2a: Ursaluna
|-damage|p2a: Ursaluna|52/100 brn
|-enditem|p2a: Ursaluna|Flame Orb|[from] move: Knock Off|[of] p1b: Tyranitar
|move|p2a: Ursaluna|Headlong Rush|p1b: Tyranitar
|-supereffective|p1b: Tyranitar
|-damage|p1b: Tyranitar|0 fnt
|-unboost|p2a: Ursaluna|def|1
|-unboost|p2a: Ursaluna|spd|1
|faint|p1b: Tyranitar
|
|-damage|p2a: Ursaluna|46/100 brn|[from] brn
|upkeep
|
|t:|1757803092
|switch|p1b: Sinistcha|Sinistcha, L50|2/100
|-heal|p1a: Salamence|100/100 slp|[from] ability: Hospitality|[of] p1b: Sinistcha
|turn|7
|
|t:|1757803102
|cant|p1a: Salamence|slp
|move|p1b: Sinistcha|Matcha Gotcha|p2a: Ursaluna
|-supereffective|p2a: Ursaluna
|-damage|p2a: Ursaluna|0 fnt
|-heal|p1b: Sinistcha|33/100|[from] drain|[of] p2a: Ursaluna
|faint|p2a: Ursaluna
|
|win|sandy ghost 5
|c|â˜†NillyTheKid|ggs
|inactive|sandy ghost 5 has 30 seconds to confirm battle start!
|inactive|NillyTheKid has 30 seconds to confirm battle start!
|c|â˜†sandy ghost 5|tho the double miss g2 also kinda auto lost me
|c|â˜†sandy ghost 5|gg
|inactive|sandy ghost 5 has 20 seconds to confirm battle start!
|inactive|NillyTheKid has 20 seconds to confirm battle start!
|c|â˜†sandy ghost 5|do you post the replays?
|c|â˜†NillyTheKid|yeah since I have the screenshot image
