|j|☆vervejl
|j|☆ben's last ride
|html|vervejlben's last ride    
|uhtml|bestof|Game 3 of a best-of-3
|t:|1785468463
|gametype|doubles
|player|p1|vervejl|lucas|1231
|player|p2|ben's last ride|1|1081
|gen|9
|tier|[Gen 9 Champions] VGC 2026 Reg M-B (Bo3)
|rated|
|rule|Species Clause: Limit one of each Pokémon
|rule|Item Clause: Limit 1 of each item
|clearpoke
|poke|p1|Charizard, L50, M|
|poke|p1|Archaludon, L50, F|
|poke|p1|Venusaur, L50, M|
|poke|p1|Basculegion, L50, M|
|poke|p1|Pelipper, L50, F|
|poke|p1|Swampert, L50, F|
|poke|p2|Incineroar, L50, F|
|poke|p2|Floette-Eternal, L50, F|
|poke|p2|Garchomp, L50, M|
|poke|p2|Charizard, L50, F|
|poke|p2|Venusaur, L50, M|
|poke|p2|Farigiraf, L50, F|
|teampreview|4
|showteam|p1|Charizard||CharizarditeY|Blaze|Protect,HeatWave,SolarBeam,WeatherBall|Modest||M|||50|]Archaludon||Leftovers|Stamina|ElectroShot,Protect,FlashCannon,DragonPulse|Modest||F|||50|]Venusaur||WideLens|Chlorophyll|Protect,SleepPowder,LeafStorm,SludgeBomb|Timid||M|||50|]Basculegion||ChoiceScarf|Adaptability|AquaJet,FlipTurn,WaveCrash,LastRespects|Jolly||M|||50|]Pelipper||FocusSash|Drizzle|Protect,Tailwind,WeatherBall,Hurricane|Timid||F|||50|]Swampert||Swampertite|Torrent|Protect,IcePunch,WaveCrash,Earthquake|Adamant||F|||50|
|showteam|p2|Incineroar||SitrusBerry|Intimidate|FlareBlitz,FakeOut,PartingShot,ThroatChop|Impish||F|||50|]Floette-Eternal||Floettite|FlowerVeil|DrainingKiss,Moonblast,CalmMind,Protect|Modest||F|||50|]Garchomp||ChoiceScarf|RoughSkin|Earthquake,StompingTantrum,DragonClaw,RockSlide|Adamant||M|||50|]Charizard||CharizarditeY|Blaze|HeatWave,WeatherBall,AncientPower,Protect|Modest||F|||50|]Venusaur||LifeOrb|Chlorophyll|SludgeBomb,LeafStorm,EarthPower,Protect|Modest||M|||50|]Farigiraf||WiseGlasses|ArmorTail|Psychic,HyperVoice,TrickRoom,Protect|Modest||F|||50|
|inactive|Battle timer is ON: inactive players will automatically lose when time's up. (requested by vervejl)
|
|t:|1785468493
|teamsize|p1|4
|teamsize|p2|4
|start
|switch|p1a: Charizard|Charizard, L50, M|100/100
|switch|p1b: Venusaur|Venusaur, L50, M|100/100
|switch|p2a: Charizard|Charizard, L50, F|100/100
|switch|p2b: Venusaur|Venusaur, L50, M|100/100
|turn|1
|inactive|vervejl has 30 seconds left.
|
|t:|1785468519
|detailschange|p1a: Charizard|Charizard-Mega-Y, L50, M
|-mega|p1a: Charizard|Charizard|Charizardite Y
|-weather|SunnyDay|[from] ability: Drought|[of] p1a: Charizard
|move|p2b: Venusaur|Protect|p2b: Venusaur
|-singleturn|p2b: Venusaur|Protect
|move|p2a: Charizard|Protect|p2a: Charizard
|-singleturn|p2a: Charizard|Protect
|move|p1b: Venusaur|Sleep Powder|p2a: Charizard
|-activate|p2a: Charizard|move: Protect
|move|p1a: Charizard|Weather Ball|p2b: Venusaur
|-activate|p2b: Venusaur|move: Protect
|
|-weather|SunnyDay|[upkeep]
|upkeep
|turn|2
|
|t:|1785468537
|switch|p2b: Farigiraf|Farigiraf, L50, F|100/100
|detailschange|p2a: Charizard|Charizard-Mega-Y, L50, F
|-mega|p2a: Charizard|Charizard|Charizardite Y
|move|p1b: Venusaur|Sleep Powder|p2a: Charizard|[miss]
|-miss|p1b: Venusaur|p2a: Charizard
|move|p2a: Charizard|Ancient Power|p1a: Charizard
|-supereffective|p1a: Charizard|2
|-damage|p1a: Charizard|16/100
|-boost|p2a: Charizard|atk|1
|-boost|p2a: Charizard|def|1
|-boost|p2a: Charizard|spa|1
|-boost|p2a: Charizard|spd|1
|-boost|p2a: Charizard|spe|1
|move|p1a: Charizard|Weather Ball|p2b: Farigiraf
|-damage|p2b: Farigiraf|6/100
|
|-weather|SunnyDay|[upkeep]
|upkeep
|turn|3
|
|t:|1785468558
|move|p2a: Charizard|Protect|p2a: Charizard
|-singleturn|p2a: Charizard|Protect
|move|p1a: Charizard|Protect|p1a: Charizard
|-singleturn|p1a: Charizard|Protect
|move|p1b: Venusaur|Sleep Powder|p2a: Charizard
|-activate|p2a: Charizard|move: Protect
|move|p2b: Farigiraf|Trick Room|p2b: Farigiraf
|-fieldstart|move: Trick Room|[of] p2b: Farigiraf
|
|-weather|SunnyDay|[upkeep]
|upkeep
|turn|4
|
|t:|1785468581
|switch|p1b: Pelipper|Pelipper, L50, F|100/100
|-weather|RainDance|[from] ability: Drizzle|[of] p1b: Pelipper
|move|p2b: Farigiraf|Psychic|p1b: Pelipper
|-damage|p1b: Pelipper|18/100
|move|p1a: Charizard|Weather Ball|p2a: Charizard
|-supereffective|p2a: Charizard|1
|-damage|p2a: Charizard|29/100
|move|p2a: Charizard|Heat Wave|p1a: Charizard|[spread] p1a,p1b
|-resisted|p1a: Charizard|1
|-resisted|p1b: Pelipper|1
|-damage|p1a: Charizard|2/100
|-damage|p1b: Pelipper|0 fnt
|faint|p1b: Pelipper
|
|-weather|RainDance|[upkeep]
|upkeep
|
|t:|1785468601
|switch|p1b: Archaludon|Archaludon, L50, F|100/100
|turn|5
|
|t:|1785468610
|switch|p2a: Venusaur|Venusaur, L50, M|100/100
|move|p2b: Farigiraf|Protect|p2b: Farigiraf
|-singleturn|p2b: Farigiraf|Protect
|move|p1a: Charizard|Protect|p1a: Charizard
|-singleturn|p1a: Charizard|Protect
|move|p1b: Archaludon|Electro Shot||[still]
|-prepare|p1b: Archaludon|Electro Shot
|-boost|p1b: Archaludon|spa|1
|-anim|p1b: Archaludon|Electro Shot|p2b: Farigiraf
|-activate|p2b: Farigiraf|move: Protect
|
|-weather|RainDance|[upkeep]
|upkeep
|turn|6
|inactive|vervejl has 30 seconds left.
|
|t:|1785468643
|move|p2b: Farigiraf|Hyper Voice|p1b: Archaludon|[spread] p1a,p1b
|-resisted|p1b: Archaludon|1
|-crit|p1b: Archaludon
|-damage|p1a: Charizard|0 fnt
|-damage|p1b: Archaludon|75/100
|-ability|p1b: Archaludon|Stamina|boost
|-boost|p1b: Archaludon|def|1
|faint|p1a: Charizard
|move|p1b: Archaludon|Dragon Pulse|p2b: Farigiraf
|-crit|p2b: Farigiraf
|-damage|p2b: Farigiraf|0 fnt
|faint|p2b: Farigiraf
|move|p2a: Venusaur|Earth Power|p1b: Archaludon
|-supereffective|p1b: Archaludon|1
|-damage|p1b: Archaludon|9/100
|-ability|p1b: Archaludon|Stamina|boost
|-boost|p1b: Archaludon|def|1
|-damage|p2a: Venusaur|90/100|[from] item: Life Orb
|
|-weather|RainDance|[upkeep]
|-heal|p1b: Archaludon|15/100|[from] item: Leftovers
|upkeep
|inactive|ben's last ride has 30 seconds left.
|
|t:|1785468672
|switch|p2b: Charizard|Charizard-Mega-Y, L50, F|29/100
|switch|p1a: Venusaur|Venusaur, L50, M|100/100
|-weather|SunnyDay|[from] ability: Drought|[of] p2b: Charizard
|turn|7
|inactive|vervejl has 30 seconds left.
|inactive|vervejl has 20 seconds left.
|
|t:|1785468710
|move|p2b: Charizard|Protect|p2b: Charizard
|-singleturn|p2b: Charizard|Protect
|move|p2a: Venusaur|Protect|p2a: Venusaur
|-singleturn|p2a: Venusaur|Protect
|move|p1a: Venusaur|Protect|p1a: Venusaur
|-singleturn|p1a: Venusaur|Protect
|move|p1b: Archaludon|Electro Shot||[still]
|-prepare|p1b: Archaludon|Electro Shot
|-boost|p1b: Archaludon|spa|1
|
|-weather|SunnyDay|[upkeep]
|-heal|p1b: Archaludon|21/100|[from] item: Leftovers
|-fieldend|move: Trick Room
|upkeep
|turn|8
|
|t:|1785468722
|move|p1a: Venusaur|Sludge Bomb|p2b: Charizard
|-damage|p2b: Charizard|0 fnt
|faint|p2b: Charizard
|move|p2a: Venusaur|Earth Power|p1b: Archaludon
|-supereffective|p1b: Archaludon|1
|-damage|p1b: Archaludon|0 fnt
|faint|p1b: Archaludon
|-damage|p2a: Venusaur|81/100|[from] item: Life Orb
|
|-weather|SunnyDay|[upkeep]
|upkeep
|
|t:|1785468725
|switch|p2b: Garchomp|Garchomp, L50, M|100/100
|turn|9
|
|t:|1785468733
|move|p1a: Venusaur|Sleep Powder|p2b: Garchomp
|-status|p2b: Garchomp|slp|[from] move: Sleep Powder
|move|p2a: Venusaur|Sludge Bomb|p1a: Venusaur
|-damage|p1a: Venusaur|30/100
|-damage|p2a: Venusaur|71/100|[from] item: Life Orb
|cant|p2b: Garchomp|slp
|
|-weather|SunnyDay|[upkeep]
|upkeep
|turn|10
|
|t:|1785468744
|move|p2a: Venusaur|Protect|p2a: Venusaur
|-singleturn|p2a: Venusaur|Protect
|move|p1a: Venusaur|Sludge Bomb|p2a: Venusaur
|-activate|p2a: Venusaur|move: Protect
|cant|p2b: Garchomp|slp
|
|-weather|SunnyDay|[upkeep]
|upkeep
|turn|11
|c|☆vervejl|gg
|-message|vervejl forfeited.
|
|win|ben's last ride
|raw|vervejl's rating: 1231 → 1196(-35 for losing)
|raw|ben's last ride's rating: 1081 → 1120(+39 for winning)
