|j|ŌśåPokeniner
|j|Ōśåmcstupidly_
|html|Pokeninermcstupidly_    
|uhtml|bestof|Game 3 of a best-of-3
|t:|1782599019
|gametype|doubles
|player|p1|Pokeniner|169|
|player|p2|mcstupidly_|taunie|
|gen|9
|tier|[Gen 9 Champions] VGC 2026 Reg M-B (Bo3)
|rule|Species Clause: Limit one of each Pok├®mon
|rule|Item Clause: Limit 1 of each item
|clearpoke
|poke|p1|Meganium, L50, M|
|poke|p1|Swampert, L50, F|
|poke|p1|Pelipper, L50, F|
|poke|p1|Archaludon, L50, F|
|poke|p1|Arcanine-Hisui, L50, F|
|poke|p1|Alcremie, L50, F|
|poke|p2|Toxapex, L50, F, shiny|
|poke|p2|Kingambit, L50, F|
|poke|p2|Sinistcha, L50|
|poke|p2|Wyrdeer, L50, M|
|poke|p2|Banette, L50, F|
|poke|p2|Eelektross, L50, M|
|teampreview|4
|showteam|p1|Meganium||Meganiumite|Overgrow|SolarBeam,WeatherBall,DazzlingGleam,Protect|Modest||M|||50|]Swampert||Swampertite|Torrent|Protect,WaveCrash,HighHorsepower,IcePunch|Adamant||F|||50|]Pelipper||FocusSash|Drizzle|Hurricane,Tailwind,WeatherBall,WideGuard|Timid||F|||50|]Archaludon||Leftovers|Stamina|ElectroShot,DracoMeteor,FlashCannon,Snarl|Modest||F|||50|]Arcanine-Hisui||LifeOrb|RockHead|FlareBlitz,WildCharge,HeadSmash,PsychicFangs|Adamant||F|||50|]Alcremie||SitrusBerry|AromaVeil|Decorate,Protect,HelpingHand,DazzlingGleam|Bold||F|||50|
|showteam|p2|Toxapex||MentalHerb|Regenerator|BanefulBunker,WideGuard,Toxic,PainSplit|Bold||F|||50|]Kingambit||ChopleBerry|Defiant|Protect,KowtowCleave,LowKick,SuckerPunch|Adamant||F|||50|]Sinistcha||Leftovers|Hospitality|MatchaGotcha,RagePowder,Protect,StrengthSap|Bold|||||50|]Wyrdeer||SitrusBerry|Intimidate|TrickRoom,PsyshieldBash,WildCharge,HighHorsepower|Brave||M|||50|]Banette||Banettite|Frisk|KnockOff,WillOWisp,TrickRoom,Poltergeist|Sassy||F|||50|]Eelektross||Eelektrossite|Levitate|SupercellSlam,Coil,PsychicFangs,DrainPunch|Sassy||M|||50|
|j| BlabberSaur
|
|t:|1782599055
|teamsize|p1|4
|teamsize|p2|4
|start
|switch|p1a: Pelipper|Pelipper, L50, F|100/100
|switch|p1b: Swampert|Swampert, L50, F|100/100
|switch|p2a: Kingambit|Kingambit, L50, F|100/100
|switch|p2b: Eelektross|Eelektross, L50, M|100/100
|-weather|RainDance|[from] ability: Drizzle|[of] p1a: Pelipper
|turn|1
|
|t:|1782599106
|detailschange|p1b: Swampert|Swampert-Mega, L50, F
|-mega|p1b: Swampert|Swampert|Swampertite
|detailschange|p2b: Eelektross|Eelektross-Mega, L50, M
|-mega|p2b: Eelektross|Eelektross|Eelektrossite
|move|p2a: Kingambit|Protect|p2a: Kingambit
|-singleturn|p2a: Kingambit|Protect
|move|p1b: Swampert|High Horsepower|p2a: Kingambit
|-activate|p2a: Kingambit|move: Protect
|move|p1a: Pelipper|Weather Ball|p2a: Kingambit
|-activate|p2a: Kingambit|move: Protect
|move|p2b: Eelektross|Supercell Slam|p1a: Pelipper
|-supereffective|p1a: Pelipper|2
|-enditem|p1a: Pelipper|Focus Sash
|-damage|p1a: Pelipper|1/100
|
|-weather|RainDance|[upkeep]
|upkeep
|turn|2
|
|t:|1782599144
|switch|p2a: Wyrdeer|Wyrdeer, L50, M|100/100
|-ability|p2a: Wyrdeer|Intimidate|boost
|-unboost|p1a: Pelipper|atk|1
|-unboost|p1b: Swampert|atk|1
|move|p1b: Swampert|High Horsepower|p2a: Wyrdeer
|-damage|p2a: Wyrdeer|55/100
|move|p1a: Pelipper|Weather Ball|p2b: Eelektross
|-damage|p2b: Eelektross|56/100
|move|p2b: Eelektross|Drain Punch|p1a: Pelipper
|-resisted|p1a: Pelipper|1
|-damage|p1a: Pelipper|0 fnt
|-heal|p2b: Eelektross|57/100|[from] drain|[of] p1a: Pelipper
|faint|p1a: Pelipper
|-ability|p2b: Eelektross|Eelevate|boost
|-boost|p2b: Eelektross|atk|1
|
|-weather|RainDance|[upkeep]
|upkeep
|
|t:|1782599164
|switch|p1a: Archaludon|Archaludon, L50, F|100/100
|turn|3
|
|t:|1782599248
|switch|p2b: Sinistcha|Sinistcha, L50|100/100
|-heal|p2a: Wyrdeer|80/100|[from] ability: Hospitality|[of] p2b: Sinistcha
|move|p1b: Swampert|Wave Crash|p2b: Sinistcha
|-resisted|p2b: Sinistcha|1
|-damage|p2b: Sinistcha|73/100
|-damage|p1b: Swampert|90/100|[from] Recoil
|move|p1a: Archaludon|Electro Shot||[still]
|-prepare|p1a: Archaludon|Electro Shot
|-boost|p1a: Archaludon|spa|1
|-anim|p1a: Archaludon|Electro Shot|p2a: Wyrdeer
|-damage|p2a: Wyrdeer|11/100
|-enditem|p2a: Wyrdeer|Sitrus Berry|[eat]
|-heal|p2a: Wyrdeer|36/100|[from] item: Sitrus Berry
|move|p2a: Wyrdeer|Trick Room|p2a: Wyrdeer
|-fieldstart|move: Trick Room|[of] p2a: Wyrdeer
|
|-weather|RainDance|[upkeep]
|-heal|p2b: Sinistcha|79/100|[from] item: Leftovers
|upkeep
|turn|4
|
|t:|1782599271
|move|p1b: Swampert|Protect|p1b: Swampert
|-singleturn|p1b: Swampert|Protect
|move|p2a: Wyrdeer|High Horsepower|p1a: Archaludon
|-supereffective|p1a: Archaludon|1
|-damage|p1a: Archaludon|56/100
|-ability|p1a: Archaludon|Stamina|boost
|-boost|p1a: Archaludon|def|1
|move|p2b: Sinistcha|Matcha Gotcha|p1b: Swampert|[spread] p1a
|-activate|p1b: Swampert|move: Protect
|-resisted|p1a: Archaludon|2
|-crit|p1a: Archaludon
|-damage|p1a: Archaludon|47/100
|-heal|p2b: Sinistcha|84/100|[from] drain|[of] p1a: Archaludon
|-ability|p1a: Archaludon|Stamina|boost
|-boost|p1a: Archaludon|def|1
|move|p1a: Archaludon|Snarl|p2b: Sinistcha|[spread] p2a,p2b
|-supereffective|p2a: Wyrdeer|1
|-supereffective|p2b: Sinistcha|1
|-crit|p2b: Sinistcha
|-damage|p2a: Wyrdeer|0 fnt
|-damage|p2b: Sinistcha|14/100
|-unboost|p2b: Sinistcha|spa|1
|faint|p2a: Wyrdeer
|
|-weather|RainDance|[upkeep]
|-heal|p2b: Sinistcha|20/100y|[from] item: Leftovers
|-heal|p1a: Archaludon|53/100|[from] item: Leftovers
|upkeep
|
|t:|1782599279
|switch|p2a: Eelektross|Eelektross-Mega, L50, M|57/100
|turn|5
|l|ŌśåPokeniner
|player|p1|
|c| BlabberSaur|Oh
|c| BlabberSaur|Timer on?
|j|ŌśåPokeniner
|player|p1|Pokeniner|169|
|c| BlabberSaur|There ya go
|c|ŌśåPokeniner|dced
|c|ŌśåPokeniner|internet getting funky
|
|t:|1782599389
|move|p2b: Sinistcha|Rage Powder|p2b: Sinistcha
|-singleturn|p2b: Sinistcha|move: Rage Powder
|move|p2a: Eelektross|Coil|p2a: Eelektross
|-boost|p2a: Eelektross|atk|1
|-boost|p2a: Eelektross|def|1
|-boost|p2a: Eelektross|accuracy|1
|move|p1a: Archaludon|Snarl|p2a: Eelektross|[spread] p2a,p2b
|-supereffective|p2b: Sinistcha|1
|-damage|p2a: Eelektross|41/100
|-damage|p2b: Sinistcha|0 fnt
|-unboost|p2a: Eelektross|spa|1
|faint|p2b: Sinistcha
|move|p1b: Swampert|Wave Crash|p2a: Eelektross
|-damage|p2a: Eelektross|0 fnt
|faint|p2a: Eelektross
|-damage|p1b: Swampert|78/100|[from] Recoil
|
|-weather|none
|-heal|p1a: Archaludon|59/100|[from] item: Leftovers
|upkeep
|c|Ōśåmcstupidly_|i
|c|Ōśåmcstupidly_|didnŌĆÖt onow
|c|Ōśåmcstupidly_|it got thay
|
|t:|1782599427
|switch|p2b: Kingambit|Kingambit, L50, F|100/100
|turn|6
|c|ŌśåPokeniner|Wave Crash?
|c|Ōśåmcstupidly_|snarl
|c|ŌśåPokeniner|oh yea
|c|Ōśåmcstupidly_|crit low kick rn trust
|c|ŌśåPokeniner|awesome control tool to partner with stamina
|
|t:|1782599474
|move|p2b: Kingambit|Low Kick|p1a: Archaludon
|-supereffective|p1a: Archaludon|1
|-crit|p1a: Archaludon
|-damage|p1a: Archaludon|0 fnt
|faint|p1a: Archaludon
|move|p1b: Swampert|High Horsepower|p2b: Kingambit
|-supereffective|p2b: Kingambit|1
|-damage|p2b: Kingambit|36/100
|
|upkeep
|c|ŌśåPokeniner|WHAT
|c|Ōśåmcstupidly_|LMAO
|c|ŌśåPokeniner|LUL
|c| BlabberSaur|Wow
|c|Ōśåmcstupidly_|LOL
|
|t:|1782599482
|switch|p1a: Arcanine|Arcanine-Hisui, L50, F|100/100
|turn|7
|c|ŌśåPokeniner|the call out
|c|ŌśåPokeniner|bro needs to go to vegas
|j| Bruce_Pottr
|c|Ōśåmcstupidly_|so
|c|Ōśåmcstupidly_|because i
|c|Ōśåmcstupidly_|got that rigjt
|c|Ōśåmcstupidly_|you should like
|c|Ōśåmcstupidly_|protect with pert
|c| BlabberSaur|Use psychic fangs trust
|c|Ōśåmcstupidly_|exactlyyy
|
|t:|1782599538
|move|p2b: Kingambit|Low Kick|p1a: Arcanine
|-supereffective|p1a: Arcanine|1
|-damage|p1a: Arcanine|6/100
|move|p1b: Swampert|Wave Crash|p2b: Kingambit
|-damage|p2b: Kingambit|0 fnt
|faint|p2b: Kingambit
|-damage|p1b: Swampert|64/100|[from] Recoil
|
|win|Pokeniner
|c|ŌśåPokeniner|no :)
|c|Ōśåmcstupidly_|gg
|c|ŌśåPokeniner|wp
|l| BlabberSaur
