|j|☆b1kope
|j|☆epic17x
|html|b1kopeepic17x    
|uhtml|bestof|Game 1 of a best-of-3
|t:|1756682722
|gametype|doubles
|player|p1|b1kope|101|1210
|player|p2|epic17x|steven|1310
|gen|9
|tier|[Gen 9] VGC 2025 Reg H (Bo3)
|rated|
|rule|Species Clause: Limit one of each Pokémon
|rule|Item Clause: Limit 1 of each item
|clearpoke
|poke|p1|Dragonite, L50, M|
|poke|p1|Volcarona, L50, F|
|poke|p1|Sneasler, L50, M|
|poke|p1|Rillaboom, L50, M|
|poke|p1|Electabuzz, L50, M|
|poke|p1|Kingambit, L50, M|
|poke|p2|Ninetales-Alola, L50, F|
|poke|p2|Rillaboom, L50, F|
|poke|p2|Magmar, L50, M|
|poke|p2|Sneasler, L50, F|
|poke|p2|Kingambit, L50, F|
|poke|p2|Basculegion, L50, M|
|teampreview|4
|showteam|p1|Dragonite||LoadedDice|Multiscale|ScaleShot,ExtremeSpeed,Haze,Protect|||M|||50|,,,,,Fairy]Volcarona||CovertCloak|FlameBody|HeatWave,TeraBlast,QuiverDance,Protect|||F|||50|,,,,,Fairy]Sneasler||FocusSash|Unburden|CloseCombat,DireClaw,Coaching,Protect|||M|||50|,,,,,Stellar]Rillaboom||AssaultVest|GrassySurge|WoodHammer,GrassyGlide,HighHorsepower,FakeOut|||M|||50|,,,,,Water]Electabuzz||Eviolite|VitalSpirit|Thunderbolt,FollowMe,Taunt,Protect|||M|||50|,,,,,Ghost]Kingambit||BlackGlasses|Defiant|KowtowCleave,SuckerPunch,SwordsDance,Protect|||M|||50|,,,,,Dark
|showteam|p2|Ninetales-Alola||NeverMeltIce|SnowWarning|Blizzard,FreezeDry,Encore,Protect|||F|||50|,,,,,Ghost]Rillaboom||AssaultVest|GrassySurge|WoodHammer,FakeOut,Uturn,GrassyGlide|||F|||50|,,,,,Ghost]Magmar||Eviolite|VitalSpirit|Protect,HeatWave,WillOWisp,FollowMe|||M|||50|,,,,,Ghost]Sneasler||FocusSash|PoisonTouch|FakeOut,DireClaw,CloseCombat,Protect|||F|||50|,,,,,Ghost]Kingambit||BlackGlasses|Defiant|KowtowCleave,SwordsDance,SuckerPunch,Protect|||F|||50|,,,,,Fire]Basculegion||ChoiceScarf|Adaptability|WaveCrash,FlipTurn,TeraBlast,LastRespects|||M|||50|,,,,,Fighting
|inactive|Battle timer is ON: inactive players will automatically lose when time's up. (requested by epic17x)
|inactive|epic17x has 60 seconds left.
|inactive|epic17x has 30 seconds left.
|
|t:|1756682787
|teamsize|p1|4
|teamsize|p2|4
|start
|switch|p1a: Electabuzz|Electabuzz, L50, M|100/100
|switch|p1b: Volcarona|Volcarona, L50, F|100/100
|switch|p2a: Magmar|Magmar, L50, M|100/100
|switch|p2b: Kingambit|Kingambit, L50, F|100/100
|turn|1
|
|t:|1756682798
|-terastallize|p2b: Kingambit|Fire
|move|p2a: Magmar|Follow Me|p2a: Magmar
|-singleturn|p2a: Magmar|move: Follow Me
|move|p1b: Volcarona|Quiver Dance|p1b: Volcarona
|-boost|p1b: Volcarona|spa|1
|-boost|p1b: Volcarona|spd|1
|-boost|p1b: Volcarona|spe|1
|move|p1a: Electabuzz|Taunt|p2a: Magmar
|-start|p2a: Magmar|move: Taunt
|move|p2b: Kingambit|Swords Dance|p2b: Kingambit
|-boost|p2b: Kingambit|atk|2
|
|upkeep
|turn|2
|
|t:|1756682812
|switch|p2a: Sneasler|Sneasler, L50, F|100/100
|-terastallize|p1b: Volcarona|Fairy
|move|p1b: Volcarona|Quiver Dance|p1b: Volcarona
|-boost|p1b: Volcarona|spa|1
|-boost|p1b: Volcarona|spd|1
|-boost|p1b: Volcarona|spe|1
|move|p1a: Electabuzz|Taunt|p2b: Kingambit
|-start|p2b: Kingambit|move: Taunt
|move|p2b: Kingambit|Kowtow Cleave|p1b: Volcarona
|-resisted|p1b: Volcarona
|-damage|p1b: Volcarona|13/100
|
|upkeep
|turn|3
|
|t:|1756682836
|move|p1b: Volcarona|Protect|p1b: Volcarona
|-singleturn|p1b: Volcarona|Protect
|move|p1a: Electabuzz|Protect|p1a: Electabuzz
|-singleturn|p1a: Electabuzz|Protect
|move|p2a: Sneasler|Dire Claw|p1a: Electabuzz
|-activate|p1a: Electabuzz|move: Protect
|move|p2b: Kingambit|Kowtow Cleave|p1a: Electabuzz
|-activate|p1a: Electabuzz|move: Protect
|
|upkeep
|turn|4
|
|t:|1756682856
|move|p1a: Electabuzz|Follow Me|p1a: Electabuzz
|-singleturn|p1a: Electabuzz|move: Follow Me
|move|p2b: Kingambit|Sucker Punch||[still]
|-fail|p2b: Kingambit
|move|p1b: Volcarona|Heat Wave|p2b: Kingambit|[spread] p2a,p2b
|-resisted|p2b: Kingambit
|-damage|p2a: Sneasler|4/100
|-damage|p2b: Kingambit|63/100
|-status|p2a: Sneasler|brn
|move|p2a: Sneasler|Dire Claw|p1a: Electabuzz
|-damage|p1a: Electabuzz|85/100
|
|-damage|p2a: Sneasler|0 fnt|[from] brn
|faint|p2a: Sneasler
|-end|p2b: Kingambit|move: Taunt
|upkeep
|
|t:|1756682868
|switch|p2a: Rillaboom|Rillaboom, L50, F|100/100
|-fieldstart|move: Grassy Terrain|[from] ability: Grassy Surge|[of] p2a: Rillaboom
|turn|5
|
|t:|1756682873
|switch|p2a: Magmar|Magmar, L50, M|100/100
|move|p1b: Volcarona|Protect|p1b: Volcarona
|-singleturn|p1b: Volcarona|Protect
|move|p1a: Electabuzz|Protect|p1a: Electabuzz
|-singleturn|p1a: Electabuzz|Protect
|move|p2b: Kingambit|Kowtow Cleave|p1a: Electabuzz
|-activate|p1a: Electabuzz|move: Protect
|
|-heal|p1b: Volcarona|20/100|[from] Grassy Terrain
|-heal|p1a: Electabuzz|91/100|[from] Grassy Terrain
|-heal|p2b: Kingambit|68/100|[from] Grassy Terrain
|upkeep
|turn|6
|
|t:|1756682886
|move|p1a: Electabuzz|Follow Me|p1a: Electabuzz
|-singleturn|p1a: Electabuzz|move: Follow Me
|move|p1b: Volcarona|Heat Wave|p2a: Magmar|[spread] p2a,p2b
|-resisted|p2a: Magmar
|-resisted|p2b: Kingambit
|-damage|p2a: Magmar|74/100
|-damage|p2b: Kingambit|28/100
|move|p2a: Magmar|Heat Wave|p1b: Volcarona|[spread] p1a,p1b
|-damage|p1a: Electabuzz|71/100
|-damage|p1b: Volcarona|6/100
|move|p2b: Kingambit|Kowtow Cleave|p1a: Electabuzz
|-damage|p1a: Electabuzz|0 fnt
|faint|p1a: Electabuzz
|
|-heal|p1b: Volcarona|12/100|[from] Grassy Terrain
|-heal|p2a: Magmar|80/100|[from] Grassy Terrain
|-heal|p2b: Kingambit|34/100|[from] Grassy Terrain
|upkeep
|
|t:|1756682896
|switch|p1a: Sneasler|Sneasler, L50, M|100/100
|turn|7
|
|t:|1756682908
|move|p1a: Sneasler|Protect|p1a: Sneasler
|-singleturn|p1a: Sneasler|Protect
|move|p2b: Kingambit|Protect|p2b: Kingambit
|-singleturn|p2b: Kingambit|Protect
|move|p1b: Volcarona|Tera Blast|p2a: Magmar|[anim] Tera Blast Fairy
|-resisted|p2a: Magmar
|-damage|p2a: Magmar|50/100
|move|p2a: Magmar|Heat Wave|p1a: Sneasler|[spread] p1b
|-activate|p1a: Sneasler|move: Protect
|-damage|p1b: Volcarona|0 fnt
|faint|p1b: Volcarona
|
|-heal|p2a: Magmar|56/100|[from] Grassy Terrain
|-heal|p2b: Kingambit|40/100|[from] Grassy Terrain
|upkeep
|
|t:|1756682918
|switch|p1b: Dragonite|Dragonite, L50, M|100/100
|turn|8
|
|t:|1756682939
|move|p2b: Kingambit|Sucker Punch|p1a: Sneasler
|-resisted|p1a: Sneasler
|-damage|p1a: Sneasler|10/100
|move|p1a: Sneasler|Close Combat|p2b: Kingambit
|-damage|p2b: Kingambit|0 fnt
|-unboost|p1a: Sneasler|def|1
|-unboost|p1a: Sneasler|spd|1
|faint|p2b: Kingambit
|move|p1b: Dragonite|Scale Shot|p2a: Magmar|[miss]
|-miss|p1b: Dragonite|p2a: Magmar
|move|p2a: Magmar|Will-O-Wisp|p1b: Dragonite
|-status|p1b: Dragonite|brn
|
|-heal|p1a: Sneasler|16/100|[from] Grassy Terrain
|-heal|p2a: Magmar|62/100|[from] Grassy Terrain
|-damage|p1b: Dragonite|95/100 brn|[from] brn
|upkeep
|
|t:|1756682950
|switch|p2b: Rillaboom|Rillaboom, L50, F|100/100
|turn|9
|
|t:|1756682953
|move|p1a: Sneasler|Protect|p1a: Sneasler
|-singleturn|p1a: Sneasler|Protect
|move|p1b: Dragonite|Protect|p1b: Dragonite
|-singleturn|p1b: Dragonite|Protect
|move|p2b: Rillaboom|Grassy Glide|p1a: Sneasler
|-activate|p1a: Sneasler|move: Protect
|move|p2a: Magmar|Heat Wave|p1b: Dragonite|[spread] 
|-activate|p1a: Sneasler|move: Protect
|-activate|p1b: Dragonite|move: Protect
|
|-heal|p1a: Sneasler|22/100|[from] Grassy Terrain
|-heal|p2a: Magmar|68/100|[from] Grassy Terrain
|-damage|p1b: Dragonite|89/100 brn|[from] brn
|-fieldend|move: Grassy Terrain
|upkeep
|turn|10
|
|t:|1756682965
|move|p1a: Sneasler|Dire Claw|p2b: Rillaboom
|-supereffective|p2b: Rillaboom
|-damage|p2b: Rillaboom|23/100
|move|p1b: Dragonite|Scale Shot|p2b: Rillaboom
|-damage|p2b: Rillaboom|16/100
|-damage|p2b: Rillaboom|8/100
|-damage|p2b: Rillaboom|0 fnt
|faint|p2b: Rillaboom
|-hitcount|p2: Rillaboom|3
|-unboost|p1b: Dragonite|def|1
|-boost|p1b: Dragonite|spe|1
|move|p2a: Magmar|Heat Wave|p1a: Sneasler|[spread] p1a,p1b
|-resisted|p1b: Dragonite
|-damage|p1a: Sneasler|0 fnt
|-damage|p1b: Dragonite|75/100 brn
|faint|p1a: Sneasler
|
|-damage|p1b: Dragonite|69/100 brn|[from] brn
|upkeep
|turn|11
|
|t:|1756682980
|move|p2a: Magmar|Protect|p2a: Magmar
|-singleturn|p2a: Magmar|Protect
|move|p1b: Dragonite|Scale Shot|p2a: Magmar
|-activate|p2a: Magmar|move: Protect
|
|-damage|p1b: Dragonite|63/100 brn|[from] brn
|upkeep
|turn|12
|
|t:|1756682984
|move|p1b: Dragonite|Scale Shot|p2a: Magmar
|-damage|p2a: Magmar|62/100
|-damage|p2a: Magmar|56/100
|-damage|p2a: Magmar|51/100
|-damage|p2a: Magmar|45/100
|-damage|p2a: Magmar|39/100
|-hitcount|p2a: Magmar|5
|-unboost|p1b: Dragonite|def|1
|-boost|p1b: Dragonite|spe|1
|move|p2a: Magmar|Heat Wave|p1b: Dragonite
|-resisted|p1b: Dragonite
|-damage|p1b: Dragonite|43/100 brn
|
|-damage|p1b: Dragonite|37/100 brn|[from] brn
|upkeep
|turn|13
|
|t:|1756682998
|move|p2a: Magmar|Protect|p2a: Magmar
|-singleturn|p2a: Magmar|Protect
|move|p1b: Dragonite|Scale Shot|p2a: Magmar
|-activate|p2a: Magmar|move: Protect
|
|-damage|p1b: Dragonite|31/100 brn|[from] brn
|upkeep
|turn|14
|
|t:|1756683006
|move|p1b: Dragonite|Scale Shot|p2a: Magmar
|-damage|p2a: Magmar|33/100
|-damage|p2a: Magmar|28/100
|-damage|p2a: Magmar|22/100
|-damage|p2a: Magmar|16/100
|-hitcount|p2a: Magmar|4
|-unboost|p1b: Dragonite|def|1
|-boost|p1b: Dragonite|spe|1
|move|p2a: Magmar|Heat Wave|p1b: Dragonite
|-resisted|p1b: Dragonite
|-crit|p1b: Dragonite
|-damage|p1b: Dragonite|3/100 brn
|
|-damage|p1b: Dragonite|0 fnt|[from] brn
|faint|p1b: Dragonite
|
|win|epic17x
||b1kope is ready for game 2.
|inactive|epic17x has 30 seconds to confirm battle start!
||epic17x is ready for game 2.
|uhtml|next|Next: Game 2 of 3
|l|☆b1kope
|player|p1|
