|j|☆darthmorton
|j|☆pirro9
|html|darthmortonpirro9    
|uhtml|bestof|Game 1 of a best-of-3
|t:|1782756666
|gametype|doubles
|player|p1|darthmorton|dragontamer|1095
|player|p2|pirro9|170|1154
|gen|9
|tier|[Gen 9 Champions] VGC 2026 Reg M-B (Bo3)
|rated|
|rule|Species Clause: Limit one of each Pokémon
|rule|Item Clause: Limit 1 of each item
|clearpoke
|poke|p1|Sneasler, L50, F|
|poke|p1|Sinistcha, L50|
|poke|p1|Incineroar, L50, M|
|poke|p1|Charizard, L50, F|
|poke|p1|Floette-Eternal, L50, F|
|poke|p1|Kingambit, L50, F|
|poke|p2|Blastoise, L50, M|
|poke|p2|Incineroar, L50, F|
|poke|p2|Maushold, L50|
|poke|p2|Sinistcha, L50|
|poke|p2|Delphox, L50, M|
|poke|p2|Sneasler, L50, M|
|teampreview|4
|showteam|p1|Sneasler||FocusSash|PoisonTouch|FakeOut,GunkShot,CloseCombat,Coaching|Jolly||F|||50|]Sinistcha||SitrusBerry|Hospitality|MatchaGotcha,RagePowder,TrickRoom,Protect|Bold|||||50|]Incineroar||ChopleBerry|Intimidate|FlareBlitz,HelpingHand,PartingShot,FakeOut|Impish||M|||50|]Charizard||CharizarditeX|Blaze|FlareBlitz,DragonClaw,DragonDance,Protect|Adamant||F|||50|]Floette-Eternal||Floettite|FlowerVeil|Moonblast,CalmMind,DazzlingGleam,Protect|Modest||F|||50|]Kingambit||BlackGlasses|Defiant|KowtowCleave,SuckerPunch,SwordsDance,Protect|Adamant||F|||50|
|showteam|p2|Blastoise||Blastoisinite|RainDish|DarkPulse,WaterSpout,Protect,ShellSmash|Modest||M|||50|]Incineroar||SitrusBerry|Intimidate|FlareBlitz,FakeOut,PartingShot,ThroatChop|Impish||F|||50|]Maushold||FocusSash|FriendGuard|Feint,HelpingHand,FollowMe,Protect|Impish|||||50|]Sinistcha||KasibBerry|Hospitality|TrickRoom,RagePowder,MatchaGotcha,LifeDew|Relaxed|||||50|]Delphox||Delphoxite|Blaze|Psyshock,HeatWave,Protect,NastyPlot|Modest||M|||50|]Sneasler||WhiteHerb|Unburden|DireClaw,CloseCombat,FakeOut,Protect|Adamant||M|||50|
|inactive|Battle timer is ON: inactive players will automatically lose when time's up. (requested by darthmorton)
|inactive|darthmorton has 60 seconds left.
|inactive|pirro9 has 60 seconds left.
|inactive|pirro9 has 30 seconds left.
|
|t:|1782756728
|teamsize|p1|4
|teamsize|p2|4
|start
|switch|p1a: Sneasler|Sneasler, L50, F|100/100
|switch|p1b: Charizard|Charizard, L50, F|100/100
|switch|p2a: Delphox|Delphox, L50, M|100/100
|switch|p2b: Sneasler|Sneasler, L50, M|100/100
|turn|1
|inactive|pirro9 has 30 seconds left.
|inactive|pirro9 has 20 seconds left.
|
|t:|1782756768
|detailschange|p1b: Charizard|Charizard-Mega-X, L50, F
|-mega|p1b: Charizard|Charizard|Charizardite X
|detailschange|p2a: Delphox|Delphox-Mega, L50, M
|-mega|p2a: Delphox|Delphox|Delphoxite
|move|p1a: Sneasler|Fake Out|p2b: Sneasler
|-damage|p2b: Sneasler|73/100
|cant|p2b: Sneasler|flinch
|move|p2a: Delphox|Nasty Plot|p2a: Delphox
|-boost|p2a: Delphox|spa|2
|move|p1b: Charizard|Dragon Dance|p1b: Charizard
|-boost|p1b: Charizard|atk|1
|-boost|p1b: Charizard|spe|1
|
|upkeep
|turn|2
|
|t:|1782756793
|switch|p1a: Incineroar|Incineroar, L50, M|100/100
|-ability|p1a: Incineroar|Intimidate|boost
|-unboost|p2a: Delphox|atk|1
|-unboost|p2b: Sneasler|atk|1
|-enditem|p2b: Sneasler|White Herb
|-clearnegativeboost|p2b: Sneasler|[silent]
|switch|p2b: Maushold|Maushold, L50|100/100
|move|p1b: Charizard|Protect|p1b: Charizard
|-singleturn|p1b: Charizard|Protect
|move|p2a: Delphox|Protect||[still]
|-fail|p2a: Delphox
|
|upkeep
|turn|3
|inactive|darthmorton has 30 seconds left.
|inactive|pirro9 has 30 seconds left.
|inactive|darthmorton has 20 seconds left.
|
|t:|1782756832
|switch|p2b: Sneasler|Sneasler, L50, M|73/100
|move|p2a: Delphox|Protect|p2a: Delphox
|-singleturn|p2a: Delphox|Protect
|move|p1a: Incineroar|Fake Out|p2a: Delphox
|-activate|p2a: Delphox|move: Protect
|move|p1b: Charizard|Flare Blitz|p2b: Sneasler
|-damage|p2b: Sneasler|0 fnt
|faint|p2b: Sneasler
|-damage|p1b: Charizard|75/100|[from] Recoil
|
|upkeep
|
|t:|1782756853
|switch|p2b: Maushold|Maushold, L50|100/100
|turn|4
|inactive|darthmorton has 30 seconds left.
|inactive|darthmorton has 20 seconds left.
|inactive|darthmorton has 15 seconds left.
|inactive|darthmorton has 10 seconds left.
|
|t:|1782756902
|move|p1a: Incineroar|Helping Hand|p1b: Charizard
|-singleturn|p1b: Charizard|Helping Hand|[of] p1a: Incineroar
|move|p2b: Maushold|Follow Me|p2b: Maushold
|-singleturn|p2b: Maushold|move: Follow Me
|move|p1b: Charizard|Dragon Claw|p2b: Maushold
|-enditem|p2b: Maushold|Focus Sash
|-damage|p2b: Maushold|1/100
|move|p2a: Delphox|Nasty Plot|p2a: Delphox
|-boost|p2a: Delphox|spa|2
|
|upkeep
|turn|5
|inactive|darthmorton has 30 seconds left.
|inactive|darthmorton has 20 seconds left.
|
|t:|1782756941
|move|p2b: Maushold|Follow Me|p2b: Maushold
|-singleturn|p2b: Maushold|move: Follow Me
|move|p1b: Charizard|Dragon Claw|p2b: Maushold
|-damage|p2b: Maushold|0 fnt
|faint|p2b: Maushold
|move|p2a: Delphox|Heat Wave|p1a: Incineroar|[spread] p1a,p1b
|-resisted|p1a: Incineroar|1
|-resisted|p1b: Charizard|2
|-damage|p1a: Incineroar|46/100
|-damage|p1b: Charizard|34/100
|move|p1a: Incineroar|Parting Shot|p2a: Delphox
|-unboost|p2a: Delphox|atk|1
|-unboost|p2a: Delphox|spa|1
|
|t:|1782756953
|switch|p1a: Sneasler|Sneasler, L50, F|100/100|[from] Parting Shot
|
|upkeep
|
|t:|1782756957
|switch|p2b: Sinistcha|Sinistcha, L50|100/100
|turn|6
|
|t:|1782756972
|move|p2a: Delphox|Protect|p2a: Delphox
|-singleturn|p2a: Delphox|Protect
|move|p1a: Sneasler|Fake Out|p2a: Delphox
|-activate|p2a: Delphox|move: Protect
|move|p1b: Charizard|Flare Blitz|p2b: Sinistcha
|-supereffective|p2b: Sinistcha|1
|-damage|p2b: Sinistcha|0 fnt
|faint|p2b: Sinistcha
|-damage|p1b: Charizard|0 fnt|[from] Recoil
|faint|p1b: Charizard
|
|upkeep
|
|t:|1782756977
|switch|p1b: Kingambit|Kingambit, L50, F|100/100
|turn|7
|
|t:|1782756988
|move|p1b: Kingambit|Sucker Punch|p2a: Delphox
|-supereffective|p2a: Delphox|1
|-damage|p2a: Delphox|0 fnt
|faint|p2a: Delphox
|
|win|darthmorton
