|j|☆ssooner
|j|☆baka rounin
|html|ssoonerbaka rounin    
|uhtml|bestof|Game 1 of a best-of-3
|t:|1784231623
|gametype|doubles
|player|p1|ssooner|wallace|1116
|player|p2|baka rounin|170|1123
|gen|9
|tier|[Gen 9 Champions] VGC 2026 Reg M-B (Bo3)
|rated|
|rule|Species Clause: Limit one of each Pokémon
|rule|Item Clause: Limit 1 of each item
|clearpoke
|poke|p1|Charizard, L50, M|
|poke|p1|Floette-Eternal, L50, F|
|poke|p1|Garchomp, L50, F|
|poke|p1|Basculegion, L50, M|
|poke|p1|Kingambit, L50, M|
|poke|p1|Whimsicott, L50, M|
|poke|p2|Tyranitar, L50, M, shiny|
|poke|p2|Excadrill, L50, F|
|poke|p2|Milotic, L50, F|
|poke|p2|Sinistcha, L50|
|poke|p2|Staraptor, L50, M, shiny|
|poke|p2|Gholdengo, L50|
|teampreview|4
|showteam|p1|Charizard||CharizarditeY|Blaze|WeatherBall,HeatWave,SolarBeam,Protect|Modest||M|||50|]Floette-Eternal||Floettite|FlowerVeil|Moonblast,DazzlingGleam,LightofRuin,Protect|Timid||F|||50|]Garchomp||LifeOrb|RoughSkin|Earthquake,DragonClaw,RockSlide,Protect|Jolly||F|||50|]Basculegion||MysticWater|Adaptability|WaveCrash,LastRespects,AquaJet,Protect|Adamant||M|||50|]Kingambit||BlackGlasses|Defiant|KowtowCleave,SuckerPunch,LowKick,Protect|Adamant||M|||50|]Whimsicott||FocusSash|Prankster|Tailwind,Moonblast,Encore,Protect|Timid||M|||50|
|showteam|p2|Tyranitar||Tyranitarite|SandStream|RockSlide,KnockOff,HighHorsepower,Protect|Jolly||M|||50|]Excadrill||FocusSash|SandRush|IronHead,Earthquake,RockSlide,Protect|Jolly||F|||50|]Milotic||SitrusBerry|Competitive|Scald,IcyWind,Haze,Protect|Calm||F|||50|]Sinistcha||ColburBerry|Hospitality|MatchaGotcha,ShadowBall,Protect,RagePowder|Bold|||||50|]Staraptor||Staraptite|Intimidate|CloseCombat,BraveBird,Tailwind,Protect|Jolly||M|||50|]Gholdengo||LifeOrb|GoodasGold|ShadowBall,MakeItRain,NastyPlot,Protect|Modest|||||50|
|inactive|Battle timer is ON: inactive players will automatically lose when time's up. (requested by ssooner)
|inactive|baka rounin has 60 seconds left.
|
|t:|1784231682
|teamsize|p1|4
|teamsize|p2|4
|start
|switch|p1a: Whimsicott|Whimsicott, L50, M|100/100
|switch|p1b: Basculegion|Basculegion, L50, M|100/100
|switch|p2a: Xebec|Tyranitar, L50, M, shiny|100/100
|switch|p2b: Donnie Brasco|Excadrill, L50, F|100/100
|-weather|Sandstorm|[from] ability: Sand Stream|[of] p2a: Xebec
|turn|1
|inactive|ssooner has 30 seconds left.
|inactive|baka rounin has 30 seconds left.
|inactive|baka rounin has 20 seconds left.
|inactive|baka rounin has 15 seconds left.
|
|t:|1784231723
|switch|p2a: Naga|Milotic, L50, F|100/100
|move|p1a: Whimsicott|Tailwind|p1a: Whimsicott
|-sidestart|p1: ssooner|move: Tailwind
|move|p1b: Basculegion|Aqua Jet|p2b: Donnie Brasco
|-supereffective|p2b: Donnie Brasco|1
|-enditem|p2b: Donnie Brasco|Focus Sash
|-damage|p2b: Donnie Brasco|1/100
|move|p2b: Donnie Brasco|Iron Head|p1a: Whimsicott
|-supereffective|p1a: Whimsicott|1
|-enditem|p1a: Whimsicott|Focus Sash
|-damage|p1a: Whimsicott|1/100
|
|-weather|Sandstorm|[upkeep]
|-damage|p1a: Whimsicott|0 fnt|[from] Sandstorm
|-damage|p1b: Basculegion|94/100|[from] Sandstorm
|-damage|p2a: Naga|94/100|[from] Sandstorm
|faint|p1a: Whimsicott
|upkeep
|
|t:|1784231740
|switch|p1a: Charizard|Charizard, L50, M|100/100
|turn|2
|
|t:|1784231754
|switch|p2a: Xebec|Tyranitar, L50, M, shiny|100/100
|move|p2b: Donnie Brasco|Protect|p2b: Donnie Brasco
|-singleturn|p2b: Donnie Brasco|Protect
|move|p1a: Charizard|Protect|p1a: Charizard
|-singleturn|p1a: Charizard|Protect
|move|p1b: Basculegion|Aqua Jet|p2b: Donnie Brasco
|-activate|p2b: Donnie Brasco|move: Protect
|
|-weather|Sandstorm|[upkeep]
|-damage|p1a: Charizard|94/100|[from] Sandstorm
|-damage|p1b: Basculegion|88/100|[from] Sandstorm
|upkeep
|turn|3
|
|t:|1784231771
|switch|p1a: Garchomp|Garchomp, L50, F|100/100
|detailschange|p2a: Xebec|Tyranitar-Mega, L50, M, shiny
|-mega|p2a: Xebec|Tyranitar|Tyranitarite
|move|p2b: Donnie Brasco|Rock Slide|p1a: Garchomp|[spread] p1a
|-miss|p2b: Donnie Brasco|p1b: Basculegion
|-resisted|p1a: Garchomp|1
|-damage|p1a: Garchomp|89/100
|move|p1b: Basculegion|Wave Crash|p2a: Xebec
|-supereffective|p2a: Xebec|1
|-damage|p2a: Xebec|0 fnt
|faint|p2a: Xebec
|-damage|p1b: Basculegion|57/100|[from] Recoil
|
|-weather|Sandstorm|[upkeep]
|-damage|p1b: Basculegion|51/100|[from] Sandstorm
|upkeep
|
|t:|1784231787
|switch|p2a: Naga|Milotic, L50, F|94/100
|turn|4
|
|t:|1784231794
|move|p2b: Donnie Brasco|Protect|p2b: Donnie Brasco
|-singleturn|p2b: Donnie Brasco|Protect
|move|p1a: Garchomp|Earthquake|p2b: Donnie Brasco|[spread] p1b,p2a
|-activate|p2b: Donnie Brasco|move: Protect
|-damage|p1b: Basculegion|0 fnt
|-damage|p2a: Naga|41/100
|-enditem|p2a: Naga|Sitrus Berry|[eat]
|-heal|p2a: Naga|65/100|[from] item: Sitrus Berry
|faint|p1b: Basculegion
|-damage|p1a: Garchomp|79/100|[from] item: Life Orb
|move|p2a: Naga|Icy Wind|p1a: Garchomp
|-supereffective|p1a: Garchomp|2
|-damage|p1a: Garchomp|18/100
|-unboost|p1a: Garchomp|spe|1
|
|-weather|Sandstorm|[upkeep]
|-damage|p2a: Naga|60/100|[from] Sandstorm
|-sideend|p1: ssooner|move: Tailwind
|upkeep
|
|t:|1784231811
|switch|p1b: Charizard|Charizard, L50, M|94/100
|turn|5
|
|t:|1784231820
|detailschange|p1b: Charizard|Charizard-Mega-Y, L50, M
|-mega|p1b: Charizard|Charizard|Charizardite Y
|-weather|SunnyDay|[from] ability: Drought|[of] p1b: Charizard
|move|p2b: Donnie Brasco|Rock Slide|p1a: Garchomp|[spread] p1a,p1b
|-resisted|p1a: Garchomp|1
|-supereffective|p1b: Charizard|2
|-damage|p1a: Garchomp|9/100
|-damage|p1b: Charizard|0 fnt
|faint|p1b: Charizard
|move|p2a: Naga|Icy Wind|p1a: Garchomp
|-supereffective|p1a: Garchomp|2
|-damage|p1a: Garchomp|0 fnt
|faint|p1a: Garchomp
|
|win|baka rounin
