|j|☆gliscor43
|j|☆cwisbt
|html|gliscor43cwisbt    
|uhtml|bestof|Game 1 of a best-of-3
|t:|1784403621
|gametype|doubles
|player|p1|gliscor43|mars|
|player|p2|cwisbt|sordward-shielbert|
|gen|9
|tier|[Gen 9 Champions] VGC 2026 Reg M-B (Bo3)
|rule|Species Clause: Limit one of each Pokémon
|rule|Item Clause: Limit 1 of each item
|clearpoke
|poke|p1|Pelipper, L50, F|
|poke|p1|Dragonite, L50, M|
|poke|p1|Staraptor, L50, M|
|poke|p1|Swampert, L50, F|
|poke|p1|Meowstic, L50, M|
|poke|p1|Volcarona, L50, F|
|poke|p2|Raichu, L50, M|
|poke|p2|Mamoswine, L50, F|
|poke|p2|Gholdengo, L50|
|poke|p2|Sylveon, L50, F|
|poke|p2|Talonflame, L50, F|
|poke|p2|Froslass, L50, F|
|teampreview|4
|showteam|p1|Pelipper||FocusSash|Drizzle|WeatherBall,Hurricane,Tailwind,Protect|Modest||F|||50|]Dragonite||BrightPowder|Multiscale|DragonClaw,ExtremeSpeed,Roost,Protect|Adamant||M|||50|]Staraptor||Staraptite|Intimidate|CloseCombat,BraveBird,Roost,Protect|Adamant||M|||50|]Swampert||Swampertite|Torrent|WaveCrash,Earthquake,IcePunch,Protect|Adamant||F|||50|]Meowstic||MentalHerb|Prankster|FakeOut,Charm,RainDance,Yawn|Careful||M|||50|]Volcarona||SitrusBerry|FlameBody|RagePowder,BugBuzz,Protect,LightScreen|Bold||F|||50|
|showteam|p2|Raichu||RaichuniteY|LightningRod|Protect,ZapCannon,FocusBlast,Encore|Timid||M|||50|]Mamoswine||FocusSash|Oblivious|Protect,IcicleCrash,IceShard,HighHorsepower|Adamant||F|||50|]Gholdengo||LifeOrb|GoodasGold|Protect,MakeItRain,ShadowBall,PowerGem|Modest|||||50|]Sylveon||FairyFeather|Pixilate|Protect,HyperVoice,HyperBeam,QuickAttack|Modest||F|||50|]Talonflame||SharpBeak|GaleWings|QuickGuard,DualWingbeat,SunnyDay,Tailwind|Jolly||F|||50|]Froslass||Froslassite|CursedBody|Protect,Blizzard,ShadowBall,Taunt|Timid||F|||50|
|inactive|Battle timer is ON: inactive players will automatically lose when time's up. (requested by cwisbt)
|inactiveoff|Battle timer is now OFF.
|c|☆cwisbt|glhf
|
|t:|1784403683
|teamsize|p1|4
|teamsize|p2|4
|start
|switch|p1a: Meowstic|Meowstic, L50, M|100/100
|switch|p1b: Swampert|Swampert, L50, F|100/100
|switch|p2a: Talonflame|Talonflame, L50, F|100/100
|switch|p2b: Froslass|Froslass, L50, F|100/100
|turn|1
|c|☆gliscor43|u2
|
|t:|1784403727
|detailschange|p2b: Froslass|Froslass-Mega, L50, F
|-mega|p2b: Froslass|Froslass|Froslassite
|-weather|Snowscape|[from] ability: Snow Warning|[of] p2b: Froslass
|detailschange|p1b: Swampert|Swampert-Mega, L50, F
|-mega|p1b: Swampert|Swampert|Swampertite
|move|p2a: Talonflame|Tailwind|p2a: Talonflame
|-sidestart|p2: cwisbt|move: Tailwind
|move|p1a: Meowstic|Rain Dance|p1a: Meowstic
|-weather|RainDance
|move|p2b: Froslass|Blizzard|p1b: Swampert|[spread] p1b
|-miss|p2b: Froslass|p1a: Meowstic
|-damage|p1b: Swampert|61/100
|move|p1b: Swampert|Wave Crash|p2b: Froslass
|-damage|p2b: Froslass|0 fnt
|faint|p2b: Froslass
|-damage|p1b: Swampert|34/100|[from] Recoil
|
|-weather|RainDance|[upkeep]
|upkeep
|
|t:|1784403742
|switch|p2b: Mamoswine|Mamoswine, L50, F|100/100
|turn|2
|
|t:|1784403759
|move|p1b: Swampert|Protect|p1b: Swampert
|-singleturn|p1b: Swampert|Protect
|move|p2a: Talonflame|Dual Wingbeat|p1b: Swampert
|-activate|p1b: Swampert|move: Protect
|move|p1a: Meowstic|Yawn|p2b: Mamoswine
|-start|p2b: Mamoswine|move: Yawn|[of] p1a: Meowstic
|move|p2b: Mamoswine|High Horsepower|p1a: Meowstic
|-damage|p1a: Meowstic|46/100
|
|-weather|RainDance|[upkeep]
|upkeep
|turn|3
|
|t:|1784403781
|switch|p2b: Sylveon|Sylveon, L50, F|100/100
|switch|p1b: Dragonite|Dragonite, L50, M|100/100
|move|p2a: Talonflame|Dual Wingbeat|p1b: Dragonite
|-damage|p1b: Dragonite|91/100
|-damage|p1b: Dragonite|73/100
|-hitcount|p1b: Dragonite|2
|move|p1a: Meowstic|Yawn|p2a: Talonflame
|-start|p2a: Talonflame|move: Yawn|[of] p1a: Meowstic
|
|-weather|RainDance|[upkeep]
|upkeep
|turn|4
|
|t:|1784403794
|switch|p2a: Mamoswine|Mamoswine, L50, F|100/100
|switch|p1b: Volcarona|Volcarona, L50, F|100/100
|move|p1a: Meowstic|Yawn|p2b: Sylveon
|-start|p2b: Sylveon|move: Yawn|[of] p1a: Meowstic
|move|p2b: Sylveon|Hyper Voice|p1a: Meowstic|[spread] p1a,p1b
|-resisted|p1b: Volcarona|1
|-damage|p1a: Meowstic|0 fnt
|-damage|p1b: Volcarona|77/100
|faint|p1a: Meowstic
|
|-weather|RainDance|[upkeep]
|-sideend|p2: cwisbt|move: Tailwind
|upkeep
|
|t:|1784403799
|switch|p1a: Swampert|Swampert-Mega, L50, F|34/100
|turn|5
|
|t:|1784403814
|move|p2a: Mamoswine|Protect|p2a: Mamoswine
|-singleturn|p2a: Mamoswine|Protect
|move|p1b: Volcarona|Rage Powder|p1b: Volcarona
|-singleturn|p1b: Volcarona|move: Rage Powder
|move|p1a: Swampert|Wave Crash|p2b: Sylveon
|-damage|p2b: Sylveon|0 fnt
|faint|p2b: Sylveon
|-damage|p1a: Swampert|1/100|[from] Recoil
|
|-weather|none
|upkeep
|
|t:|1784403820
|switch|p2b: Talonflame|Talonflame, L50, F|100/100
|turn|6
|
|t:|1784403839
|move|p1b: Volcarona|Rage Powder|p1b: Volcarona
|-singleturn|p1b: Volcarona|move: Rage Powder
|move|p2b: Talonflame|Dual Wingbeat|p1b: Volcarona|[miss]
|-miss|p2b: Talonflame|p1b: Volcarona
|move|p2a: Mamoswine|High Horsepower|p1b: Volcarona
|-damage|p1b: Volcarona|26/100
|-enditem|p1b: Volcarona|Sitrus Berry|[eat]
|-heal|p1b: Volcarona|51/100|[from] item: Sitrus Berry
|move|p1a: Swampert|Wave Crash|p2a: Mamoswine
|-supereffective|p2a: Mamoswine|1
|-enditem|p2a: Mamoswine|Focus Sash
|-damage|p2a: Mamoswine|1/100
|-damage|p1a: Swampert|0 fnt|[from] Recoil
|faint|p1a: Swampert
|
|upkeep
|
|t:|1784403848
|switch|p1a: Dragonite|Dragonite, L50, M|73/100
|turn|7
|
|t:|1784403861
|move|p1a: Dragonite|Extreme Speed|p2a: Mamoswine
|-damage|p2a: Mamoswine|0 fnt
|faint|p2a: Mamoswine
|move|p2b: Talonflame|Dual Wingbeat|p1b: Volcarona
|-supereffective|p1b: Volcarona|1
|-damage|p1b: Volcarona|19/100
|-supereffective|p1b: Volcarona|1
|-damage|p1b: Volcarona|0 fnt
|faint|p1b: Volcarona
|-hitcount|p1: Volcarona|2
|
|upkeep
|turn|8
|
|t:|1784403873
|move|p2b: Talonflame|Dual Wingbeat|p1a: Dragonite
|-damage|p1a: Dragonite|55/100
|-damage|p1a: Dragonite|36/100
|-hitcount|p1a: Dragonite|2
|move|p1a: Dragonite|Dragon Claw|p2b: Talonflame
|-damage|p2b: Talonflame|31/100
|
|upkeep
|turn|9
|
|t:|1784403882
|move|p1a: Dragonite|Extreme Speed|p2b: Talonflame
|-damage|p2b: Talonflame|0 fnt
|faint|p2b: Talonflame
|
|win|gliscor43
|c|☆cwisbt|gg
|c|☆gliscor43|gg
||cwisbt is ready for game 2.
||gliscor43 is ready for game 2.
|uhtml|next|Next: Game 2 of 3
