|j|☆Slim Shady LPVGC
|j|☆KingDom1992
|html|Slim Shady LPVGCKingDom1992    
|uhtml|bestof|Game 1 of a best-of-3
|t:|1756676762
|gametype|doubles
|player|p1|Slim Shady LPVGC|cynthia|1148
|player|p2|KingDom1992|brock|1224
|gen|9
|tier|[Gen 9] VGC 2025 Reg H (Bo3)
|rated|
|rule|Species Clause: Limit one of each Pokémon
|rule|Item Clause: Limit 1 of each item
|clearpoke
|poke|p1|Whimsicott, L50, F|
|poke|p1|Dragapult, L50, M|
|poke|p1|Gholdengo, L50|
|poke|p1|Sneasler, L50, F|
|poke|p1|Hydreigon, L50, M|
|poke|p1|Amoonguss, L50, F|
|poke|p2|Gholdengo, L50|
|poke|p2|Sneasler, L50, F|
|poke|p2|Incineroar, L50, M|
|poke|p2|Amoonguss, L50, F|
|poke|p2|Dragonite, L50, F|
|poke|p2|Ursaluna-Bloodmoon, L50, M|
|teampreview|4
|showteam|p1|Whimsicott||CovertCloak|Prankster|Moonblast,Tailwind,Encore,FakeTears|||F|||50|,,,,,Dark]Dragapult||ChoiceBand|ClearBody|DragonDarts,PhantomForce,SuckerPunch,Uturn|||M|||50|,,,,,Dragon]Gholdengo||MetalCoat|GoodasGold|Protect,MakeItRain,ShadowBall,NastyPlot||||||50|,,,,,Steel]Sneasler||WhiteHerb|Unburden|Protect,DireClaw,CloseCombat,FakeOut|||F|||50|,,,,,Stellar]Hydreigon||LifeOrb|Levitate|Protect,DracoMeteor,DarkPulse,EarthPower|||M|||50|,,,,,Ghost]Amoonguss||MentalHerb|Regenerator|Protect,RagePowder,PollenPuff,Spore|||F|||50|,,,,,Water
|showteam|p2|Gholdengo||LifeOrb|GoodasGold|MakeItRain,ShadowBall,NastyPlot,Protect||||||50|,,,,,Water]Sneasler||FocusSash|PoisonTouch|FakeOut,CloseCombat,DireClaw,Protect|||F|||50|,,,,,Stellar]Incineroar||SafetyGoggles|Intimidate|FakeOut,FlareBlitz,KnockOff,PartingShot|||M|||50|,,,,,Ghost]Amoonguss||SitrusBerry|Regenerator|Spore,RagePowder,PollenPuff,Protect|||F|||50|,,,,,Water]Dragonite||LoadedDice|Multiscale|ScaleShot,Haze,Tailwind,ExtremeSpeed|||F|||50|,,,,,Fairy]Ursaluna-Bloodmoon||AssaultVest|MindsEye|HyperVoice,BloodMoon,EarthPower,VacuumWave|||M|||50|,,,,,Normal
|inactive|Battle timer is ON: inactive players will automatically lose when time's up. (requested by Slim Shady LPVGC)
|inactive|Slim Shady LPVGC has 60 seconds left.
|inactive|KingDom1992 has 60 seconds left.
|
|t:|1756676822
|teamsize|p1|4
|teamsize|p2|4
|start
|switch|p1a: Hydreigon|Hydreigon, L50, M|100/100
|switch|p1b: Gholdengo|Gholdengo, L50|100/100
|switch|p2a: Incineroar|Incineroar, L50, M, shiny|100/100
|switch|p2b: Ursaluna|Ursaluna-Bloodmoon, L50, M|100/100
|-ability|p2a: Incineroar|Intimidate|boost
|-unboost|p1a: Hydreigon|atk|1
|-unboost|p1b: Gholdengo|atk|1
|turn|1
|inactive|Slim Shady LPVGC has 30 seconds left.
|inactive|KingDom1992 has 30 seconds left.
|
|t:|1756676856
|move|p1a: Hydreigon|Protect|p1a: Hydreigon
|-singleturn|p1a: Hydreigon|Protect
|move|p1b: Gholdengo|Protect|p1b: Gholdengo
|-singleturn|p1b: Gholdengo|Protect
|move|p2b: Ursaluna|Earth Power|p1b: Gholdengo
|-activate|p1b: Gholdengo|move: Protect
|move|p2a: Incineroar|Knock Off|p1a: Hydreigon
|-activate|p1a: Hydreigon|move: Protect
|
|upkeep
|turn|2
|inactive|Slim Shady LPVGC has 30 seconds left.
|
|t:|1756676885
|-terastallize|p1b: Gholdengo|Steel
|move|p1a: Hydreigon|Earth Power|p2a: Incineroar
|-supereffective|p2a: Incineroar
|-damage|p2a: Incineroar|38/100
|-damage|p1a: Hydreigon|91/100|[from] item: Life Orb
|move|p1b: Gholdengo|Make It Rain|p2b: Ursaluna|[spread] p2a,p2b
|-resisted|p2a: Incineroar
|-damage|p2a: Incineroar|9/100
|-damage|p2b: Ursaluna|43/100
|-unboost|p1b: Gholdengo|spa|1
|move|p2b: Ursaluna|Earth Power|p1b: Gholdengo
|-supereffective|p1b: Gholdengo
|-damage|p1b: Gholdengo|6/100
|move|p2a: Incineroar|Parting Shot|p1a: Hydreigon
|-unboost|p1a: Hydreigon|atk|1
|-unboost|p1a: Hydreigon|spa|1
|
|t:|1756676903
|switch|p2a: Sneasler|Sneasler, L50, F, shiny|100/100|[from] Parting Shot
|
|upkeep
|turn|3
|j| Laxidaze3
|inactive|Slim Shady LPVGC has 30 seconds left.
|
|t:|1756676932
|move|p2a: Sneasler|Fake Out|p1a: Hydreigon
|-damage|p1a: Hydreigon|74/100
|-status|p1a: Hydreigon|psn|[from] ability: Poison Touch|[of] p2a: Sneasler
|move|p2b: Ursaluna|Vacuum Wave|p1b: Gholdengo
|-supereffective|p1b: Gholdengo
|-damage|p1b: Gholdengo|0 fnt
|faint|p1b: Gholdengo
|cant|p1a: Hydreigon|flinch
|
|-damage|p1a: Hydreigon|62/100 psn|[from] psn
|upkeep
|
|t:|1756676938
|switch|p1b: Whimsicott|Whimsicott, L50, F|100/100
|turn|4
|
|t:|1756676956
|move|p1b: Whimsicott|Encore|p2a: Sneasler
|-start|p2a: Sneasler|Encore
|move|p2a: Sneasler|Fake Out||[still]
|-hint|Fake Out only works on your first turn out.
|-fail|p2a: Sneasler
|move|p1a: Hydreigon|Draco Meteor|p2b: Ursaluna
|-damage|p2b: Ursaluna|0 fnt
|-unboost|p1a: Hydreigon|spa|2
|faint|p2b: Ursaluna
|-damage|p1a: Hydreigon|52/100 psn|[from] item: Life Orb
|
|-damage|p1a: Hydreigon|40/100 psn|[from] psn
|upkeep
|
|t:|1756676964
|switch|p2b: Gholdengo|Gholdengo, L50|100/100
|turn|5
|inactive|Slim Shady LPVGC has 30 seconds left.
|
|t:|1756676996
|switch|p2a: Incineroar|Incineroar, L50, M, shiny|9/100
|-ability|p2a: Incineroar|Intimidate|boost
|-unboost|p1a: Hydreigon|atk|1
|-unboost|p1b: Whimsicott|atk|1
|switch|p1a: Sneasler|Sneasler, L50, F|100/100
|move|p1b: Whimsicott|Tailwind|p1b: Whimsicott
|-sidestart|p1: Slim Shady LPVGC|move: Tailwind
|move|p2b: Gholdengo|Make It Rain|p1a: Sneasler|[spread] p1a,p1b
|-supereffective|p1b: Whimsicott
|-damage|p1a: Sneasler|29/100
|-damage|p1b: Whimsicott|0 fnt
|-unboost|p2b: Gholdengo|spa|1
|faint|p1b: Whimsicott
|-damage|p2b: Gholdengo|91/100|[from] item: Life Orb
|
|upkeep
|
|t:|1756677000
|switch|p1b: Hydreigon|Hydreigon, L50, M|40/100 psn
|turn|6
|inactive|Slim Shady LPVGC has 30 seconds left.
|inactive|KingDom1992 has 30 seconds left.
|inactive|Slim Shady LPVGC has 20 seconds left.
|inactive|KingDom1992 has 20 seconds left.
|inactive|KingDom1992 has 15 seconds left.
|
|t:|1756677042
|switch|p2b: Sneasler|Sneasler, L50, F, shiny|100/100
|-terastallize|p2a: Incineroar|Ghost
|move|p1a: Sneasler|Fake Out|p2b: Sneasler
|-damage|p2b: Sneasler|77/100
|move|p2a: Incineroar|Fake Out|p1b: Hydreigon
|-damage|p1b: Hydreigon|29/100 psn
|cant|p1b: Hydreigon|flinch
|
|-damage|p1b: Hydreigon|17/100 psn|[from] psn
|upkeep
|turn|7
|inactive|Slim Shady LPVGC has 30 seconds left.
|
|t:|1756677073
|move|p1b: Hydreigon|Protect|p1b: Hydreigon
|-singleturn|p1b: Hydreigon|Protect
|move|p2b: Sneasler|Fake Out|p1b: Hydreigon
|-activate|p1b: Hydreigon|move: Protect
|move|p1a: Sneasler|Close Combat|p2b: Sneasler
|-resisted|p2b: Sneasler
|-damage|p2b: Sneasler|20/100
|-unboost|p1a: Sneasler|def|1
|-unboost|p1a: Sneasler|spd|1
|-enditem|p1a: Sneasler|White Herb
|-clearnegativeboost|p1a: Sneasler|[silent]
|move|p2a: Incineroar|Parting Shot|p1a: Sneasler
|-unboost|p1a: Sneasler|atk|1
|-unboost|p1a: Sneasler|spa|1
|
|t:|1756677079
|switch|p2a: Gholdengo|Gholdengo, L50|91/100|[from] Parting Shot
|
|-damage|p1b: Hydreigon|5/100 psn|[from] psn
|upkeep
|turn|8
|
|t:|1756677099
|switch|p2b: Incineroar|Incineroar, L50, M, shiny, tera:Ghost|9/100
|-ability|p2b: Incineroar|Intimidate|boost
|-unboost|p1a: Sneasler|atk|1
|-unboost|p1b: Hydreigon|atk|1
|move|p2a: Gholdengo|Protect|p2a: Gholdengo
|-singleturn|p2a: Gholdengo|Protect
|move|p1a: Sneasler|Dire Claw|p2b: Incineroar
|-resisted|p2b: Incineroar
|-damage|p2b: Incineroar|0 fnt
|faint|p2b: Incineroar
|move|p1b: Hydreigon|Dark Pulse|p2a: Gholdengo
|-activate|p2a: Gholdengo|move: Protect
|
|-damage|p1b: Hydreigon|0 fnt|[from] psn
|faint|p1b: Hydreigon
|-sideend|p1: Slim Shady LPVGC|move: Tailwind
|upkeep
|
|t:|1756677117
|switch|p2b: Sneasler|Sneasler, L50, F, shiny|20/100
|turn|9
|
|t:|1756677122
|move|p2b: Sneasler|Fake Out|p1a: Sneasler
|-damage|p1a: Sneasler|5/100
|cant|p1a: Sneasler|flinch
|move|p2a: Gholdengo|Shadow Ball|p1a: Sneasler
|-damage|p1a: Sneasler|0 fnt
|faint|p1a: Sneasler
|-damage|p2a: Gholdengo|82/100|[from] item: Life Orb
|
|win|KingDom1992
||Slim Shady LPVGC is ready for game 2.
||KingDom1992 is ready for game 2.
|uhtml|next|Next: Game 2 of 3
|l|☆Slim Shady LPVGC
|player|p1|
