|j|☆edenatwork
|j|☆NETDlDO
|html|edenatworkNETDlDO    
|uhtml|bestof|Game 2 of a best-of-3
|t:|1786041616
|gametype|doubles
|player|p1|edenatwork|backersf|1118
|player|p2|NETDlDO|bruno|1025
|gen|9
|tier|[Gen 9 Champions] VGC 2026 Reg M-B (Bo3)
|rated|
|rule|Species Clause: Limit one of each Pokémon
|rule|Item Clause: Limit 1 of each item
|clearpoke
|poke|p1|Incineroar, L50, M|
|poke|p1|Garchomp, L50, F|
|poke|p1|Sinistcha, L50|
|poke|p1|Kingambit, L50, M|
|poke|p1|Sneasler, L50, M|
|poke|p1|Gardevoir, L50, M|
|poke|p2|Pelipper, L50, M|
|poke|p2|Gholdengo, L50|
|poke|p2|Raichu, L50, M|
|poke|p2|Sylveon, L50, F|
|poke|p2|Aerodactyl, L50, F|
|poke|p2|Maushold, L50|
|teampreview|4
|showteam|p1|Incineroar||SitrusBerry|Intimidate|HelpingHand,FlareBlitz,FakeOut,PartingShot|Careful||M|||50|]Garchomp||Garchompite|RoughSkin|RockSlide,Protect,DragonClaw,StompingTantrum|Jolly||F|||50|]Sinistcha||CobaBerry|Hospitality|MatchaGotcha,RagePowder,Protect,TrickRoom|Calm|||||50|]Kingambit||ChopleBerry|Defiant|KowtowCleave,Protect,IronHead,SuckerPunch|Adamant||M|||50|]Sneasler||FocusSash|PoisonTouch|DireClaw,Coaching,FakeOut,CloseCombat|Jolly||M|||50|]Gardevoir||Gardevoirite|Trace|HyperVoice,Psychic,Protect,CalmMind|Modest||M|||50|
|showteam|p2|Pelipper||DampRock|Drizzle|Hurricane,WeatherBall,Protect,Tailwind|Timid||M|||50|]Gholdengo||LifeOrb|GoodasGold|MakeItRain,ShadowBall,NastyPlot,Protect|Modest|||||50|]Raichu||RaichuniteY|Static|FocusBlast,FakeOut,ZapCannon,Protect|Timid||M|||50|]Sylveon||FairyFeather|Pixilate|HyperVoice,HyperBeam,Protect,QuickAttack|Modest||F|||50|]Aerodactyl||FocusSash|Unnerve|Tailwind,RockSlide,DualWingbeat,Protect|Jolly||F|||50|]Maushold||WideLens|FriendGuard|PopulationBomb,Taunt,FollowMe,SuperFang|Jolly|||||50|
|inactive|Battle timer is ON: inactive players will automatically lose when time's up. (requested by edenatwork)
|
|t:|1786041638
|teamsize|p1|4
|teamsize|p2|4
|start
|switch|p1a: Sneasler|Sneasler, L50, M|100/100
|switch|p1b: Gardevoir|Gardevoir, L50, M|100/100
|switch|p2a: Aerodactyl|Aerodactyl, L50, F|100/100
|switch|p2b: Sylveon|Sylveon, L50, F|100/100
|-ability|p2a: Aerodactyl|Unnerve
|-ability|p1b: Gardevoir|Pixilate|Trace|[from] ability: Trace|[of] p2b: Sylveon
|turn|1
|inactive|NETDlDO has 30 seconds left.
|inactive|NETDlDO has 20 seconds left.
|inactive|NETDlDO has 15 seconds left.
|inactive|NETDlDO has 10 seconds left.
|inactive|NETDlDO has 5 seconds left.
|
|t:|1786041688
|detailschange|p1b: Gardevoir|Gardevoir-Mega, L50, M
|-mega|p1b: Gardevoir|Gardevoir|Gardevoirite
|move|p2b: Sylveon|Protect|p2b: Sylveon
|-singleturn|p2b: Sylveon|Protect
|move|p2a: Aerodactyl|Dual Wingbeat|p1a: Sneasler
|-supereffective|p1a: Sneasler|1
|-crit|p1a: Sneasler
|-damage|p1a: Sneasler|4/100
|-supereffective|p1a: Sneasler|1
|-damage|p1a: Sneasler|0 fnt
|faint|p1a: Sneasler
|-hitcount|p1: Sneasler|2
|move|p1b: Gardevoir|Calm Mind|p1b: Gardevoir
|-boost|p1b: Gardevoir|spa|1
|-boost|p1b: Gardevoir|spd|1
|
|upkeep
|
|t:|1786041702
|switch|p1a: Kingambit|Kingambit, L50, M|100/100
|turn|2
|
|t:|1786041713
|move|p2a: Aerodactyl|Tailwind|p2a: Aerodactyl
|-sidestart|p2: NETDlDO|move: Tailwind
|move|p2b: Sylveon|Hyper Beam|p1b: Gardevoir
|-damage|p1b: Gardevoir|33/100
|-mustrecharge|p2b: Sylveon
|move|p1b: Gardevoir|Hyper Voice|p2a: Aerodactyl|[spread] p2a,p2b
|-enditem|p2a: Aerodactyl|Focus Sash
|-damage|p2a: Aerodactyl|1/100
|-damage|p2b: Sylveon|47/100
|move|p1a: Kingambit|Iron Head|p2b: Sylveon
|-supereffective|p2b: Sylveon|1
|-damage|p2b: Sylveon|0 fnt
|faint|p2b: Sylveon
|
|upkeep
|
|t:|1786041732
|switch|p2b: Raichu|Raichu, L50, M|100/100
|turn|3
|
|t:|1786041751
|detailschange|p2b: Raichu|Raichu-Mega-Y, L50, M
|-mega|p2b: Raichu|Raichu|Raichunite Y
|move|p1b: Gardevoir|Protect|p1b: Gardevoir
|-singleturn|p1b: Gardevoir|Protect
|move|p1a: Kingambit|Protect|p1a: Kingambit
|-singleturn|p1a: Kingambit|Protect
|move|p2a: Aerodactyl|Dual Wingbeat|p1b: Gardevoir
|-activate|p1b: Gardevoir|move: Protect
|move|p2b: Raichu|Focus Blast|p1a: Kingambit
|-activate|p1a: Kingambit|move: Protect
|
|upkeep
|turn|4
|
|t:|1786041775
|switch|p2a: Maushold|Maushold, L50|100/100
|switch|p1a: Sinistcha|Sinistcha, L50|100/100
|-heal|p1b: Gardevoir|57/100|[from] ability: Hospitality|[of] p1a: Sinistcha
|move|p2b: Raichu|Zap Cannon|p1b: Gardevoir
|-damage|p1b: Gardevoir|17/100
|-status|p1b: Gardevoir|par
|move|p1b: Gardevoir|Hyper Voice|p2a: Maushold|[spread] p2a,p2b
|-damage|p2a: Maushold|8/100
|-damage|p2b: Raichu|20/100y
|
|upkeep
|turn|5
|inactive|NETDlDO has 30 seconds left.
|inactive|NETDlDO has 20 seconds left.
|
|t:|1786041811
|move|p2b: Raichu|Protect|p2b: Raichu
|-singleturn|p2b: Raichu|Protect
|move|p1a: Sinistcha|Rage Powder|p1a: Sinistcha
|-singleturn|p1a: Sinistcha|move: Rage Powder
|move|p2a: Maushold|Taunt|p1a: Sinistcha
|-start|p1a: Sinistcha|move: Taunt
|move|p1b: Gardevoir|Hyper Voice|p2b: Raichu|[spread] p2a
|-activate|p2b: Raichu|move: Protect
|-damage|p2a: Maushold|0 fnt
|faint|p2a: Maushold
|
|-sideend|p2: NETDlDO|move: Tailwind
|upkeep
|
|t:|1786041824
|switch|p2a: Aerodactyl|Aerodactyl, L50, F|1/100
|-ability|p2a: Aerodactyl|Unnerve
|turn|6
|
|t:|1786041839
|switch|p1a: Kingambit|Kingambit, L50, M|100/100
|move|p1b: Gardevoir|Protect|p1b: Gardevoir
|-singleturn|p1b: Gardevoir|Protect
|move|p2b: Raichu|Zap Cannon|p1b: Gardevoir
|-activate|p1b: Gardevoir|move: Protect
|move|p2a: Aerodactyl|Dual Wingbeat|p1a: Kingambit
|-resisted|p1a: Kingambit|1
|-damage|p1a: Kingambit|93/100
|-resisted|p1a: Kingambit|1
|-damage|p1a: Kingambit|86/100
|-hitcount|p1a: Kingambit|2
|
|upkeep
|turn|7
|
|t:|1786041863
|move|p2b: Raichu|Protect|p2b: Raichu
|-singleturn|p2b: Raichu|Protect
|move|p1a: Kingambit|Sucker Punch||[still]
|-fail|p1a: Kingambit
|move|p2a: Aerodactyl|Dual Wingbeat|p1b: Gardevoir
|-damage|p1b: Gardevoir|0 fnt
|faint|p1b: Gardevoir
|-hitcount|p1: Gardevoir|1
|
|upkeep
|
|t:|1786041872
|switch|p1b: Sinistcha|Sinistcha, L50|100/100
|-heal|p1a: Kingambit|100/100|[from] ability: Hospitality|[of] p1b: Sinistcha
|turn|8
|
|t:|1786041885
|move|p2b: Raichu|Focus Blast|p1a: Kingambit
|-supereffective|p1a: Kingambit|2
|-damage|p1a: Kingambit|0 fnt
|faint|p1a: Kingambit
|move|p2a: Aerodactyl|Dual Wingbeat|p1b: Sinistcha
|-supereffective|p1b: Sinistcha|1
|-damage|p1b: Sinistcha|66/100
|-supereffective|p1b: Sinistcha|1
|-damage|p1b: Sinistcha|32/100
|-hitcount|p1b: Sinistcha|2
|move|p1b: Sinistcha|Matcha Gotcha|p2b: Raichu|[spread] p2a,p2b
|-damage|p2a: Aerodactyl|0 fnt
|-heal|p1b: Sinistcha|33/100|[from] drain|[of] p2a: Aerodactyl
|-damage|p2b: Raichu|0 fnt
|-heal|p1b: Sinistcha|41/100|[from] drain|[of] p2b: Raichu
|faint|p2a: Aerodactyl
|faint|p2b: Raichu
|
|win|edenatwork
|inactive|edenatwork has 30 seconds to confirm battle start!
|inactive|NETDlDO has 30 seconds to confirm battle start!
||NETDlDO is ready for game 3.
||edenatwork is ready for game 3.
|uhtml|next|Next: Game 3 of 3
