|j|☆axcoquette
|j|☆pixlrd
|html|axcoquettepixlrd    
|uhtml|bestof|Game 2 of a best-of-3
|t:|1782350989
|gametype|doubles
|player|p1|axcoquette|maid|1146
|player|p2|pixlrd|102|1089
|gen|9
|tier|[Gen 9 Champions] VGC 2026 Reg M-B (Bo3)
|rated|
|rule|Species Clause: Limit one of each Pokémon
|rule|Item Clause: Limit 1 of each item
|clearpoke
|poke|p1|Charizard, L50, M|
|poke|p1|Floette-Eternal, L50, F|
|poke|p1|Basculegion, L50, M|
|poke|p1|Kingambit, L50, M|
|poke|p1|Garchomp, L50, M|
|poke|p1|Whimsicott, L50, M|
|poke|p2|Starmie, L50|
|poke|p2|Staraptor, L50, F|
|poke|p2|Archaludon, L50, M|
|poke|p2|Pelipper, L50, M|
|poke|p2|Swampert, L50, M|
|poke|p2|Basculegion-F, L50, F|
|teampreview|4
|showteam|p1|Charizard||CharizarditeY|Blaze|HeatWave,WeatherBall,SolarBeam,Protect|Modest||M|||50|]Floette-Eternal||Floettite|FlowerVeil|DazzlingGleam,Moonblast,LightofRuin,Protect|Timid||F|||50|]Basculegion||MysticWater|Adaptability|WaveCrash,LastRespects,AquaJet,Protect|Adamant||M|||50|]Kingambit||BlackGlasses|Defiant|KowtowCleave,IronHead,SuckerPunch,Protect|Lonely||M|||50|]Garchomp||SitrusBerry|RoughSkin|DragonClaw,Earthquake,RockSlide,Protect|Jolly||M|||50|]Whimsicott||FocusSash|Prankster|Tailwind,Moonblast,Encore,Protect|Timid||M|||50|
|showteam|p2|Starmie||Starminite|Analytic|AquaJet,Protect,Scald,Recover|Jolly|||||50|]Staraptor||Staraptite|Intimidate|CloseCombat,Protect,Tailwind,BraveBird|Jolly||F|||50|]Archaludon||FocusSash|Stamina|ElectroShot,DragonTail,Earthquake,DracoMeteor|Rash||M|||50|]Pelipper||LifeOrb|Drizzle|Hurricane,WeatherBall,Protect,IcyWind|Modest||M|||50|]Swampert||Swampertite|Torrent|Earthquake,Liquidation,Protect,KnockOff|Adamant||M|||50|]Basculegion-F||ChoiceScarf|Adaptability|MuddyWater,IceBeam,AquaJet,ShadowBall|Hasty||F|||50|
|inactive|Battle timer is ON: inactive players will automatically lose when time's up. (requested by axcoquette)
|inactive|pixlrd has 60 seconds left.
|
|t:|1782351024
|teamsize|p1|4
|teamsize|p2|4
|start
|switch|p1a: Floette|Floette-Eternal, L50, F|100/100
|switch|p1b: Whimsicott|Whimsicott, L50, M|100/100
|switch|p2a: Pelipper|Pelipper, L50, M|100/100
|switch|p2b: Basculegion|Basculegion-F, L50, F|100/100
|-weather|RainDance|[from] ability: Drizzle|[of] p2a: Pelipper
|turn|1
|inactive|pixlrd has 30 seconds left.
|
|t:|1782351049
|detailschange|p1a: Floette|Floette-Mega, L50, F
|-mega|p1a: Floette|Floette|Floettite
|-ability|p1a: Floette|Fairy Aura
|move|p1b: Whimsicott|Tailwind|p1b: Whimsicott
|-sidestart|p1: axcoquette|move: Tailwind
|move|p1a: Floette|Moonblast|p2b: Basculegion
|-damage|p2b: Basculegion|6/100
|move|p2b: Basculegion|Muddy Water|p1b: Whimsicott|[spread] p1a,p1b
|-resisted|p1b: Whimsicott|1
|-damage|p1a: Floette|47/100
|-damage|p1b: Whimsicott|48/100
|-unboost|p1a: Floette|accuracy|1
|-unboost|p1b: Whimsicott|accuracy|1
|move|p2a: Pelipper|Hurricane|p1b: Whimsicott
|-supereffective|p1b: Whimsicott|1
|-damage|p1b: Whimsicott|0 fnt
|faint|p1b: Whimsicott
|-damage|p2a: Pelipper|90/100|[from] item: Life Orb
|
|-weather|RainDance|[upkeep]
|upkeep
|
|t:|1782351066
|switch|p1b: Kingambit|Kingambit, L50, M|100/100
|turn|2
|
|t:|1782351078
|move|p2a: Pelipper|Protect|p2a: Pelipper
|-singleturn|p2a: Pelipper|Protect
|move|p1a: Floette|Dazzling Gleam|p2b: Basculegion|[spread] p2b
|-activate|p2a: Pelipper|move: Protect
|-damage|p2b: Basculegion|0 fnt
|faint|p2b: Basculegion
|move|p1b: Kingambit|Kowtow Cleave|p2a: Pelipper
|-activate|p2a: Pelipper|move: Protect
|
|-weather|RainDance|[upkeep]
|upkeep
|
|t:|1782351091
|switch|p2b: Staraptor|Staraptor, L50, F|100/100
|-ability|p2b: Staraptor|Intimidate|boost
|-unboost|p1a: Floette|atk|1
|-unboost|p1b: Kingambit|atk|1
|-ability|p1b: Kingambit|Defiant|boost
|-boost|p1b: Kingambit|atk|2
|turn|3
|
|t:|1782351111
|move|p2b: Staraptor|Protect|p2b: Staraptor
|-singleturn|p2b: Staraptor|Protect
|move|p1a: Floette|Light of Ruin|p2b: Staraptor
|-activate|p2b: Staraptor|move: Protect
|move|p1b: Kingambit|Kowtow Cleave|p2a: Pelipper
|-damage|p2a: Pelipper|0 fnt
|faint|p2a: Pelipper
|
|-weather|RainDance|[upkeep]
|upkeep
|
|t:|1782351119
|switch|p2a: Swampert|Swampert, L50, M|100/100
|turn|4
|
|t:|1782351141
|detailschange|p2a: Swampert|Swampert-Mega, L50, M
|-mega|p2a: Swampert|Swampert|Swampertite
|move|p1b: Kingambit|Protect|p1b: Kingambit
|-singleturn|p1b: Kingambit|Protect
|move|p1a: Floette|Dazzling Gleam|p2b: Staraptor|[spread] p2a,p2b
|-damage|p2a: Swampert|65/100
|-damage|p2b: Staraptor|21/100
|move|p2a: Swampert|Earthquake|p1a: Floette|[spread] p1a
|-activate|p1b: Kingambit|move: Protect
|-immune|p2b: Staraptor
|-damage|p1a: Floette|0 fnt
|faint|p1a: Floette
|move|p2b: Staraptor|Tailwind|p2b: Staraptor
|-sidestart|p2: pixlrd|move: Tailwind
|
|-weather|RainDance|[upkeep]
|-sideend|p1: axcoquette|move: Tailwind
|upkeep
|
|t:|1782351156
|switch|p1a: Basculegion|Basculegion, L50, M|100/100
|turn|5
|
|t:|1782351178
|move|p1b: Kingambit|Protect|p1b: Kingambit
|-singleturn|p1b: Kingambit|Protect
|move|p2a: Swampert|Earthquake|p1b: Kingambit|[spread] p1a
|-activate|p1b: Kingambit|move: Protect
|-immune|p2b: Staraptor
|-damage|p1a: Basculegion|53/100
|move|p2b: Staraptor|Brave Bird|p1a: Basculegion
|-damage|p1a: Basculegion|0 fnt
|faint|p1a: Basculegion
|-damage|p2b: Staraptor|0 fnt|[from] Recoil
|faint|p2b: Staraptor
|
|-weather|none
|upkeep
|turn|6
|
|t:|1782351198
|move|p1b: Kingambit|Sucker Punch|p2a: Swampert
|-damage|p2a: Swampert|12/100
|move|p2a: Swampert|Earthquake|p1b: Kingambit
|-supereffective|p1b: Kingambit|1
|-damage|p1b: Kingambit|0 fnt
|faint|p1b: Kingambit
|
|win|pixlrd
||axcoquette is ready for game 3.
||pixlrd is ready for game 3.
|uhtml|next|Next: Game 3 of 3
