|j|☆Puffii_
|j|☆Chorus_Dawn
|html|Puffii_Chorus_Dawn    
|uhtml|bestof|Game 1 of a best-of-3
|t:|1785385149
|gametype|doubles
|player|p1|Puffii_|169|
|player|p2|Chorus_Dawn|101|
|gen|9
|tier|[Gen 9 Champions] VGC 2026 Reg M-B (Bo3)
|rule|Species Clause: Limit one of each Pokémon
|rule|Item Clause: Limit 1 of each item
|clearpoke
|poke|p1|Tinkaton, L50, F|
|poke|p1|Aerodactyl, L50, F|
|poke|p1|Grimmsnarl, L50, M, shiny|
|poke|p1|Slowbro-Galar, L50, F|
|poke|p1|Ampharos, L50, F|
|poke|p1|Pelipper, L50, F, shiny|
|poke|p2|Annihilape, L50, F|
|poke|p2|Maushold, L50|
|poke|p2|Talonflame, L50, F|
|poke|p2|Palafin, L50, F|
|poke|p2|Hydreigon, L50, F|
|poke|p2|Dragalge, L50, F|
|teampreview|4
|showteam|p1|Tinkaton||FocusSash|MoldBreaker|FakeOut,GigatonHammer,PlayRough,IceHammer|Jolly||F|||50|]Aerodactyl||Aerodactylite|Unnerve|Tailwind,RockSlide,DualWingbeat,Protect|Jolly||F|||50|]Grimmsnarl||LightClay|Prankster|PartingShot,SpiritBreak,LightScreen,Reflect|Careful||M|||50|]Slowbro-Galar||Leftovers|Regenerator|ShellSideArm,IceBeam,Psyshock,SlackOff|Modest||F|||50|]Ampharos||Ampharosite|Static|Thunderbolt,DazzlingGleam,DragonPulse,CottonGuard|Modest||F|||50|]Pelipper||WacanBerry|Drizzle|Hurricane,Protect,IceBeam,Roost|Bold||F|||50|
|showteam|p2|Annihilape||LumBerry|Defiant|RageFist,ThunderPunch,BulkUp,Protect|Jolly||F|||50|]Maushold||SitrusBerry|FriendGuard|BeatUp,Encore,FollowMe,Protect|Jolly|||||50|]Talonflame||SharpBeak|GaleWings|BraveBird,Tailwind,Taunt,Protect|Adamant||F|||50|]Palafin||MysticWater|ZerotoHero|JetPunch,WaveCrash,FlipTurn,Protect|Jolly||F|||50|]Hydreigon||ExpertBelt|Levitate|DarkPulse,EarthPower,FlashCannon,Protect|Timid||F|||50|]Dragalge||Dragalgite|Adaptability|SludgeBomb,DracoMeteor,Thunderbolt,Protect|Modest||F|||50|
|
|t:|1785385220
|teamsize|p1|4
|teamsize|p2|4
|start
|switch|p1a: Grimmsnarl|Grimmsnarl, L50, M, shiny|100/100
|switch|p1b: Aerodactyl|Aerodactyl, L50, F|100/100
|switch|p2a: Talonflame|Talonflame, L50, F|100/100
|switch|p2b: Hydreigon|Hydreigon, L50, F|100/100
|-ability|p1b: Aerodactyl|Unnerve
|turn|1
|
|t:|1785385245
|detailschange|p1b: Aerodactyl|Aerodactyl-Mega, L50, F
|-mega|p1b: Aerodactyl|Aerodactyl|Aerodactylite
|move|p1b: Aerodactyl|Rock Slide|p2a: Talonflame|[spread] p2a,p2b
|-supereffective|p2a: Talonflame|2
|-damage|p2a: Talonflame|0 fnt
|-damage|p2b: Hydreigon|68/100
|faint|p2a: Talonflame
|move|p2b: Hydreigon|Flash Cannon|p1b: Aerodactyl
|-supereffective|p1b: Aerodactyl|1
|-damage|p1b: Aerodactyl|26/100
|move|p1a: Grimmsnarl|Spirit Break|p2b: Hydreigon
|-supereffective|p2b: Hydreigon|2
|-damage|p2b: Hydreigon|0 fnt
|faint|p2b: Hydreigon
|
|upkeep
|
|t:|1785385257
|switch|p2a: Annihilape|Annihilape, L50, F|100/100
|switch|p2b: Maushold|Maushold, L50|100/100
|turn|2
|
|t:|1785385283
|move|p2b: Maushold|Follow Me|p2b: Maushold
|-singleturn|p2b: Maushold|move: Follow Me
|move|p1b: Aerodactyl|Tailwind|p1b: Aerodactyl
|-sidestart|p1: Puffii_|move: Tailwind
|move|p1a: Grimmsnarl|Spirit Break|p2b: Maushold
|-damage|p2b: Maushold|65/100
|-unboost|p2b: Maushold|spa|1
|move|p2a: Annihilape|Thunder Punch|p1b: Aerodactyl
|-supereffective|p1b: Aerodactyl|1
|-damage|p1b: Aerodactyl|0 fnt
|faint|p1b: Aerodactyl
|
|upkeep
|
|t:|1785385304
|switch|p1b: Ampharos|Ampharos, L50, F|100/100
|turn|3
|
|t:|1785385321
|move|p1a: Grimmsnarl|Reflect|p1a: Grimmsnarl
|-sidestart|p1: Puffii_|Reflect
|move|p2b: Maushold|Beat Up|p2a: Annihilape
|-damage|p2a: Annihilape|97/100
|-damage|p2a: Annihilape|95/100
|-hitcount|p2a: Annihilape|2
|move|p2a: Annihilape|Rage Fist|p1b: Ampharos
|-damage|p1b: Ampharos|49/100
|move|p1b: Ampharos|Dazzling Gleam|p2b: Maushold|[spread] p2a,p2b
|-supereffective|p2a: Annihilape|1
|-damage|p2a: Annihilape|59/100
|-damage|p2b: Maushold|38/100
|-enditem|p2b: Maushold|Sitrus Berry|[eat]
|-heal|p2b: Maushold|63/100|[from] item: Sitrus Berry
|
|upkeep
|turn|4
|
|t:|1785385353
|move|p1a: Grimmsnarl|Parting Shot|p2a: Annihilape
|-unboost|p2a: Annihilape|atk|1
|-ability|p2a: Annihilape|Defiant|boost
|-boost|p2a: Annihilape|atk|2
|-unboost|p2a: Annihilape|spa|1
|-ability|p2a: Annihilape|Defiant|boost
|-boost|p2a: Annihilape|atk|2
|c|☆Puffii_|uh oh
|
|t:|1785385366
|switch|p1a: Pelipper|Pelipper, L50, F, shiny|100/100|[from] Parting Shot
|-weather|RainDance|[from] ability: Drizzle|[of] p1a: Pelipper
|move|p2b: Maushold|Encore||[still]
|-fail|p2b: Maushold
|move|p2a: Annihilape|Rage Fist|p1b: Ampharos
|-damage|p1b: Ampharos|0 fnt
|faint|p1b: Ampharos
|
|-weather|RainDance|[upkeep]
|upkeep
|
|t:|1785385378
|switch|p1b: Grimmsnarl|Grimmsnarl, L50, M, shiny|100/100
|turn|5
|
|t:|1785385392
|move|p2b: Maushold|Follow Me|p2b: Maushold
|-singleturn|p2b: Maushold|move: Follow Me
|move|p1a: Pelipper|Hurricane|p2b: Maushold
|-damage|p2b: Maushold|13/100
|move|p1b: Grimmsnarl|Spirit Break|p2b: Maushold
|-damage|p2b: Maushold|0 fnt
|faint|p2b: Maushold
|move|p2a: Annihilape|Thunder Punch|p1a: Pelipper
|-supereffective|p1a: Pelipper|2
|-enditem|p1a: Pelipper|Wacan Berry|[eat]
|-enditem|p1a: Pelipper|Wacan Berry|[weaken]
|-damage|p1a: Pelipper|32/100
|
|-weather|RainDance|[upkeep]
|-sideend|p1: Puffii_|move: Tailwind
|upkeep
|turn|6
|
|t:|1785385425
|move|p2a: Annihilape|Protect|p2a: Annihilape
|-singleturn|p2a: Annihilape|Protect
|move|p1a: Pelipper|Hurricane|p2a: Annihilape
|-activate|p2a: Annihilape|move: Protect
|move|p1b: Grimmsnarl|Spirit Break|p2a: Annihilape
|-activate|p2a: Annihilape|move: Protect
|
|-weather|RainDance|[upkeep]
|upkeep
|turn|7
|
|t:|1785385438
|move|p1a: Pelipper|Protect|p1a: Pelipper
|-singleturn|p1a: Pelipper|Protect
|move|p2a: Annihilape|Thunder Punch|p1a: Pelipper
|-activate|p1a: Pelipper|move: Protect
|move|p1b: Grimmsnarl|Spirit Break|p2a: Annihilape
|-supereffective|p2a: Annihilape|1
|-damage|p2a: Annihilape|0 fnt
|faint|p2a: Annihilape
|
|win|Puffii_
||Chorus_Dawn is ready for game 2.
|inactive|Puffii_ has 30 seconds to confirm battle start!
||Puffii_ is ready for game 2.
|uhtml|next|Next: Game 2 of 3
|l|☆Chorus_Dawn
|player|p2|
