|j|☆roiiiiilmaooo
|j|☆Saecha0
|html|roiiiiilmaoooSaecha0    
|uhtml|bestof|Game 2 of a best-of-3
|t:|1785379167
|gametype|doubles
|player|p1|roiiiiilmaooo|pokemaniac|
|player|p2|Saecha0|169|
|gen|9
|tier|[Gen 9 Champions] VGC 2026 Reg M-B (Bo3)
|rule|Species Clause: Limit one of each Pokémon
|rule|Item Clause: Limit 1 of each item
|clearpoke
|poke|p1|Archaludon, L50, F, shiny|
|poke|p1|Pelipper, L50, M|
|poke|p1|Aerodactyl, L50, F|
|poke|p1|Raichu, L50, F|
|poke|p1|Rotom-Heat, L50|
|poke|p1|Garchomp, L50, M|
|poke|p2|Greninja, L50, F, shiny|
|poke|p2|Vanilluxe, L50, M, shiny|
|poke|p2|Farigiraf, L50, M|
|poke|p2|Whimsicott, L50, F, shiny|
|poke|p2|Froslass, L50, F|
|poke|p2|Garchomp, L50, F|
|teampreview|4
|showteam|p1|Archaludon||Metronome|Stamina|ElectroShot,DracoMeteor,Protect,ThunderWave|Timid||F|||50|]Pelipper||DampRock|Drizzle|Tailwind,WideGuard,Hurricane,WeatherBall|Modest||M|||50|]Aerodactyl||FocusSash|Unnerve|Tailwind,RainDance,RockSlide,DualWingbeat|Jolly||F|||50|]Raichu||RaichuniteY|LightningRod|VoltSwitch,ZapCannon,Protect,FocusBlast|Timid||F|||50|]Rotom-Heat||Leftovers|Levitate|Overheat,VoltSwitch,Protect,ThunderWave|Serious|||||50|]Garchomp||YacheBerry|RoughSkin|Earthquake,RockSlide,DragonClaw,Protect|Jolly||M|||50|
|showteam|p2|Greninja||Greninjite|Torrent|HydroPump,Blizzard,DarkPulse,Protect|Modest||F|||50|]Vanilluxe||OccaBerry|SnowWarning|FlashCannon,Blizzard,AuroraVeil,Protect|Modest||M|||50|]Farigiraf||SitrusBerry|ArmorTail|TrickRoom,ThunderWave,HyperVoice,HelpingHand|Bold||M|||50|]Whimsicott||FocusSash|Prankster|Psychic,Tailwind,Moonblast,Encore|Modest||F|||50|]Froslass||Froslassite|CursedBody|Blizzard,Psychic,ShadowBall,Protect|Timid||F|||50|]Garchomp||LifeOrb|RoughSkin|BrickBreak,Earthquake,IronHead,RockSlide|Adamant||F|||50|
|
|t:|1785379207
|teamsize|p1|4
|teamsize|p2|4
|start
|switch|p1a: Aerodactyl|Aerodactyl, L50, F|100/100
|switch|p1b: Rotom|Rotom-Heat, L50|100/100
|switch|p2a: Garchomp|Garchomp, L50, F|100/100
|switch|p2b: Vanilluxe|Vanilluxe, L50, M, shiny|100/100
|-ability|p1a: Aerodactyl|Unnerve
|-weather|Snowscape|[from] ability: Snow Warning|[of] p2b: Vanilluxe
|turn|1
|
|t:|1785379215
|move|p1a: Aerodactyl|Rock Slide|p2a: Garchomp|[spread] p2b
|-miss|p1a: Aerodactyl|p2a: Garchomp
|-supereffective|p2b: Vanilluxe|1
|-damage|p2b: Vanilluxe|58/100
|move|p2a: Garchomp|Rock Slide|p1a: Aerodactyl|[spread] p1b
|-miss|p2a: Garchomp|p1a: Aerodactyl
|-supereffective|p1b: Rotom|1
|-damage|p1b: Rotom|46/100
|-damage|p2a: Garchomp|90/100|[from] item: Life Orb
|move|p1b: Rotom|Overheat|p2b: Vanilluxe
|-supereffective|p2b: Vanilluxe|1
|-damage|p2b: Vanilluxe|0 fnt
|-unboost|p1b: Rotom|spa|2
|faint|p2b: Vanilluxe
|
|-weather|Snowscape|[upkeep]
|-heal|p1b: Rotom|52/100|[from] item: Leftovers
|upkeep
|
|t:|1785379228
|switch|p2b: Whimsicott|Whimsicott, L50, F, shiny|100/100
|turn|2
|
|t:|1785379236
|move|p1b: Rotom|Protect|p1b: Rotom
|-singleturn|p1b: Rotom|Protect
|move|p2b: Whimsicott|Tailwind|p2b: Whimsicott
|-sidestart|p2: Saecha0|move: Tailwind
|move|p2a: Garchomp|Rock Slide|p1b: Rotom|[spread] p1a
|-activate|p1b: Rotom|move: Protect
|-supereffective|p1a: Aerodactyl|1
|-crit|p1a: Aerodactyl
|-enditem|p1a: Aerodactyl|Focus Sash
|-damage|p1a: Aerodactyl|1/100
|-damage|p2a: Garchomp|80/100|[from] item: Life Orb
|cant|p1a: Aerodactyl|flinch
|
|-weather|Snowscape|[upkeep]
|-heal|p1b: Rotom|58/100|[from] item: Leftovers
|upkeep
|turn|3
|
|t:|1785379255
|switch|p1b: Raichu|Raichu, L50, F|100/100
|move|p2b: Whimsicott|Psychic|p1b: Raichu
|-damage|p1b: Raichu|71/100
|move|p2a: Garchomp|Rock Slide|p1a: Aerodactyl|[spread] p1a,p1b
|-supereffective|p1a: Aerodactyl|1
|-damage|p1a: Aerodactyl|0 fnt
|-damage|p1b: Raichu|12/100
|faint|p1a: Aerodactyl
|-damage|p2a: Garchomp|71/100|[from] item: Life Orb
|
|-weather|Snowscape|[upkeep]
|upkeep
|
|t:|1785379264
|switch|p1a: Garchomp|Garchomp, L50, M|100/100
|turn|4
|
|t:|1785379273
|detailschange|p1b: Raichu|Raichu-Mega-Y, L50, F
|-mega|p1b: Raichu|Raichu|Raichunite Y
|move|p1b: Raichu|Protect|p1b: Raichu
|-singleturn|p1b: Raichu|Protect
|move|p2b: Whimsicott|Moonblast|p1a: Garchomp
|-supereffective|p1a: Garchomp|1
|-damage|p1a: Garchomp|34/100
|move|p2a: Garchomp|Earthquake|p1b: Raichu|[spread] p2b,p1a
|-activate|p1b: Raichu|move: Protect
|-resisted|p2b: Whimsicott|1
|-damage|p2b: Whimsicott|68/100
|-damage|p1a: Garchomp|0 fnt
|faint|p1a: Garchomp
|-damage|p2a: Garchomp|61/100|[from] item: Life Orb
|
|-weather|Snowscape|[upkeep]
|upkeep
|
|t:|1785379276
|switch|p1a: Rotom|Rotom-Heat, L50|58/100
|turn|5
|
|t:|1785379288
|move|p1b: Raichu|Protect||[still]
|-fail|p1b: Raichu
|move|p2b: Whimsicott|Encore|p1b: Raichu
|-start|p1b: Raichu|Encore
|move|p2a: Garchomp|Rock Slide|p1b: Raichu|[spread] p1a,p1b
|-supereffective|p1a: Rotom|1
|-crit|p1b: Raichu
|-damage|p1a: Rotom|6/100
|-damage|p1b: Raichu|0 fnt
|faint|p1b: Raichu
|-damage|p2a: Garchomp|52/100|[from] item: Life Orb
|move|p1a: Rotom|Overheat|p2b: Whimsicott
|-supereffective|p2b: Whimsicott|1
|-damage|p2b: Whimsicott|0 fnt
|-unboost|p1a: Rotom|spa|2
|faint|p2b: Whimsicott
|
|-weather|none
|-heal|p1a: Rotom|13/100|[from] item: Leftovers
|-sideend|p2: Saecha0|move: Tailwind
|upkeep
|c|☆roiiiiilmaooo|gg
|
|t:|1785379295
|switch|p2b: Greninja|Greninja, L50, F, shiny|100/100
|turn|6
|
|t:|1785379301
|move|p2b: Greninja|Dark Pulse|p1a: Rotom
|-crit|p1a: Rotom
|-damage|p1a: Rotom|0 fnt
|faint|p1a: Rotom
|
|win|Saecha0
|l|☆roiiiiilmaooo
|player|p1|
|c|☆Saecha0|Gg
