|j|☆Drti7
|j|☆jxnh
|html|Drti7jxnh    
|uhtml|bestof|Game 2 of a best-of-3
|t:|1756508689
|gametype|doubles
|player|p1|Drti7|brycenman|1102
|player|p2|jxnh|102|1193
|gen|9
|tier|[Gen 9] VGC 2025 Reg H (Bo3)
|rated|
|rule|Species Clause: Limit one of each Pokémon
|rule|Item Clause: Limit 1 of each item
|clearpoke
|poke|p1|Tyranitar, L50, F|
|poke|p1|Ursaluna-Bloodmoon, L50, M|
|poke|p1|Electabuzz, L50, F|
|poke|p1|Annihilape, L50, F|
|poke|p1|Talonflame, L50, M|
|poke|p1|Primarina, L50, M|
|poke|p2|Corviknight, L50, F|
|poke|p2|Sneasler, L50, F|
|poke|p2|Garchomp, L50, F|
|poke|p2|Incineroar, L50, F|
|poke|p2|Araquanid, L50, F|
|poke|p2|Ursaluna-Bloodmoon, L50, M|
|teampreview|4
|showteam|p1|Tyranitar||AssaultVest|SandStream|RockSlide,KnockOff,TeraBlast,LowKick|||F|||50|,,,,,Flying]Ursaluna-Bloodmoon||LifeOrb|MindsEye|HyperVoice,BloodMoon,EarthPower,Protect|||M|||50|,,,,,Water]Electabuzz||Eviolite|VitalSpirit|Electroweb,FollowMe,LightScreen,Protect|||F|||50|,,,,,Ghost]Annihilape||SafetyGoggles|Defiant|DrainPunch,RageFist,BulkUp,Protect|||F|||50|,,,,,Water]Talonflame||CovertCloak|GaleWings|DualWingbeat,FlareBlitz,Tailwind,Taunt|||M|||50|,,,,,Flying]Primarina||ThroatSpray|LiquidVoice|HyperVoice,Moonblast,IcyWind,Protect|||M|||50|,,,,,Water
|showteam|p2|Corviknight||Leftovers|MirrorArmor|DualWingbeat,BodyPress,IronDefense,Protect|||F|||50|,,,,,Fire]Sneasler||FocusSash|Unburden|DireClaw,CloseCombat,Coaching,Protect|||F|||50|,,,,,Ghost]Garchomp||LoadedDice|RoughSkin|StompingTantrum,Earthquake,ScaleShot,Protect|||F|||50|,,,,,Fairy]Incineroar||SitrusBerry|Intimidate|FakeOut,KnockOff,PartingShot,FlareBlitz|||F|||50|,,,,,Ghost]Araquanid||RoomService|WaterBubble|Liquidation,LeechLife,WideGuard,Protect|||F|||50|,,,,,Grass]Ursaluna-Bloodmoon||AssaultVest|MindsEye|HyperVoice,EarthPower,BloodMoon,Snarl|||M|||50|,,,,,Grass
|inactive|Battle timer is ON: inactive players will automatically lose when time's up. (requested by Drti7)
|
|t:|1756508715
|teamsize|p1|4
|teamsize|p2|4
|start
|switch|p1a: Talonflame|Talonflame, L50, M|100/100
|switch|p1b: Annihilape|Annihilape, L50, F|100/100
|switch|p2a: Garchomp|Garchomp, L50, F|100/100
|switch|p2b: Sneasler|Sneasler, L50, F|100/100
|turn|1
|inactive|Drti7 has 30 seconds left.
|inactive|Drti7 has 20 seconds left.
|inactive|Drti7 has 15 seconds left.
|
|t:|1756508756
|move|p1a: Talonflame|Tailwind|p1a: Talonflame
|-sidestart|p1: Drti7|move: Tailwind
|move|p1b: Annihilape|Bulk Up|p1b: Annihilape
|-boost|p1b: Annihilape|atk|1
|-boost|p1b: Annihilape|def|1
|move|p2b: Sneasler|Coaching|p2a: Garchomp
|-boost|p2a: Garchomp|atk|1
|-boost|p2a: Garchomp|def|1
|move|p2a: Garchomp|Scale Shot|p1b: Annihilape
|-damage|p1b: Annihilape|86/100
|-crit|p1b: Annihilape
|-damage|p1b: Annihilape|54/100
|-damage|p1b: Annihilape|39/100
|-damage|p1b: Annihilape|26/100
|-hitcount|p1b: Annihilape|4
|-unboost|p2a: Garchomp|def|1
|-boost|p2a: Garchomp|spe|1
|
|upkeep
|turn|2
|inactive|Drti7 has 30 seconds left.
|
|t:|1756508785
|move|p2a: Garchomp|Protect|p2a: Garchomp
|-singleturn|p2a: Garchomp|Protect
|move|p1a: Talonflame|Dual Wingbeat|p2b: Sneasler
|-supereffective|p2b: Sneasler
|-damage|p2b: Sneasler|47/100
|-supereffective|p2b: Sneasler
|-damage|p2b: Sneasler|0 fnt
|faint|p2b: Sneasler
|-hitcount|p2: Sneasler|2
|move|p1b: Annihilape|Drain Punch|p2a: Garchomp
|-activate|p2a: Garchomp|move: Protect
|
|upkeep
|
|t:|1756508808
|switch|p2b: Ursaluna|Ursaluna-Bloodmoon, L50, M|100/100
|turn|3
|inactive|Drti7 has 30 seconds left.
|
|t:|1756508835
|move|p1a: Talonflame|Dual Wingbeat|p2b: Ursaluna
|-damage|p2b: Ursaluna|88/100
|-damage|p2b: Ursaluna|76/100
|-hitcount|p2b: Ursaluna|2
|move|p1b: Annihilape|Rage Fist|p2a: Garchomp
|-damage|p2a: Garchomp|0 fnt
|-damage|p1b: Annihilape|14/100|[from] ability: Rough Skin|[of] p2a: Garchomp
|faint|p2a: Garchomp
|move|p2b: Ursaluna|Hyper Voice|p1a: Talonflame|[spread] p1a,p1b
|-damage|p1a: Talonflame|36/100
|-damage|p1b: Annihilape|0 fnt
|faint|p1b: Annihilape
|
|upkeep
|
|t:|1756508851
|switch|p2a: Araquanid|Araquanid, L50, F|100/100
|switch|p1b: Primarina|Primarina, L50, M|100/100
|turn|4
|inactive|Drti7 has 30 seconds left.
|inactive|jxnh has 30 seconds left.
|
|t:|1756508885
|-terastallize|p1a: Talonflame|Flying
|move|p1a: Talonflame|Dual Wingbeat|p2b: Ursaluna
|-damage|p2b: Ursaluna|60/100
|-damage|p2b: Ursaluna|45/100
|-hitcount|p2b: Ursaluna|2
|move|p1b: Primarina|Moonblast|p2b: Ursaluna
|-damage|p2b: Ursaluna|8/100
|move|p2b: Ursaluna|Blood Moon|p1b: Primarina
|-damage|p1b: Primarina|30/100
|move|p2a: Araquanid|Liquidation|p1a: Talonflame
|-damage|p1a: Talonflame|0 fnt
|faint|p1a: Talonflame
|
|-sideend|p1: Drti7|move: Tailwind
|upkeep
|
|t:|1756508901
|switch|p1a: Electabuzz|Electabuzz, L50, F|100/100
|turn|5
|
|t:|1756508915
|-terastallize|p2a: Araquanid|Grass
|move|p1a: Electabuzz|Electroweb|p2b: Ursaluna|[spread] p2a
|-immune|p2b: Ursaluna
|-resisted|p2a: Araquanid
|-damage|p2a: Araquanid|95/100
|-unboost|p2a: Araquanid|spe|1
|move|p1b: Primarina|Moonblast|p2b: Ursaluna
|-damage|p2b: Ursaluna|0 fnt
|faint|p2b: Ursaluna
|move|p2a: Araquanid|Liquidation|p1b: Primarina
|-resisted|p1b: Primarina
|-crit|p1b: Primarina
|-damage|p1b: Primarina|0 fnt
|faint|p1b: Primarina
|
|upkeep
|turn|6
|
|t:|1756508931
|move|p1a: Electabuzz|Electroweb|p2a: Araquanid
|-resisted|p2a: Araquanid
|-damage|p2a: Araquanid|87/100
|-unboost|p2a: Araquanid|spe|1
|move|p2a: Araquanid|Leech Life|p1a: Electabuzz
|-damage|p1a: Electabuzz|70/100
|-heal|p2a: Araquanid|100/100|[from] drain|[of] p1a: Electabuzz
|
|upkeep
|turn|7
|-message|Drti7 forfeited.
|
|win|jxnh
|l|☆Drti7
|player|p1|
