|j|☆stoicone
|j|☆HenriqueZVGC
|html|stoiconeHenriqueZVGC    
|uhtml|bestof|Game 3 of a best-of-3
|t:|1784508548
|gametype|doubles
|player|p1|stoicone|1|1049
|player|p2|HenriqueZVGC|steven|1137
|gen|9
|tier|[Gen 9 Champions] VGC 2026 Reg M-B (Bo3)
|rated|
|rule|Species Clause: Limit one of each Pokémon
|rule|Item Clause: Limit 1 of each item
|clearpoke
|poke|p1|Beedrill, L50, M|
|poke|p1|Archaludon, L50, F|
|poke|p1|Farigiraf, L50, M|
|poke|p1|Incineroar, L50, F|
|poke|p1|Pelipper, L50, M|
|poke|p1|Swampert, L50, F|
|poke|p2|Malamar, L50, M|
|poke|p2|Maushold, L50|
|poke|p2|Mawile, L50, F|
|poke|p2|Sinistcha, L50|
|poke|p2|Whimsicott, L50, M|
|poke|p2|Incineroar, L50, M|
|teampreview|4
|showteam|p1|Beedrill||Beedrillite|Swarm|Uturn,PoisonJab,DrillRun,Protect|Jolly||M|||50|]Archaludon||Leftovers|Stamina|ElectroShot,DragonPulse,FlashCannon,Protect|Modest||F|||50|]Farigiraf||SitrusBerry|ArmorTail|Psychic,HelpingHand,TrickRoom,RainDance|Bold||M|||50|]Incineroar||PasshoBerry|Intimidate|FlareBlitz,ThroatChop,FakeOut,PartingShot|Adamant||F|||50|]Pelipper||LifeOrb|Drizzle|Hurricane,WeatherBall,Tailwind,WideGuard|Modest||M|||50|]Swampert||Swampertite|Torrent|WaveCrash,HighHorsepower,RockSlide,Protect|Adamant||F|||50|
|showteam|p2|Malamar||Malamarite|Contrary|Superpower,KnockOff,TrickRoom,Protect|Adamant||M|||50|]Maushold||WideLens|Technician|PopulationBomb,FollowMe,Feint,Protect|Jolly|||||50|]Mawile||Mawilite|HyperCutter|PlayRough,RockSlide,SuckerPunch,Protect|Brave||F|||50|]Sinistcha||ColburBerry|Hospitality|MatchaGotcha,LifeDew,RagePowder,Protect|Calm|||||50|]Whimsicott||FocusSash|Prankster|Moonblast,Tailwind,Charm,SunnyDay|Modest||M|||50|]Incineroar||LifeOrb|Intimidate|FlareBlitz,DarkestLariat,PartingShot,FakeOut|Brave||M|||50|
|inactive|Battle timer is ON: inactive players will automatically lose when time's up. (requested by stoicone)
|inactive|HenriqueZVGC also wants the timer to be on.
|inactive|HenriqueZVGC has 60 seconds left.
|
|t:|1784508591
|teamsize|p1|4
|teamsize|p2|4
|start
|switch|p1a: Beedrill|Beedrill, L50, M|100/100
|switch|p1b: Archaludon|Archaludon, L50, F|100/100
|switch|p2a: Malamar|Malamar, L50, M|100/100
|switch|p2b: Maushold|Maushold, L50|100/100
|turn|1
|inactive|stoicone has 30 seconds left.
|
|t:|1784508624
|move|p2b: Maushold|Protect|p2b: Maushold
|-singleturn|p2b: Maushold|Protect
|move|p1a: Beedrill|Protect|p1a: Beedrill
|-singleturn|p1a: Beedrill|Protect
|move|p1b: Archaludon|Electro Shot||[still]
|-prepare|p1b: Archaludon|Electro Shot
|-boost|p1b: Archaludon|spa|1
|move|p2a: Malamar|Trick Room|p2a: Malamar
|-fieldstart|move: Trick Room|[of] p2a: Malamar
|
|upkeep
|turn|2
|
|t:|1784508643
|switch|p1a: Pelipper|Pelipper, L50, M|100/100
|-weather|RainDance|[from] ability: Drizzle|[of] p1a: Pelipper
|move|p2a: Malamar|Protect|p2a: Malamar
|-singleturn|p2a: Malamar|Protect
|move|p1b: Archaludon|Electro Shot|p2b: Maushold|[from] lockedmove
|-damage|p2b: Maushold|3/100
|move|p2b: Maushold|Population Bomb|p1a: Pelipper
|-damage|p1a: Pelipper|86/100
|-damage|p1a: Pelipper|75/100
|-damage|p1a: Pelipper|62/100
|-damage|p1a: Pelipper|51/100
|-damage|p1a: Pelipper|38/100
|-damage|p1a: Pelipper|26/100
|-damage|p1a: Pelipper|14/100
|-damage|p1a: Pelipper|3/100
|-damage|p1a: Pelipper|0 fnt
|faint|p1a: Pelipper
|-hitcount|p1: Pelipper|9
|
|-weather|RainDance|[upkeep]
|upkeep
|inactive|stoicone has 30 seconds left.
|
|t:|1784508672
|switch|p1a: Incineroar|Incineroar, L50, F|100/100
|-ability|p1a: Incineroar|Intimidate|boost
|-boost|p2a: Malamar|atk|1
|-unboost|p2b: Maushold|atk|1
|turn|3
|inactive|HenriqueZVGC has 30 seconds left.
|
|t:|1784508701
|detailschange|p2a: Malamar|Malamar-Mega, L50, M
|-mega|p2a: Malamar|Malamar|Malamarite
|move|p1a: Incineroar|Fake Out|p2a: Malamar
|-damage|p2a: Malamar|87/100
|move|p2b: Maushold|Follow Me|p2b: Maushold
|-singleturn|p2b: Maushold|move: Follow Me
|move|p1b: Archaludon|Electro Shot||[still]
|-prepare|p1b: Archaludon|Electro Shot
|-boost|p1b: Archaludon|spa|1
|-anim|p1b: Archaludon|Electro Shot|p2b: Maushold
|-damage|p2b: Maushold|0 fnt
|faint|p2b: Maushold
|cant|p2a: Malamar|flinch
|
|-weather|RainDance|[upkeep]
|upkeep
|
|t:|1784508715
|switch|p2b: Sinistcha|Sinistcha, L50|100/100
|-heal|p2a: Malamar|100/100|[from] ability: Hospitality|[of] p2b: Sinistcha
|turn|4
|
|t:|1784508734
|move|p2b: Sinistcha|Rage Powder|p2b: Sinistcha
|-singleturn|p2b: Sinistcha|move: Rage Powder
|move|p1a: Incineroar|Parting Shot|p2b: Sinistcha
|-unboost|p2b: Sinistcha|atk|1
|-unboost|p2b: Sinistcha|spa|1
|
|t:|1784508739
|switch|p1a: Beedrill|Beedrill, L50, M|100/100|[from] Parting Shot
|move|p1b: Archaludon|Electro Shot||[still]
|-prepare|p1b: Archaludon|Electro Shot
|-boost|p1b: Archaludon|spa|1
|-anim|p1b: Archaludon|Electro Shot|p2b: Sinistcha
|-resisted|p2b: Sinistcha|1
|-damage|p2b: Sinistcha|57/100
|move|p2a: Malamar|Superpower|p1b: Archaludon
|-supereffective|p1b: Archaludon|1
|-damage|p1b: Archaludon|18/100
|-boost|p2a: Malamar|atk|1
|-boost|p2a: Malamar|def|1
|-ability|p1b: Archaludon|Stamina|boost
|-boost|p1b: Archaludon|def|1
|
|-weather|RainDance|[upkeep]
|-heal|p1b: Archaludon|24/100|[from] item: Leftovers
|upkeep
|turn|5
|inactive|HenriqueZVGC has 30 seconds left.
|inactive|stoicone has 30 seconds left.
|inactive|HenriqueZVGC has 20 seconds left.
|inactive|stoicone has 20 seconds left.
|inactive|HenriqueZVGC has 15 seconds left.
|inactive|HenriqueZVGC has 10 seconds left.
|inactive|HenriqueZVGC has 5 seconds left.
|
|t:|1784508792
|switch|p2b: Mawile|Mawile, L50, F|100/100
|move|p2a: Malamar|Protect|p2a: Malamar
|-singleturn|p2a: Malamar|Protect
|move|p1a: Beedrill|Protect|p1a: Beedrill
|-singleturn|p1a: Beedrill|Protect
|move|p1b: Archaludon|Dragon Pulse|p2a: Malamar
|-activate|p2a: Malamar|move: Protect
|
|-weather|RainDance|[upkeep]
|-heal|p1b: Archaludon|30/100|[from] item: Leftovers
|-fieldend|move: Trick Room
|upkeep
|turn|6
|inactive|stoicone has 30 seconds left.
|inactive|HenriqueZVGC has 30 seconds left.
|inactive|HenriqueZVGC has 20 seconds left.
|inactive|HenriqueZVGC has 15 seconds left.
|inactive|HenriqueZVGC has 10 seconds left.
|
|t:|1784508838
|switch|p2a: Sinistcha|Sinistcha, L50|57/100
|detailschange|p1a: Beedrill|Beedrill-Mega, L50, M
|-mega|p1a: Beedrill|Beedrill|Beedrillite
|move|p1a: Beedrill|U-turn|p2a: Sinistcha
|-damage|p2a: Sinistcha|8/100
|
|t:|1784508845
|switch|p1a: Incineroar|Incineroar, L50, F|100/100|[from] U-turn
|-ability|p1a: Incineroar|Intimidate|boost
|-unboost|p2a: Sinistcha|atk|1
|-fail|p2b: Mawile|unboost|Attack|[from] ability: Hyper Cutter|[of] p2b: Mawile
|move|p1b: Archaludon|Electro Shot||[still]
|-prepare|p1b: Archaludon|Electro Shot
|-boost|p1b: Archaludon|spa|1
|-anim|p1b: Archaludon|Electro Shot|p2b: Mawile
|-damage|p2b: Mawile|0 fnt
|faint|p2b: Mawile
|
|-weather|none
|-heal|p1b: Archaludon|37/100|[from] item: Leftovers
|upkeep
|
|t:|1784508857
|switch|p2b: Malamar|Malamar-Mega, L50, M|100/100
|turn|7
|
|t:|1784508868
|move|p2b: Malamar|Protect|p2b: Malamar
|-singleturn|p2b: Malamar|Protect
|move|p2a: Sinistcha|Protect|p2a: Sinistcha
|-singleturn|p2a: Sinistcha|Protect
|move|p1a: Incineroar|Fake Out|p2b: Malamar
|-activate|p2b: Malamar|move: Protect
|move|p1b: Archaludon|Dragon Pulse|p2a: Sinistcha
|-activate|p2a: Sinistcha|move: Protect
|
|-heal|p1b: Archaludon|43/100|[from] item: Leftovers
|upkeep
|turn|8
|
|t:|1784508889
|move|p2a: Sinistcha|Rage Powder|p2a: Sinistcha
|-singleturn|p2a: Sinistcha|move: Rage Powder
|move|p2b: Malamar|Superpower|p1b: Archaludon
|-supereffective|p1b: Archaludon|1
|-damage|p1b: Archaludon|2/100
|-boost|p2b: Malamar|atk|1
|-boost|p2b: Malamar|def|1
|-ability|p1b: Archaludon|Stamina|boost
|-boost|p1b: Archaludon|def|1
|move|p1b: Archaludon|Dragon Pulse|p2a: Sinistcha
|-damage|p2a: Sinistcha|0 fnt
|faint|p2a: Sinistcha
|move|p1a: Incineroar|Flare Blitz|p2b: Malamar
|-damage|p2b: Malamar|62/100
|-damage|p1a: Incineroar|88/100|[from] Recoil
|
|-heal|p1b: Archaludon|8/100|[from] item: Leftovers
|upkeep
|turn|9
|
|t:|1784508914
|move|p2b: Malamar|Protect|p2b: Malamar
|-singleturn|p2b: Malamar|Protect
|move|p1b: Archaludon|Dragon Pulse|p2b: Malamar
|-activate|p2b: Malamar|move: Protect
|move|p1a: Incineroar|Flare Blitz|p2b: Malamar
|-activate|p2b: Malamar|move: Protect
|
|-heal|p1b: Archaludon|14/100|[from] item: Leftovers
|upkeep
|turn|10
|
|t:|1784508931
|move|p2b: Malamar|Superpower|p1b: Archaludon
|-supereffective|p1b: Archaludon|1
|-damage|p1b: Archaludon|0 fnt
|-boost|p2b: Malamar|atk|1
|-boost|p2b: Malamar|def|1
|faint|p1b: Archaludon
|move|p1a: Incineroar|Flare Blitz|p2b: Malamar
|-damage|p2b: Malamar|32/100
|-damage|p1a: Incineroar|78/100|[from] Recoil
|
|upkeep
|
|t:|1784508941
|switch|p1b: Beedrill|Beedrill-Mega, L50, M|100/100
|turn|11
|
|t:|1784508949
|move|p2b: Malamar|Protect|p2b: Malamar
|-singleturn|p2b: Malamar|Protect
|move|p1b: Beedrill|U-turn|p2b: Malamar
|-activate|p2b: Malamar|move: Protect
|move|p1a: Incineroar|Flare Blitz|p2b: Malamar
|-activate|p2b: Malamar|move: Protect
|
|upkeep
|turn|12
|
|t:|1784508960
|move|p1b: Beedrill|U-turn|p2b: Malamar
|-supereffective|p2b: Malamar|2
|-damage|p2b: Malamar|0 fnt
|faint|p2b: Malamar
|
|win|stoicone
|raw|stoicone's rating: 1049 → 1090(+41 for winning)
|raw|HenriqueZVGC's rating: 1137 → 1106(-31 for losing)
