|j|☆fanman64
|j|☆GIRLHELL1998
|html|fanman64GIRLHELL1998    
|uhtml|bestof|Game 2 of a best-of-3
|t:|1756242359
|gametype|doubles
|player|p1|fanman64|volkner|1183
|player|p2|GIRLHELL1998|roxie|1072
|gen|9
|tier|[Gen 9] VGC 2025 Reg H (Bo3)
|rated|
|rule|Species Clause: Limit one of each Pokémon
|rule|Item Clause: Limit 1 of each item
|clearpoke
|poke|p1|Tauros-Paldea-Blaze, L50, M|
|poke|p1|Rillaboom, L50, M|
|poke|p1|Tyranitar, L50, F|
|poke|p1|Kommo-o, L50, F|
|poke|p1|Basculegion, L50, M|
|poke|p1|Magmar, L50, F|
|poke|p2|Ursaluna, L50, M|
|poke|p2|Kilowattrel, L50, F|
|poke|p2|Gholdengo, L50|
|poke|p2|Incineroar, L50, M|
|poke|p2|Amoonguss, L50, M|
|poke|p2|Porygon2, L50|
|teampreview|4
|showteam|p1|Tauros-Paldea-Blaze||ClearAmulet|Intimidate|RagingBull,CloseCombat,Protect,WillOWisp|||M|||50|,,,,,Grass]Rillaboom||MiracleSeed|GrassySurge|WoodHammer,GrassyGlide,Uturn,FakeOut|||M|||50|,,,,,Grass]Tyranitar||AssaultVest|SandStream|KnockOff,RockSlide,LowKick,TeraBlast|||F|||50|,,,,,Flying]Kommo-o||ThroatSpray|Soundproof|ClangingScales,Flamethrower,Protect,ClangorousSoul|||F|||50|,,,,,Fire]Basculegion||ChoiceScarf|Adaptability|WaveCrash,LastRespects,FlipTurn,AquaJet|||M|||50|,,,,,Water]Magmar||Eviolite|VitalSpirit|Overheat,ClearSmog,FollowMe,Protect|||F|||50|,,,,,Fairy
|showteam|p2|Ursaluna||FlameOrb|Guts|Facade,HeadlongRush,Earthquake,Protect|||M|||50|,,,,,Fairy]Kilowattrel||FocusSash|Competitive|Thunderbolt,AirSlash,Tailwind,Protect|||F|||50|,,,,,Ghost]Gholdengo||LifeOrb|GoodasGold|MakeItRain,ShadowBall,NastyPlot,Protect||||||50|,,,,,Flying]Incineroar||AssaultVest|Intimidate|KnockOff,FlareBlitz,Uturn,FakeOut|||M|||50|,,,,,Grass]Amoonguss||SitrusBerry|Regenerator|Spore,RagePowder,SludgeBomb,Protect|||M|||50|,,,,,Water]Porygon2||Eviolite|Download|TeraBlast,IceBeam,Recover,TrickRoom||||||50|,,,,,Fighting
|inactive|Battle timer is ON: inactive players will automatically lose when time's up. (requested by GIRLHELL1998)
|inactive|GIRLHELL1998 has 60 seconds left.
|
|t:|1756242399
|teamsize|p1|4
|teamsize|p2|4
|start
|switch|p1a: Basculegion|Basculegion, L50, M|100/100
|switch|p1b: Rillaboom|Rillaboom, L50, M|100/100
|switch|p2a: Pumpy the Grumpy|Incineroar, L50, M, shiny|100/100
|switch|p2b: Big Bird|Kilowattrel, L50, F|100/100
|-fieldstart|move: Grassy Terrain|[from] ability: Grassy Surge|[of] p1b: Rillaboom
|-ability|p2a: Pumpy the Grumpy|Intimidate|boost
|-unboost|p1a: Basculegion|atk|1
|-unboost|p1b: Rillaboom|atk|1
|turn|1
|inactive|GIRLHELL1998 has 30 seconds left.
|
|t:|1756242429
|-terastallize|p2a: Pumpy the Grumpy|Grass
|move|p1b: Rillaboom|Fake Out|p2b: Big Bird
|-damage|p2b: Big Bird|83/100
|move|p1a: Basculegion|Flip Turn|p2a: Pumpy the Grumpy
|-resisted|p2a: Pumpy the Grumpy
|-damage|p2a: Pumpy the Grumpy|89/100
|
|t:|1756242438
|switch|p1a: Magmar|Magmar, L50, F|100/100|[from] Flip Turn
|cant|p2b: Big Bird|flinch
|move|p2a: Pumpy the Grumpy|Knock Off|p1a: Magmar
|-damage|p1a: Magmar|59/100
|-enditem|p1a: Magmar|Eviolite|[from] move: Knock Off|[of] p2a: Pumpy the Grumpy
|
|-heal|p1a: Magmar|64/100|[from] Grassy Terrain
|-heal|p2a: Pumpy the Grumpy|95/100|[from] Grassy Terrain
|upkeep
|turn|2
|
|t:|1756242459
|move|p1a: Magmar|Follow Me|p1a: Magmar
|-singleturn|p1a: Magmar|move: Follow Me
|move|p2b: Big Bird|Tailwind|p2b: Big Bird
|-sidestart|p2: GIRLHELL1998|move: Tailwind
|move|p2a: Pumpy the Grumpy|U-turn|p1a: Magmar
|-resisted|p1a: Magmar
|-damage|p1a: Magmar|50/100
|
|t:|1756242466
|switch|p2a: Mr Worldwide|Gholdengo, L50|100/100|[from] U-turn
|move|p1b: Rillaboom|U-turn|p2a: Mr Worldwide
|-resisted|p2a: Mr Worldwide
|-crit|p2a: Mr Worldwide
|-damage|p2a: Mr Worldwide|92/100
|
|t:|1756242473
|switch|p1b: Basculegion|Basculegion, L50, M|100/100|[from] U-turn
|
|-heal|p2a: Mr Worldwide|98/100|[from] Grassy Terrain
|-heal|p1a: Magmar|56/100|[from] Grassy Terrain
|upkeep
|turn|3
|
|t:|1756242492
|switch|p2a: Pumpy the Grumpy|Incineroar, L50, M, shiny, tera:Grass|95/100
|-ability|p2a: Pumpy the Grumpy|Intimidate|boost
|-unboost|p1a: Magmar|atk|1
|-unboost|p1b: Basculegion|atk|1
|move|p1a: Magmar|Follow Me|p1a: Magmar
|-singleturn|p1a: Magmar|move: Follow Me
|move|p2b: Big Bird|Air Slash|p1a: Magmar
|-damage|p1a: Magmar|17/100
|move|p1b: Basculegion|Wave Crash|p2b: Big Bird
|-damage|p2b: Big Bird|0 fnt
|faint|p2b: Big Bird
|-damage|p1b: Basculegion|80/100|[from] Recoil
|
|-heal|p1b: Basculegion|86/100|[from] Grassy Terrain
|-heal|p2a: Pumpy the Grumpy|100/100|[from] Grassy Terrain
|-heal|p1a: Magmar|23/100|[from] Grassy Terrain
|upkeep
|
|t:|1756242517
|switch|p2b: Mr Worldwide|Gholdengo, L50|98/100
|turn|4
|
|t:|1756242535
|switch|p1b: Tauros|Tauros-Paldea-Blaze, L50, M|100/100
|-ability|p1b: Tauros|Intimidate|boost
|-unboost|p2a: Pumpy the Grumpy|atk|1
|-unboost|p2b: Mr Worldwide|atk|1
|move|p1a: Magmar|Protect|p1a: Magmar
|-singleturn|p1a: Magmar|Protect
|move|p2a: Pumpy the Grumpy|Fake Out|p1a: Magmar
|-activate|p1a: Magmar|move: Protect
|move|p2b: Mr Worldwide|Shadow Ball|p1b: Tauros
|-damage|p1b: Tauros|31/100
|-damage|p2b: Mr Worldwide|89/100|[from] item: Life Orb
|
|-heal|p2b: Mr Worldwide|95/100|[from] Grassy Terrain
|-heal|p1b: Tauros|37/100|[from] Grassy Terrain
|-heal|p1a: Magmar|28/100|[from] Grassy Terrain
|upkeep
|turn|5
|inactive|fanman64 has 30 seconds left.
|inactive|GIRLHELL1998 has 30 seconds left.
|inactive|GIRLHELL1998 has 20 seconds left.
|inactive|fanman64 has 20 seconds left.
|inactive|GIRLHELL1998 has 15 seconds left.
|inactive|fanman64 has 15 seconds left.
|inactive|GIRLHELL1998 has 10 seconds left.
|inactive|GIRLHELL1998 has 5 seconds left.
|
|t:|1756242585
|move|p1a: Magmar|Follow Me|p1a: Magmar
|-singleturn|p1a: Magmar|move: Follow Me
|move|p2b: Mr Worldwide|Make It Rain|p1a: Magmar|[spread] p1a,p1b
|-resisted|p1a: Magmar
|-resisted|p1b: Tauros
|-damage|p1a: Magmar|0 fnt
|-damage|p1b: Tauros|4/100
|-unboost|p2b: Mr Worldwide|spa|1
|faint|p1a: Magmar
|-damage|p2b: Mr Worldwide|85/100|[from] item: Life Orb
|move|p2a: Pumpy the Grumpy|U-turn|p1b: Tauros
|-resisted|p1b: Tauros
|-damage|p1b: Tauros|0 fnt
|faint|p1b: Tauros
|
|t:|1756242598
|switch|p2a: Dinko|Ursaluna, L50, M|100/100|[from] U-turn
|
|-heal|p2b: Mr Worldwide|91/100|[from] Grassy Terrain
|-sideend|p2: GIRLHELL1998|move: Tailwind
|-fieldend|move: Grassy Terrain
|-status|p2a: Dinko|brn|[from] item: Flame Orb
|upkeep
|
|t:|1756242603
|switch|p1b: Rillaboom|Rillaboom, L50, M|100/100
|switch|p1a: Basculegion|Basculegion, L50, M|86/100
|-fieldstart|move: Grassy Terrain|[from] ability: Grassy Surge|[of] p1b: Rillaboom
|turn|6
|
|t:|1756242619
|switch|p2b: Pumpy the Grumpy|Incineroar, L50, M, shiny, tera:Grass|100/100
|-ability|p2b: Pumpy the Grumpy|Intimidate|boost
|-unboost|p1a: Basculegion|atk|1
|-unboost|p1b: Rillaboom|atk|1
|-terastallize|p1b: Rillaboom|Grass
|move|p2a: Dinko|Protect|p2a: Dinko
|-singleturn|p2a: Dinko|Protect
|move|p1a: Basculegion|Last Respects|p2b: Pumpy the Grumpy
|-damage|p2b: Pumpy the Grumpy|36/100
|move|p1b: Rillaboom|Wood Hammer|p2a: Dinko
|-activate|p2a: Dinko|move: Protect
|
|-heal|p1a: Basculegion|92/100|[from] Grassy Terrain
|-heal|p2b: Pumpy the Grumpy|42/100|[from] Grassy Terrain
|-damage|p2a: Dinko|95/100 brn|[from] brn
|upkeep
|turn|7
|inactive|GIRLHELL1998 has 30 seconds left.
|
|t:|1756242652
|switch|p2b: Mr Worldwide|Gholdengo, L50|91/100
|move|p1a: Basculegion|Last Respects|p2b: Mr Worldwide
|-supereffective|p2b: Mr Worldwide
|-damage|p2b: Mr Worldwide|0 fnt
|faint|p2b: Mr Worldwide
|move|p1b: Rillaboom|Wood Hammer|p2a: Dinko
|-supereffective|p2a: Dinko
|-damage|p2a: Dinko|0 fnt
|faint|p2a: Dinko
|-damage|p1b: Rillaboom|70/100|[from] Recoil
|
|-heal|p1a: Basculegion|98/100|[from] Grassy Terrain
|-heal|p1b: Rillaboom|75/100|[from] Grassy Terrain
|upkeep
|-message|GIRLHELL1998 forfeited.
|
|win|fanman64
|l|☆GIRLHELL1998
|player|p2|
|j|☆GIRLHELL1998
|player|p2|GIRLHELL1998|roxie|
