|j|☆ChrisJHall
|j|☆ToastedArt
|html|ChrisJHallToastedArt    
|uhtml|bestof|Game 1 of a best-of-3
|t:|1784999932
|gametype|doubles
|player|p1|ChrisJHall|266|1013
|player|p2|ToastedArt|artist|1011
|gen|9
|tier|[Gen 9 Champions] VGC 2026 Reg M-B (Bo3)
|rated|
|rule|Species Clause: Limit one of each Pokémon
|rule|Item Clause: Limit 1 of each item
|clearpoke
|poke|p1|Incineroar, L50, F|
|poke|p1|Ninetales-Alola, L50, F|
|poke|p1|Gengar, L50, M|
|poke|p1|Kingambit, L50, F|
|poke|p1|Blaziken, L50, F|
|poke|p1|Rotom-Wash, L50|
|poke|p2|Falinks, L50, shiny|
|poke|p2|Incineroar, L50, M|
|poke|p2|Basculegion, L50, M|
|poke|p2|Sneasler, L50, M|
|poke|p2|Vanilluxe, L50, F, shiny|
|poke|p2|Dragonite, L50, F|
|teampreview|4
|showteam|p1|Incineroar||ShucaBerry|Intimidate|FakeOut,FlareBlitz,Protect,PartingShot|Careful||F|||50|]Ninetales-Alola||NeverMeltIce|SnowWarning|Blizzard,Protect,Encore,FreezeDry|Timid||F|||50|]Gengar||Gengarite|CursedBody|PerishSong,ShadowBall,Protect,Disable|Modest||M|||50|]Kingambit||BlackGlasses|Defiant|KowtowCleave,SuckerPunch,IronHead,Protect|Adamant||F|||50|]Blaziken||Blazikenite|SpeedBoost|FlareBlitz,CloseCombat,Detect,RockSlide|Adamant||F|||50|]Rotom-Wash||SitrusBerry|Levitate|WillOWisp,VoltSwitch,HydroPump,Protect|Bold|||||50|
|showteam|p2|Falinks||Falinksite|Defiant|NoRetreat,CloseCombat,RockSlide,Protect|Adamant|||||50|]Incineroar||PasshoBerry|Intimidate|FakeOut,FlareBlitz,ThroatChop,PartingShot|Impish||M|||50|]Basculegion||SitrusBerry|Adaptability|WaveCrash,LastRespects,AquaJet,Protect|Adamant||M|||50|]Sneasler||FocusSash|PoisonTouch|PoisonJab,CloseCombat,FakeOut,Coaching|Jolly||M|||50|]Vanilluxe||ChoiceScarf|SnowWarning|Blizzard,FreezeDry,IcyWind,Explosion|Modest||F|||50|]Dragonite||LifeOrb|InnerFocus|DragonClaw,ExtremeSpeed,ThunderPunch,Tailwind|Adamant||F|||50|
|inactive|Battle timer is ON: inactive players will automatically lose when time's up. (requested by ToastedArt)
|inactive|ChrisJHall has 60 seconds left.
|inactive|ToastedArt has 60 seconds left.
|inactive|ToastedArt has 30 seconds left.
|
|t:|1784999995
|teamsize|p1|4
|teamsize|p2|4
|start
|switch|p1a: Gengar|Gengar, L50, M|100/100
|switch|p1b: Rotom|Rotom-Wash, L50|100/100
|switch|p2a: Sneasler|Sneasler, L50, M|100/100
|switch|p2b: Basculegion|Basculegion, L50, M|100/100
|turn|1
|
|t:|1785000015
|switch|p2b: Incineroar|Incineroar, L50, M|100/100
|-ability|p2b: Incineroar|Intimidate|boost
|-unboost|p1a: Gengar|atk|1
|-unboost|p1b: Rotom|atk|1
|detailschange|p1a: Gengar|Gengar-Mega, L50, M
|-mega|p1a: Gengar|Gengar|Gengarite
|move|p2a: Sneasler|Fake Out|p1b: Rotom
|-damage|p1b: Rotom|87/100
|-status|p1b: Rotom|psn|[from] ability: Poison Touch|[of] p2a: Sneasler
|move|p1a: Gengar|Shadow Ball|p2b: Incineroar
|-resisted|p2b: Incineroar|1
|-damage|p2b: Incineroar|78/100
|cant|p1b: Rotom|flinch
|
|-damage|p1b: Rotom|75/100 psn|[from] psn
|upkeep
|turn|2
|inactive|ChrisJHall has 30 seconds left.
|inactive|ToastedArt has 30 seconds left.
|
|t:|1785000046
|switch|p1a: Incineroar|Incineroar, L50, F|100/100
|-ability|p1a: Incineroar|Intimidate|boost
|-unboost|p2a: Sneasler|atk|1
|-unboost|p2b: Incineroar|atk|1
|move|p2a: Sneasler|Coaching|p2b: Incineroar
|-boost|p2b: Incineroar|atk|1
|-boost|p2b: Incineroar|def|1
|move|p1b: Rotom|Will-O-Wisp|p2a: Sneasler|[miss]
|-miss|p1b: Rotom|p2a: Sneasler
|move|p2b: Incineroar|Throat Chop|p1a: Incineroar
|-resisted|p1a: Incineroar|1
|-damage|p1a: Incineroar|86/100
|-start|p1a: Incineroar|Throat Chop|[silent]
|
|-damage|p1b: Rotom|63/100 psn|[from] psn
|upkeep
|turn|3
|
|t:|1785000069
|switch|p2b: Basculegion|Basculegion, L50, M|100/100
|move|p1a: Incineroar|Fake Out|p2b: Basculegion
|-immune|p2b: Basculegion
|move|p2a: Sneasler|Coaching|p2b: Basculegion
|-boost|p2b: Basculegion|atk|1
|-boost|p2b: Basculegion|def|1
|move|p1b: Rotom|Will-O-Wisp|p2a: Sneasler
|-status|p2a: Sneasler|brn
|
|-damage|p1b: Rotom|51/100 psn|[from] psn
|-damage|p2a: Sneasler|94/100 brn|[from] brn
|-end|p1a: Incineroar|Throat Chop|[silent]
|upkeep
|turn|4
|
|t:|1785000090
|switch|p1a: Kingambit|Kingambit, L50, F|100/100
|move|p2a: Sneasler|Coaching|p2b: Basculegion
|-boost|p2b: Basculegion|atk|1
|-boost|p2b: Basculegion|def|1
|move|p1b: Rotom|Volt Switch|p2b: Basculegion
|-supereffective|p2b: Basculegion|1
|-damage|p2b: Basculegion|51/100
|
|t:|1785000098
|switch|p1b: Incineroar|Incineroar, L50, F|86/100|[from] Volt Switch
|-ability|p1b: Incineroar|Intimidate|boost
|-unboost|p2a: Sneasler|atk|1
|-unboost|p2b: Basculegion|atk|1
|move|p2b: Basculegion|Last Respects|p1b: Incineroar
|-resisted|p1b: Incineroar|1
|-damage|p1b: Incineroar|64/100
|
|-damage|p2a: Sneasler|88/100 brn|[from] brn
|upkeep
|turn|5
|
|t:|1785000114
|switch|p2b: Falinks|Falinks, L50, shiny|100/100
|move|p1a: Kingambit|Sucker Punch||[still]
|-fail|p1a: Kingambit
|move|p2a: Sneasler|Coaching|p2b: Falinks
|-boost|p2b: Falinks|atk|1
|-boost|p2b: Falinks|def|1
|move|p1b: Incineroar|Parting Shot|p2a: Sneasler
|-unboost|p2a: Sneasler|atk|1
|-unboost|p2a: Sneasler|spa|1
|
|t:|1785000127
|switch|p1b: Gengar|Gengar-Mega, L50, M|100/100|[from] Parting Shot
|
|-damage|p2a: Sneasler|82/100 brn|[from] brn
|upkeep
|turn|6
|
|t:|1785000149
|switch|p1a: Rotom|Rotom-Wash, L50|51/100 psn
|detailschange|p2b: Falinks|Falinks-Mega, L50, shiny
|-mega|p2b: Falinks|Falinks|Falinksite
|move|p2a: Sneasler|Coaching|p2b: Falinks
|-boost|p2b: Falinks|atk|1
|-boost|p2b: Falinks|def|1
|move|p1b: Gengar|Perish Song|p1b: Gengar
|-start|p1a: Rotom|perish3|[silent]
|-start|p1b: Gengar|perish3|[silent]
|-start|p2a: Sneasler|perish3|[silent]
|-start|p2b: Falinks|perish3|[silent]
|-fieldactivate|move: Perish Song
|move|p2b: Falinks|Rock Slide|p1a: Rotom|[spread] p1a,p1b
|-damage|p1a: Rotom|15/100 psn
|-damage|p1b: Gengar|55/100
|-enditem|p1a: Rotom|Sitrus Berry|[eat]
|-heal|p1a: Rotom|40/100 psn|[from] item: Sitrus Berry
|
|-damage|p1a: Rotom|28/100 psn|[from] psn
|-damage|p2a: Sneasler|76/100 brn|[from] brn
|-start|p2a: Sneasler|perish3
|-start|p1b: Gengar|perish3
|-start|p2b: Falinks|perish3
|-start|p1a: Rotom|perish3
|upkeep
|turn|7
|inactive|ChrisJHall has 30 seconds left.
|inactive|ChrisJHall has 20 seconds left.
|inactive|ChrisJHall has 15 seconds left.
|inactive|ChrisJHall has 10 seconds left.
|inactive|ChrisJHall has 5 seconds left.
|
|t:|1785000199
|move|p1b: Gengar|Protect|p1b: Gengar
|-singleturn|p1b: Gengar|Protect
|move|p2a: Sneasler|Coaching|p2b: Falinks
|-boost|p2b: Falinks|atk|1
|-boost|p2b: Falinks|def|1
|move|p2b: Falinks|Rock Slide|p1a: Rotom|[spread] p1a
|-activate|p1b: Gengar|move: Protect
|-damage|p1a: Rotom|0 fnt
|faint|p1a: Rotom
|
|-damage|p2a: Sneasler|70/100 brn|[from] brn
|-start|p2a: Sneasler|perish2
|-start|p1b: Gengar|perish2
|-start|p2b: Falinks|perish2
|upkeep
|
|t:|1785000209
|switch|p1a: Incineroar|Incineroar, L50, F|64/100
|-ability|p1a: Incineroar|Intimidate|boost
|-unboost|p2a: Sneasler|atk|1
|-unboost|p2b: Falinks|atk|1
|-ability|p2b: Falinks|Defiant|boost
|-boost|p2b: Falinks|atk|2
|turn|8
|inactive|ChrisJHall has 30 seconds left.
|
|t:|1785000242
|move|p1a: Incineroar|Fake Out|p2b: Falinks
|-damage|p2b: Falinks|95/100
|move|p2a: Sneasler|Coaching|p2b: Falinks
|-boost|p2b: Falinks|atk|1
|-boost|p2b: Falinks|def|1
|move|p1b: Gengar|Disable|p2a: Sneasler
|-start|p2a: Sneasler|Disable|Coaching
|cant|p2b: Falinks|flinch
|
|-damage|p2a: Sneasler|65/100 brn|[from] brn
|-start|p2a: Sneasler|perish1
|-start|p1b: Gengar|perish1
|-start|p2b: Falinks|perish1
|upkeep
|turn|9
|-message|ToastedArt forfeited.
|
|win|ChrisJHall
