|j|☆Rimuro VGC
|j|☆SHOMA_WIN
|html|Rimuro VGCSHOMA_WIN    
|uhtml|bestof|Game 1 of a best-of-3
|t:|1782305013
|gametype|doubles
|player|p1|Rimuro VGC|volkner|1250
|player|p2|SHOMA_WIN|scientist|1453
|gen|9
|tier|[Gen 9 Champions] VGC 2026 Reg M-B (Bo3)
|rated|
|rule|Species Clause: Limit one of each Pokémon
|rule|Item Clause: Limit 1 of each item
|clearpoke
|poke|p1|Gardevoir, L50, F, shiny|
|poke|p1|Charizard, L50, F|
|poke|p1|Venusaur, L50, M|
|poke|p1|Garchomp, L50, F|
|poke|p1|Mawile, L50, F, shiny|
|poke|p1|Whimsicott, L50, M|
|poke|p2|Aerodactyl, L50, M|
|poke|p2|Garchomp, L50, M|
|poke|p2|Kingambit, L50, M|
|poke|p2|Charizard, L50, F|
|poke|p2|Sylveon, L50, F|
|poke|p2|Farigiraf, L50, M|
|teampreview|4
|showteam|p1|Gardevoir||FocusSash|Trace|Psychic,Moonblast,TrickRoom,Protect|Modest||F|||50|]Charizard||CharizarditeY|SolarPower|HeatWave,Protect,AirSlash,AncientPower|Modest||F|||50|]Venusaur||Leftovers|Chlorophyll|EnergyBall,SludgeBomb,SleepPowder,Protect|Modest||M|||50|]Garchomp||LifeOrb|RoughSkin|RockSlide,Outrage,Earthquake,Protect|Adamant||F|||50|]Mawile||Mawilite|Intimidate|PlayRough,IronHead,SwordsDance,Protect|Brave||F|||50|]Whimsicott||MentalHerb|Prankster|Tailwind,Protect,Moonblast,Encore|Modest||M|||50|
|showteam|p2|Aerodactyl||Aerodactylite|Unnerve|IceFang,RockSlide,Tailwind,DualWingbeat|Jolly||M|||50|]Garchomp||LifeOrb|RoughSkin|DragonClaw,StompingTantrum,Earthquake,Protect|Jolly||M|||50|]Kingambit||FocusSash|Defiant|SuckerPunch,KowtowCleave,IronHead,LowKick|Adamant||M|||50|]Charizard||CharizarditeY|Blaze|Protect,WeatherBall,HeatWave,SolarBeam|Modest||F|||50|]Sylveon||FairyFeather|Pixilate|Protect,HyperVoice,HyperBeam,QuickAttack|Modest||F|||50|]Farigiraf||SitrusBerry|ArmorTail|TrickRoom,Thunderbolt,Roar,TwinBeam|Bold||M|||50|
|inactive|Battle timer is ON: inactive players will automatically lose when time's up. (requested by Rimuro VGC)
|inactive|SHOMA_WIN has 60 seconds left.
|
|t:|1782305072
|teamsize|p1|4
|teamsize|p2|4
|start
|switch|p1a: Whimsicott|Whimsicott, L50, M|100/100
|switch|p1b: Charizard|Charizard, L50, F|100/100
|switch|p2a: Aerodactyl|Aerodactyl, L50, M|100/100
|switch|p2b: Kingambit|Kingambit, L50, M|100/100
|-ability|p2a: Aerodactyl|Unnerve
|turn|1
|
|t:|1782305084
|detailschange|p2a: Aerodactyl|Aerodactyl-Mega, L50, M
|-mega|p2a: Aerodactyl|Aerodactyl|Aerodactylite
|detailschange|p1b: Charizard|Charizard-Mega-Y, L50, F
|-mega|p1b: Charizard|Charizard|Charizardite Y
|-weather|SunnyDay|[from] ability: Drought|[of] p1b: Charizard
|move|p1a: Whimsicott|Tailwind|p1a: Whimsicott
|-sidestart|p1: Rimuro VGC|move: Tailwind
|move|p1b: Charizard|Heat Wave|p2b: Kingambit|[spread] p2a,p2b
|-resisted|p2a: Aerodactyl|1
|-supereffective|p2b: Kingambit|1
|-damage|p2a: Aerodactyl|66/100
|-enditem|p2b: Kingambit|Focus Sash
|-damage|p2b: Kingambit|1/100
|move|p2a: Aerodactyl|Rock Slide|p1b: Charizard|[spread] p1a,p1b
|-supereffective|p1b: Charizard|2
|-damage|p1a: Whimsicott|67/100
|-damage|p1b: Charizard|0 fnt
|faint|p1b: Charizard
|move|p2b: Kingambit|Iron Head|p1a: Whimsicott
|-supereffective|p1a: Whimsicott|1
|-damage|p1a: Whimsicott|0 fnt
|faint|p1a: Whimsicott
|
|-weather|SunnyDay|[upkeep]
|upkeep
|
|t:|1782305099
|switch|p1a: Venusaur|Venusaur, L50, M|100/100
|switch|p1b: Garchomp|Garchomp, L50, F|100/100
|turn|2
|
|t:|1782305109
|switch|p2a: Farigiraf|Farigiraf, L50, M|100/100
|move|p2b: Kingambit|Sucker Punch|p1a: Venusaur
|-damage|p1a: Venusaur|53/100
|move|p1a: Venusaur|Energy Ball|p2b: Kingambit
|-resisted|p2b: Kingambit|1
|-damage|p2b: Kingambit|0 fnt
|faint|p2b: Kingambit
|move|p1b: Garchomp|Outrage|p2a: Farigiraf
|-damage|p2a: Farigiraf|29/100
|-enditem|p2a: Farigiraf|Sitrus Berry|[eat]
|-heal|p2a: Farigiraf|54/100|[from] item: Sitrus Berry
|-damage|p1b: Garchomp|90/100|[from] item: Life Orb
|
|-weather|SunnyDay|[upkeep]
|-heal|p1a: Venusaur|59/100|[from] item: Leftovers
|upkeep
|
|t:|1782305120
|switch|p2b: Garchomp|Garchomp, L50, M|100/100
|turn|3
|inactive|SHOMA_WIN has 30 seconds left.
|
|t:|1782305154
|move|p1a: Venusaur|Sleep Powder|p2b: Garchomp
|-status|p2b: Garchomp|slp|[from] move: Sleep Powder
|move|p1b: Garchomp|Outrage|p2a: Farigiraf|[from] lockedmove
|-damage|p2a: Farigiraf|0 fnt
|faint|p2a: Farigiraf
|-damage|p1b: Garchomp|80/100|[from] item: Life Orb
|cant|p2b: Garchomp|slp
|
|-weather|SunnyDay|[upkeep]
|-heal|p1a: Venusaur|65/100|[from] item: Leftovers
|upkeep
|
|t:|1782305160
|switch|p2a: Aerodactyl|Aerodactyl-Mega, L50, M|66/100
|turn|4
|
|t:|1782305176
|move|p1a: Venusaur|Sleep Powder|p2a: Aerodactyl
|-status|p2a: Aerodactyl|slp|[from] move: Sleep Powder
|move|p1b: Garchomp|Outrage|p2a: Aerodactyl|[from] lockedmove
|-damage|p2a: Aerodactyl|0 fnt
|faint|p2a: Aerodactyl
|-damage|p1b: Garchomp|70/100|[from] item: Life Orb
|-start|p1b: Garchomp|confusion|[fatigue]
|-curestatus|p2b: Garchomp|slp|[msg]
|move|p2b: Garchomp|Dragon Claw|p1b: Garchomp
|-supereffective|p1b: Garchomp|1
|-damage|p1b: Garchomp|0 fnt
|-damage|p2b: Garchomp|87/100|[from] ability: Rough Skin|[of] p1b: Garchomp
|faint|p1b: Garchomp
|-damage|p2b: Garchomp|78/100|[from] item: Life Orb
|
|-weather|SunnyDay|[upkeep]
|-heal|p1a: Venusaur|71/100|[from] item: Leftovers
|-sideend|p1: Rimuro VGC|move: Tailwind
|upkeep
|turn|5
|
|t:|1782305185
|move|p2b: Garchomp|Protect|p2b: Garchomp
|-singleturn|p2b: Garchomp|Protect
|move|p1a: Venusaur|Sleep Powder|p2b: Garchomp
|-activate|p2b: Garchomp|move: Protect
|
|-weather|none
|-heal|p1a: Venusaur|77/100|[from] item: Leftovers
|upkeep
|turn|6
|
|t:|1782305189
|move|p1a: Venusaur|Protect|p1a: Venusaur
|-singleturn|p1a: Venusaur|Protect
|move|p2b: Garchomp|Earthquake|p1a: Venusaur
|-activate|p1a: Venusaur|move: Protect
|
|-heal|p1a: Venusaur|82/100|[from] item: Leftovers
|upkeep
|turn|7
|
|t:|1782305194
|move|p2b: Garchomp|Earthquake|p1a: Venusaur
|-damage|p1a: Venusaur|13/100
|-damage|p2b: Garchomp|68/100|[from] item: Life Orb
|move|p1a: Venusaur|Sleep Powder|p2b: Garchomp
|-status|p2b: Garchomp|slp|[from] move: Sleep Powder
|
|-heal|p1a: Venusaur|19/100|[from] item: Leftovers
|upkeep
|turn|8
|
|t:|1782305200
|cant|p2b: Garchomp|slp
|move|p1a: Venusaur|Energy Ball|p2b: Garchomp
|-damage|p2b: Garchomp|23/100 slp
|
|-heal|p1a: Venusaur|25/100|[from] item: Leftovers
|upkeep
|turn|9
|
|t:|1782305206
|cant|p2b: Garchomp|slp
|move|p1a: Venusaur|Energy Ball|p2b: Garchomp
|-damage|p2b: Garchomp|0 fnt
|faint|p2b: Garchomp
|
|win|Rimuro VGC
