|j|☆snailboss
|j|☆Gyra78
|html|snailbossGyra78    
|uhtml|bestof|Game 2 of a best-of-3
|t:|1756696256
|gametype|doubles
|player|p1|snailboss|102|1155
|player|p2|Gyra78|volkner|1246
|gen|9
|tier|[Gen 9] VGC 2025 Reg H (Bo3)
|rated|
|rule|Species Clause: Limit one of each Pokémon
|rule|Item Clause: Limit 1 of each item
|clearpoke
|poke|p1|Zoroark-Hisui, L50, F|
|poke|p1|Tyranitar, L50, M|
|poke|p1|Excadrill, L50, M|
|poke|p1|Indeedee-F, L50, F|
|poke|p1|Gallade, L50, M|
|poke|p1|Noivern, L50, M|
|poke|p2|Basculegion, L50, M|
|poke|p2|Pelipper, L50, M|
|poke|p2|Archaludon, L50, M|
|poke|p2|Incineroar, L50, M|
|poke|p2|Gholdengo, L50|
|poke|p2|Amoonguss, L50, M|
|teampreview|4
|showteam|p1|Zoroark-Hisui||ChoiceSpecs|Illusion|HyperVoice,Flamethrower,ShadowBall,HyperBeam|||F|||50|,,,,,Normal]Tyranitar||AssaultVest|SandStream|RockSlide,KnockOff,LowKick,TeraBlast|||M|||50|,,,,,Flying]Excadrill||FocusSash|SandRush|IronHead,Protect,SwordsDance,Earthquake|||M|||50|,,,,,Ground]Indeedee-F||SafetyGoggles|PsychicSurge|TrickRoom,FollowMe,Psychic,HelpingHand|||F|||50|,,,,,Water]Gallade||ClearAmulet|Sharpness|PsychoCut,TrickRoom,WideGuard,SacredSword|||M|||50|,,,,,Grass]Noivern||CovertCloak|Telepathy|SuperFang,Tailwind,Taunt,DracoMeteor|||M|||50|,,,,,Fairy
|showteam|p2|Basculegion||LifeOrb|SwiftSwim|WaveCrash,LastRespects,Protect,FlipTurn|||M|||50|,,,,,Grass]Pelipper||FocusSash|Drizzle|Protect,Hurricane,WeatherBall,Tailwind|||M|||50|,,,,,Ghost]Archaludon||AssaultVest|Stamina|ElectroShot,DracoMeteor,Snarl,BodyPress|||M|||50|,,,,,Grass]Incineroar||SafetyGoggles|Intimidate|FakeOut,PartingShot,Taunt,KnockOff|||M|||50|,,,,,Bug]Gholdengo||SitrusBerry|GoodasGold|MakeItRain,ShadowBall,NastyPlot,Protect||||||50|,,,,,Dragon]Amoonguss||RockyHelmet|Regenerator|Spore,RagePowder,PollenPuff,Protect|||M|||50|,,,,,Water
|j| bfwpikadrew
|inactive|Battle timer is ON: inactive players will automatically lose when time's up. (requested by Gyra78)
|
|t:|1756696277
|teamsize|p1|4
|teamsize|p2|4
|start
|switch|p1a: Noivern|Noivern, L50, M|100/100
|switch|p1b: Dr. Drills|Excadrill, L50, M|100/100
|switch|p2a: Tarik Skubal|Incineroar, L50, M, shiny|100/100
|switch|p2b: PennyBoard|Gholdengo, L50, shiny|100/100
|-ability|p2a: Tarik Skubal|Intimidate|boost
|-unboost|p1a: Noivern|atk|1
|-unboost|p1b: Dr. Drills|atk|1
|turn|1
|inactive|snailboss has 30 seconds left.
|inactive|Gyra78 has 30 seconds left.
|
|t:|1756696310
|switch|p1b: Alice|Tyranitar, L50, M|100/100
|-weather|Sandstorm|[from] ability: Sand Stream|[of] p1b: Alice
|move|p2a: Tarik Skubal|Fake Out|p1b: Alice
|-resisted|p1b: Alice
|-damage|p1b: Alice|96/100
|move|p1a: Noivern|Super Fang|p2a: Tarik Skubal
|-damage|p2a: Tarik Skubal|51/100
|move|p2b: PennyBoard|Nasty Plot|p2b: PennyBoard
|-boost|p2b: PennyBoard|spa|2
|
|-weather|Sandstorm|[upkeep]
|-damage|p1a: Noivern|95/100|[from] Sandstorm
|upkeep
|turn|2
|inactive|snailboss has 30 seconds left.
|inactive|Gyra78 has 30 seconds left.
|inactive|snailboss has 20 seconds left.
|inactive|snailboss has 15 seconds left.
|inactive|snailboss has 10 seconds left.
|
|t:|1756696358
|switch|p2a: Sticky Feet|Pelipper, L50, M, shiny|100/100
|-weather|RainDance|[from] ability: Drizzle|[of] p2a: Sticky Feet
|-terastallize|p1b: Alice|Flying
|-terastallize|p2b: PennyBoard|Dragon
|move|p1a: Noivern|Draco Meteor|p2b: PennyBoard
|-supereffective|p2b: PennyBoard
|-damage|p2b: PennyBoard|2/100
|-unboost|p1a: Noivern|spa|2
|-enditem|p2b: PennyBoard|Sitrus Berry|[eat]
|-heal|p2b: PennyBoard|27/100|[from] item: Sitrus Berry
|move|p1b: Alice|Rock Slide|p2b: PennyBoard|[spread] p2a,p2b
|-supereffective|p2a: Sticky Feet
|-damage|p2a: Sticky Feet|14/100
|-damage|p2b: PennyBoard|0 fnt
|faint|p2b: PennyBoard
|
|-weather|RainDance|[upkeep]
|upkeep
|
|t:|1756696378
|switch|p2b: Davy Jones|Basculegion, L50, M, shiny|100/100
|turn|3
|
|t:|1756696392
|move|p2b: Davy Jones|Wave Crash|p1b: Alice
|-crit|p1b: Alice
|-damage|p1b: Alice|0 fnt
|faint|p1b: Alice
|-damage|p2b: Davy Jones|73/100|[from] Recoil
|-damage|p2b: Davy Jones|63/100|[from] item: Life Orb
|move|p1a: Noivern|Tailwind|p1a: Noivern
|-sidestart|p1: snailboss|move: Tailwind
|move|p2a: Sticky Feet|Tailwind|p2a: Sticky Feet
|-sidestart|p2: Gyra78|move: Tailwind
|
|-weather|RainDance|[upkeep]
|upkeep
|
|t:|1756696402
|switch|p1b: Dr. Drills|Excadrill, L50, M|100/100
|turn|4
|inactive|Gyra78 has 30 seconds left.
|inactive|Gyra78 has 20 seconds left.
|
|t:|1756696441
|move|p2b: Davy Jones|Protect|p2b: Davy Jones
|-singleturn|p2b: Davy Jones|Protect
|move|p1a: Noivern|Draco Meteor|p2a: Sticky Feet
|-damage|p2a: Sticky Feet|0 fnt
|-unboost|p1a: Noivern|spa|2
|faint|p2a: Sticky Feet
|move|p1b: Dr. Drills|Shadow Ball|p2b: Davy Jones
|-activate|p2b: Davy Jones|move: Protect
|
|-weather|RainDance|[upkeep]
|upkeep
|
|t:|1756696445
|switch|p2a: Tarik Skubal|Incineroar, L50, M, shiny|51/100
|-ability|p2a: Tarik Skubal|Intimidate|boost
|-unboost|p1a: Noivern|atk|1
|-unboost|p1b: Dr. Drills|atk|1
|turn|5
|
|t:|1756696457
|switch|p1a: Dr. Drills|Excadrill, L50, M|100/100
|move|p2a: Tarik Skubal|Fake Out|p1b: Dr. Drills
|-immune|p1b: Dr. Drills
|move|p2b: Davy Jones|Wave Crash|p1a: Dr. Drills
|-supereffective|p1a: Dr. Drills
|-enditem|p1a: Dr. Drills|Focus Sash
|-damage|p1a: Dr. Drills|1/100
|-damage|p2b: Davy Jones|32/100|[from] Recoil
|-damage|p2b: Davy Jones|22/100|[from] item: Life Orb
|move|p1b: Dr. Drills|Shadow Ball|p2b: Davy Jones
|-supereffective|p2b: Davy Jones
|-damage|p2b: Davy Jones|0 fnt
|faint|p2b: Davy Jones
|
|-weather|RainDance|[upkeep]
|upkeep
|turn|6
|c| bfwpikadrew|braindead play
|inactive|Gyra78 has 30 seconds left.
|
|t:|1756696488
|move|p1b: Dr. Drills|Shadow Ball|p2a: Tarik Skubal
|-resisted|p2a: Tarik Skubal
|-damage|p2a: Tarik Skubal|30/100
|move|p1a: Dr. Drills|Earthquake|p2a: Tarik Skubal|[spread] p1b,p2a
|-supereffective|p2a: Tarik Skubal
|-damage|p1b: Dr. Drills|17/100
|-damage|p2a: Tarik Skubal|0 fnt
|replace|p1b: Zoroark|Zoroark-Hisui, L50, F
|-end|p1b: Zoroark|Illusion
|faint|p2a: Tarik Skubal
|
|win|snailboss
|c|☆snailboss|i understand
|c| bfwpikadrew|gyra is stupid
|c|☆snailboss|my two moles
