|j|☆Advertisementish
|j|☆elmono11
|html|Advertisementishelmono11    
|uhtml|bestof|Game 2 of a best-of-3
|t:|1756027772
|gametype|doubles
|player|p1|Advertisementish|n|1169
|player|p2|elmono11|bugcatcher-gen4dp|1237
|gen|9
|tier|[Gen 9] VGC 2025 Reg H (Bo3)
|rated|
|rule|Species Clause: Limit one of each Pokémon
|rule|Item Clause: Limit 1 of each item
|clearpoke
|poke|p1|Dragonite, L50, F|
|poke|p1|Tatsugiri, L50, M|
|poke|p1|Dondozo, L50, F|
|poke|p1|Glimmora, L50, F|
|poke|p1|Gholdengo, L50|
|poke|p1|Talonflame, L50, M|
|poke|p2|Gholdengo, L50|
|poke|p2|Sneasler, L50, M|
|poke|p2|Rillaboom, L50, F|
|poke|p2|Dragonite, L50, F|
|poke|p2|Ninetales-Alola, L50, M|
|poke|p2|Arcanine-Hisui, L50, F|
|teampreview|4
|showteam|p1|Dragonite||ChoiceBand|Multiscale|IceSpinner,ExtremeSpeed,Outrage,Earthquake|||F|||50|,,,,,Normal]Tatsugiri||ChoiceScarf|Commander|MuddyWater,IcyWind,DracoMeteor,SleepTalk|||M|||50|,,,,,Steel]Dondozo||Leftovers|Unaware|WaveCrash,OrderUp,Earthquake,Protect|||F|||50|,,,,,Grass]Glimmora||AssaultVest|ToxicDebris|PowerGem,EarthPower,MortalSpin,EnergyBall|||F|||50|,,,,,Grass]Gholdengo||ChoiceSpecs|GoodasGold|MakeItRain,ShadowBall,Thunderbolt,PowerGem||||||50|,,,,,Steel]Talonflame||CovertCloak|GaleWings|DualWingbeat,WillOWisp,Taunt,Tailwind|||M|||50|,,,,,Flying
|showteam|p2|Gholdengo||GrassySeed|GoodasGold|NastyPlot,MakeItRain,ShadowBall,Protect||||||50|,,,,,Water]Sneasler||WhiteHerb|Unburden|CloseCombat,DireClaw,Coaching,Protect|||M|||50|,,,,,Ghost]Rillaboom||AssaultVest|GrassySurge|FakeOut,GrassyGlide,DrumBeating,HighHorsepower|||F|||50|,,,,,Fire]Dragonite||LoadedDice|Multiscale|ScaleShot,StompingTantrum,Tailwind,Protect|||F|||50|,,,,,Ground]Ninetales-Alola||FocusSash|SnowWarning|Blizzard,IcyWind,Encore,AuroraVeil|||M|||50|,,,,,Ghost]Arcanine-Hisui||ClearAmulet|Intimidate|RockSlide,FlareBlitz,ExtremeSpeed,Protect|||F|||50|,,,,,Water
|inactive|Battle timer is ON: inactive players will automatically lose when time's up. (requested by Advertisementish)
|inactive|elmono11 also wants the timer to be on.
|inactive|elmono11 has 60 seconds left.
|
|t:|1756027831
|teamsize|p1|4
|teamsize|p2|4
|start
|switch|p1a: Dragonite|Dragonite, L50, F|100/100
|switch|p1b: Glimmora|Glimmora, L50, F|100/100
|switch|p2a: Sneasler|Sneasler, L50, M|100/100
|switch|p2b: Dragonite|Dragonite, L50, F|100/100
|turn|1
|
|t:|1756027842
|-terastallize|p1a: Dragonite|Normal
|move|p1a: Dragonite|Extreme Speed|p2a: Sneasler
|-damage|p2a: Sneasler|14/100
|move|p2a: Sneasler|Coaching|p2b: Dragonite
|-boost|p2b: Dragonite|atk|1
|-boost|p2b: Dragonite|def|1
|move|p2b: Dragonite|Stomping Tantrum|p1b: Glimmora
|-supereffective|p1b: Glimmora
|-damage|p1b: Glimmora|0 fnt
|-activate|p1b: Glimmora|ability: Toxic Debris
|-sidestart|p2: elmono11|move: Toxic Spikes
|faint|p1b: Glimmora
|
|upkeep
|
|t:|1756027855
|switch|p1b: Dondozo|Dondozo, L50, F|100/100
|turn|2
|
|t:|1756027877
|move|p2a: Sneasler|Protect|p2a: Sneasler
|-singleturn|p2a: Sneasler|Protect
|move|p1b: Dondozo|Protect|p1b: Dondozo
|-singleturn|p1b: Dondozo|Protect
|move|p1a: Dragonite|Extreme Speed|p2b: Dragonite
|-damage|p2b: Dragonite|74/100
|move|p2b: Dragonite|Scale Shot|p1b: Dondozo
|-activate|p1b: Dondozo|move: Protect
|
|upkeep
|turn|3
|
|t:|1756027891
|switch|p1a: Tatsugiri|Tatsugiri, L50, M, shiny|100/100
|-activate|p1a: Tatsugiri|ability: Commander|[of] p1b: Dondozo
|-boost|p1b: Dondozo|atk|2
|-boost|p1b: Dondozo|spa|2
|-boost|p1b: Dondozo|spe|2
|-boost|p1b: Dondozo|def|2
|-boost|p1b: Dondozo|spd|2
|move|p1b: Dondozo|Order Up|p2a: Sneasler
|-damage|p2a: Sneasler|0 fnt
|faint|p2a: Sneasler
|-boost|p1b: Dondozo|atk|1
|move|p2b: Dragonite|Scale Shot|p1b: Dondozo
|-damage|p1b: Dondozo|95/100
|-damage|p1b: Dondozo|89/100
|-damage|p1b: Dondozo|84/100
|-damage|p1b: Dondozo|78/100
|-damage|p1b: Dondozo|72/100
|-hitcount|p1b: Dondozo|5
|-unboost|p2b: Dragonite|def|1
|-boost|p2b: Dragonite|spe|1
|
|-heal|p1b: Dondozo|78/100|[from] item: Leftovers
|upkeep
|
|t:|1756027901
|switch|p2a: Rillaboom|Rillaboom, L50, F|100/100
|-status|p2a: Rillaboom|psn
|-fieldstart|move: Grassy Terrain|[from] ability: Grassy Surge|[of] p2a: Rillaboom
|turn|4
|
|t:|1756027917
|move|p2b: Dragonite|Protect|p2b: Dragonite
|-singleturn|p2b: Dragonite|Protect
|move|p1b: Dondozo|Protect|p1b: Dondozo
|-singleturn|p1b: Dondozo|Protect
|move|p2a: Rillaboom|Drum Beating|p1b: Dondozo
|-activate|p1b: Dondozo|move: Protect
|
|-heal|p1b: Dondozo|85/100|[from] Grassy Terrain
|-heal|p1b: Dondozo|91/100|[from] item: Leftovers
|-damage|p2a: Rillaboom|88/100 psn|[from] psn
|upkeep
|turn|5
|
|t:|1756027932
|-terastallize|p2b: Dragonite|Ground
|move|p2b: Dragonite|Scale Shot|p1b: Dondozo
|-damage|p1b: Dondozo|85/100
|-damage|p1b: Dondozo|80/100
|-damage|p1b: Dondozo|73/100
|-damage|p1b: Dondozo|67/100
|-hitcount|p1b: Dondozo|4
|-unboost|p2b: Dragonite|def|1
|-boost|p2b: Dragonite|spe|1
|move|p1b: Dondozo|Order Up|p2a: Rillaboom
|-damage|p2a: Rillaboom|27/100 psn
|-boost|p1b: Dondozo|atk|1
|move|p2a: Rillaboom|Drum Beating|p1b: Dondozo
|-supereffective|p1b: Dondozo
|-damage|p1b: Dondozo|35/100
|-unboost|p1b: Dondozo|spe|1
|
|-heal|p2b: Dragonite|80/100|[from] Grassy Terrain
|-heal|p2a: Rillaboom|33/100 psn|[from] Grassy Terrain
|-heal|p1b: Dondozo|41/100|[from] Grassy Terrain
|-heal|p1b: Dondozo|47/100|[from] item: Leftovers
|-damage|p2a: Rillaboom|21/100 psn|[from] psn
|upkeep
|turn|6
|inactive|elmono11 has 30 seconds left.
|
|t:|1756027958
|move|p1b: Dondozo|Protect|p1b: Dondozo
|-singleturn|p1b: Dondozo|Protect
|move|p2b: Dragonite|Scale Shot|p1b: Dondozo
|-activate|p1b: Dondozo|move: Protect
|move|p2a: Rillaboom|Drum Beating|p1b: Dondozo
|-activate|p1b: Dondozo|move: Protect
|
|-heal|p2b: Dragonite|86/100|[from] Grassy Terrain
|-heal|p2a: Rillaboom|27/100 psn|[from] Grassy Terrain
|-heal|p1b: Dondozo|53/100|[from] Grassy Terrain
|-heal|p1b: Dondozo|59/100|[from] item: Leftovers
|-damage|p2a: Rillaboom|15/100 psn|[from] psn
|upkeep
|turn|7
|
|t:|1756027979
|move|p2b: Dragonite|Scale Shot|p1b: Dondozo
|-damage|p1b: Dondozo|54/100
|-damage|p1b: Dondozo|48/100
|-damage|p1b: Dondozo|43/100
|-damage|p1b: Dondozo|37/100
|-damage|p1b: Dondozo|32/100
|-hitcount|p1b: Dondozo|5
|-unboost|p2b: Dragonite|def|1
|-boost|p2b: Dragonite|spe|1
|move|p2a: Rillaboom|Drum Beating|p1b: Dondozo
|-supereffective|p1b: Dondozo
|-damage|p1b: Dondozo|0 fnt
|faint|p1b: Dondozo
|
|-heal|p2b: Dragonite|92/100|[from] Grassy Terrain
|-heal|p2a: Rillaboom|21/100 psn|[from] Grassy Terrain
|-damage|p2a: Rillaboom|8/100 psn|[from] psn
|upkeep
|
|t:|1756027994
|switch|p1b: Dragonite|Dragonite, L50, F, tera:Normal|100/100
|turn|8
|inactive|elmono11 has 30 seconds left.
|
|t:|1756028021
|switch|p2b: Arcanine|Arcanine-Hisui, L50, F|100/100
|-status|p2b: Arcanine|psn
|-ability|p2b: Arcanine|Intimidate|boost
|-unboost|p1a: Tatsugiri|atk|1
|-unboost|p1b: Dragonite|atk|1
|move|p1b: Dragonite|Extreme Speed|p2b: Arcanine
|-resisted|p2b: Arcanine
|-damage|p2b: Arcanine|70/100 psn
|move|p2a: Rillaboom|Grassy Glide|p1a: Tatsugiri
|-damage|p1a: Tatsugiri|54/100
|move|p1a: Tatsugiri|Muddy Water|p2b: Arcanine|[spread] p2b
|-miss|p1a: Tatsugiri|p2a: Rillaboom
|-supereffective|p2b: Arcanine
|-damage|p2b: Arcanine|0 fnt
|faint|p2b: Arcanine
|
|-heal|p1a: Tatsugiri|60/100|[from] Grassy Terrain
|-heal|p2a: Rillaboom|14/100 psn|[from] Grassy Terrain
|-damage|p2a: Rillaboom|2/100 psn|[from] psn
|-fieldend|move: Grassy Terrain
|upkeep
|
|t:|1756028034
|switch|p2b: Dragonite|Dragonite, L50, F, tera:Ground|92/100
|-status|p2b: Dragonite|psn
|turn|9
|
|t:|1756028050
|move|p1b: Dragonite|Extreme Speed|p2a: Rillaboom
|-damage|p2a: Rillaboom|0 fnt
|faint|p2a: Rillaboom
|move|p1a: Tatsugiri|Muddy Water|p2b: Dragonite
|-supereffective|p2b: Dragonite
|-damage|p2b: Dragonite|5/100 psn
|move|p2b: Dragonite|Scale Shot|p1a: Tatsugiri
|-supereffective|p1a: Tatsugiri
|-damage|p1a: Tatsugiri|16/100
|-supereffective|p1a: Tatsugiri
|-damage|p1a: Tatsugiri|0 fnt
|faint|p1a: Tatsugiri
|-hitcount|p1: Tatsugiri|2
|-unboost|p2b: Dragonite|def|1
|-boost|p2b: Dragonite|spe|1
|
|-damage|p2b: Dragonite|0 fnt|[from] psn
|faint|p2b: Dragonite
|
|win|Advertisementish
|raw|Advertisementish's rating: 1169 → 1199(+30 for winning)
|raw|elmono11's rating: 1237 → 1207(-30 for losing)
|l|☆Advertisementish
|player|p1|
