|j|☆Leon000
|j|☆Damovgc
|html|Leon000Damovgc    
|uhtml|bestof|Game 2 of a best-of-3
|t:|1783705842
|gametype|doubles
|player|p1|Leon000|serena|
|player|p2|Damovgc|170|
|gen|9
|tier|[Gen 9 Champions] VGC 2026 Reg M-B (Bo3)
|rule|Species Clause: Limit one of each Pokémon
|rule|Item Clause: Limit 1 of each item
|clearpoke
|poke|p1|Floette-Eternal, L50, F|
|poke|p1|Charizard, L50, F|
|poke|p1|Whimsicott, L50, F|
|poke|p1|Garchomp, L50, M|
|poke|p1|Basculegion, L50, M|
|poke|p1|Kingambit, L50, M|
|poke|p2|Mawile, L50, M|
|poke|p2|Incineroar, L50, M|
|poke|p2|Sinistcha, L50|
|poke|p2|Tyranitar, L50, M|
|poke|p2|Garchomp, L50, M|
|poke|p2|Annihilape, L50, M|
|teampreview|4
|showteam|p1|Floette-Eternal||Floettite|FlowerVeil|Moonblast,DazzlingGleam,LightofRuin,Protect|Modest||F|||50|]Charizard||CharizarditeY|Blaze|HeatWave,WeatherBall,SolarBeam,Protect|Modest||F|||50|]Whimsicott||FocusSash|Prankster|Moonblast,Encore,Tailwind,Protect|Timid||F|||50|]Garchomp||LifeOrb|RoughSkin|DragonClaw,Earthquake,Protect,RockSlide|Jolly||M|||50|]Basculegion||MysticWater|Adaptability|WaveCrash,LastRespects,AquaJet,Protect|Adamant||M|||50|]Kingambit||ChopleBerry|Defiant|KowtowCleave,IronHead,SuckerPunch,LowKick|Adamant||M|||50|
|showteam|p2|Mawile||Mawilite|HyperCutter|PlayRough,SuckerPunch,SwordsDance,Protect|Adamant||M|||50|]Incineroar||ShucaBerry|Intimidate|FlareBlitz,ThroatChop,PartingShot,FakeOut|Careful||M|||50|]Sinistcha||SitrusBerry|Hospitality|MatchaGotcha,RagePowder,TrickRoom,LifeDew|Bold|||||50|]Tyranitar||Tyranitarite|SandStream|KnockOff,RockSlide,DragonDance,Protect|Adamant||M|||50|]Garchomp||LifeOrb|RoughSkin|DragonClaw,StompingTantrum,Substitute,Protect|Adamant||M|||50|]Annihilape||FocusSash|Defiant|Coaching,CloseCombat,Protect,RageFist|Jolly||M|||50|
|
|t:|1783705861
|teamsize|p1|4
|teamsize|p2|4
|start
|switch|p1a: Whimsicott|Whimsicott, L50, F|100/100
|switch|p1b: Basculegion|Basculegion, L50, M|100/100
|switch|p2a: Mawile|Mawile, L50, M|100/100
|switch|p2b: Annihilape|Annihilape, L50, M|100/100
|turn|1
|
|t:|1783705876
|detailschange|p2a: Mawile|Mawile-Mega, L50, M
|-mega|p2a: Mawile|Mawile|Mawilite
|move|p1b: Basculegion|Aqua Jet|p2a: Mawile
|-damage|p2a: Mawile|69/100
|move|p1a: Whimsicott|Moonblast|p2b: Annihilape
|-supereffective|p2b: Annihilape|1
|-damage|p2b: Annihilape|26/100
|move|p2b: Annihilape|Coaching|p2a: Mawile
|-boost|p2a: Mawile|atk|1
|-boost|p2a: Mawile|def|1
|move|p2a: Mawile|Play Rough|p1a: Whimsicott
|-enditem|p1a: Whimsicott|Focus Sash
|-damage|p1a: Whimsicott|1/100
|
|upkeep
|turn|2
|
|t:|1783705896
|switch|p2b: Sinistcha|Sinistcha, L50|100/100
|-heal|p2a: Mawile|94/100|[from] ability: Hospitality|[of] p2b: Sinistcha
|move|p2a: Mawile|Sucker Punch|p1b: Basculegion
|-supereffective|p1b: Basculegion|1
|-damage|p1b: Basculegion|0 fnt
|faint|p1b: Basculegion
|move|p1a: Whimsicott|Moonblast|p2b: Sinistcha
|-damage|p2b: Sinistcha|60/100
|
|upkeep
|
|t:|1783705903
|switch|p1b: Charizard|Charizard, L50, F|100/100
|turn|3
|
|t:|1783705932
|detailschange|p1b: Charizard|Charizard-Mega-Y, L50, F
|-mega|p1b: Charizard|Charizard|Charizardite Y
|-weather|SunnyDay|[from] ability: Drought|[of] p1b: Charizard
|move|p1a: Whimsicott|Tailwind|p1a: Whimsicott
|-sidestart|p1: Leon000|move: Tailwind
|move|p2a: Mawile|Sucker Punch|p1b: Charizard
|-damage|p1b: Charizard|28/100
|move|p1b: Charizard|Heat Wave|p2b: Sinistcha|[spread] p2a,p2b
|-supereffective|p2a: Mawile|1
|-supereffective|p2b: Sinistcha|1
|-damage|p2a: Mawile|0 fnt
|-damage|p2b: Sinistcha|0 fnt
|faint|p2a: Mawile
|faint|p2b: Sinistcha
|
|-weather|SunnyDay|[upkeep]
|upkeep
|
|t:|1783705939
|switch|p2b: Annihilape|Annihilape, L50, M|26/100
|switch|p2a: Garchomp|Garchomp, L50, M|100/100
|turn|4
|
|t:|1783705956
|move|p2b: Annihilape|Protect|p2b: Annihilape
|-singleturn|p2b: Annihilape|Protect
|move|p1a: Whimsicott|Moonblast|p2a: Garchomp
|-supereffective|p2a: Garchomp|1
|-damage|p2a: Garchomp|22/100
|move|p1b: Charizard|Weather Ball|p2b: Annihilape
|-activate|p2b: Annihilape|move: Protect
|move|p2a: Garchomp|Stomping Tantrum|p1a: Whimsicott
|-resisted|p1a: Whimsicott|1
|-damage|p1a: Whimsicott|0 fnt
|faint|p1a: Whimsicott
|-damage|p2a: Garchomp|13/100|[from] item: Life Orb
|
|-weather|SunnyDay|[upkeep]
|upkeep
|
|t:|1783705962
|switch|p1a: Garchomp|Garchomp, L50, M|100/100
|turn|5
|
|t:|1783705968
|move|p2b: Annihilape|Protect|p2b: Annihilape
|-singleturn|p2b: Annihilape|Protect
|move|p2a: Garchomp|Protect|p2a: Garchomp
|-singleturn|p2a: Garchomp|Protect
|move|p1a: Garchomp|Earthquake|p2a: Garchomp|[spread] 
|-activate|p2a: Garchomp|move: Protect
|-activate|p2b: Annihilape|move: Protect
|-immune|p1b: Charizard
|move|p1b: Charizard|Weather Ball|p2b: Annihilape
|-activate|p2b: Annihilape|move: Protect
|
|-weather|SunnyDay|[upkeep]
|upkeep
|turn|6
|
|t:|1783705975
|move|p2b: Annihilape|Protect||[still]
|-fail|p2b: Annihilape
|move|p2a: Garchomp|Protect||[still]
|-fail|p2a: Garchomp
|move|p1a: Garchomp|Earthquake|p2b: Annihilape|[spread] p2a,p2b
|-immune|p1b: Charizard
|-damage|p2a: Garchomp|0 fnt
|-damage|p2b: Annihilape|0 fnt
|faint|p2a: Garchomp
|faint|p2b: Annihilape
|-damage|p1a: Garchomp|90/100|[from] item: Life Orb
|
|win|Leon000
||Leon000 is ready for game 3.
||Damovgc is ready for game 3.
|uhtml|next|Next: Game 3 of 3
|l|☆Damovgc
|player|p2|
