|j|☆killacam-550
|j|☆ShadowFox631063!
|html|killacam-550ShadowFox631063!    
|uhtml|bestof|Game 2 of a best-of-3
|t:|1785474780
|gametype|doubles
|player|p1|killacam-550|169|
|player|p2|ShadowFox631063!|n|
|gen|9
|tier|[Gen 9 Champions] VGC 2026 Reg M-B (Bo3)
|rule|Species Clause: Limit one of each Pokémon
|rule|Item Clause: Limit 1 of each item
|raw|1 custom rule: !Force Open Team Sheets
|clearpoke
|poke|p1|Raichu, L50, M|
|poke|p1|Ceruledge, L50, F|
|poke|p1|Gyarados, L50, F|
|poke|p1|Simisage, L50, F|
|poke|p1|Snorlax, L50, M|
|poke|p1|Alakazam, L50, M|
|poke|p2|Sinistcha, L50|
|poke|p2|Milotic, L50, M|
|poke|p2|Aggron, L50, M|
|poke|p2|Avalugg, L50, M|
|poke|p2|Audino, L50, F, shiny|
|poke|p2|Aurorus, L50, M, shiny|
|teampreview|4
|j| Leafeon Main?
|
|t:|1785474808
|teamsize|p1|4
|teamsize|p2|4
|start
|switch|p1a: Tree Weiner|Ceruledge, L50, F|100/100
|switch|p1b: Rai Chuse You|Raichu, L50, M|100/100
|switch|p2a: Matcha-cha|Sinistcha, L50|100/100
|switch|p2b: The Boulder.|Aggron, L50, M|100/100
|turn|1
|
|t:|1785474824
|detailschange|p1b: Rai Chuse You|Raichu-Mega-X, L50, M
|-mega|p1b: Rai Chuse You|Raichu|Raichunite X
|-fieldstart|move: Electric Terrain|[from] ability: Electric Surge|[of] p1b: Rai Chuse You
|move|p1b: Rai Chuse You|Brick Break|p2b: The Boulder.
|-supereffective|p2b: The Boulder.|2
|-crit|p2b: The Boulder.
|-damage|p2b: The Boulder.|5/100
|move|p1a: Tree Weiner|Bitter Blade|p2a: Matcha-cha
|-supereffective|p2a: Matcha-cha|1
|-damage|p2a: Matcha-cha|6/100
|move|p2b: The Boulder.|Dig||[still]
|-prepare|p2b: The Boulder.|Dig
|move|p2a: Matcha-cha|Trick Room|p2a: Matcha-cha
|-fieldstart|move: Trick Room|[of] p2a: Matcha-cha
|
|upkeep
|turn|2
|
|t:|1785474840
|move|p1a: Tree Weiner|Protect|p1a: Tree Weiner
|-singleturn|p1a: Tree Weiner|Protect
|move|p1b: Rai Chuse You|Protect|p1b: Rai Chuse You
|-singleturn|p1b: Rai Chuse You|Protect
|move|p2b: The Boulder.|Dig|p1b: Rai Chuse You|[from] lockedmove
|-activate|p1b: Rai Chuse You|move: Protect
|move|p2a: Matcha-cha|Matcha Gotcha|p1a: Tree Weiner|[spread] 
|-activate|p1a: Tree Weiner|move: Protect
|-activate|p1b: Rai Chuse You|move: Protect
|
|upkeep
|turn|3
|
|t:|1785474868
|move|p1a: Tree Weiner|Shadow Sneak|p2a: Matcha-cha
|-supereffective|p2a: Matcha-cha|1
|-enditem|p2a: Matcha-cha|Kasib Berry|[eat]
|-enditem|p2a: Matcha-cha|Kasib Berry|[weaken]
|-damage|p2a: Matcha-cha|0 fnt
|faint|p2a: Matcha-cha
|move|p2b: The Boulder.|Stealth Rock|p1a: Tree Weiner
|-sidestart|p1: killacam-550|move: Stealth Rock
|move|p1b: Rai Chuse You|Brick Break|p2b: The Boulder.
|-supereffective|p2b: The Boulder.|2
|-damage|p2b: The Boulder.|0 fnt
|faint|p2b: The Boulder.
|
|upkeep
|
|t:|1785474880
|switch|p2b: Ice ice baby|Avalugg, L50, M|100/100
|switch|p2a: Snek|Milotic, L50, M|100/100
|turn|4
|
|t:|1785474912
|move|p1a: Tree Weiner|Protect|p1a: Tree Weiner
|-singleturn|p1a: Tree Weiner|Protect
|move|p2b: Ice ice baby|Body Press|p1b: Rai Chuse You
|-damage|p1b: Rai Chuse You|47/100
|move|p2a: Snek|Hydro Pump|p1a: Tree Weiner
|-activate|p1a: Tree Weiner|move: Protect
|move|p1b: Rai Chuse You|Wild Charge|p2a: Snek
|-supereffective|p2a: Snek|1
|-damage|p2a: Snek|0 fnt
|faint|p2a: Snek
|-damage|p1b: Rai Chuse You|10/100|[from] Recoil
|
|upkeep
|turn|5
|
|t:|1785474928
|switch|p1b: pancake|Snorlax, L50, M|100/100
|-damage|p1b: pancake|87/100|[from] Stealth Rock
|move|p2b: Ice ice baby|Crunch|p1a: Tree Weiner
|-supereffective|p1a: Tree Weiner|1
|-damage|p1a: Tree Weiner|37/100
|move|p1a: Tree Weiner|Bitter Blade|p2b: Ice ice baby
|-supereffective|p2b: Ice ice baby|1
|-damage|p2b: Ice ice baby|58/100
|-heal|p1a: Tree Weiner|63/100|[from] drain|[of] p2b: Ice ice baby
|
|-heal|p2b: Ice ice baby|64/100|[from] item: Leftovers
|-heal|p1b: pancake|93/100|[from] item: Leftovers
|-fieldend|move: Trick Room
|-fieldend|move: Electric Terrain
|upkeep
|turn|6
|
|t:|1785474952
|move|p1a: Tree Weiner|Protect|p1a: Tree Weiner
|-singleturn|p1a: Tree Weiner|Protect
|move|p1b: pancake|Body Slam|p2b: Ice ice baby
|-damage|p2b: Ice ice baby|48/100
|move|p2b: Ice ice baby|Body Press|p1b: pancake
|-supereffective|p1b: pancake|1
|-damage|p1b: pancake|26/100
|
|-heal|p1b: pancake|32/100|[from] item: Leftovers
|-heal|p2b: Ice ice baby|54/100|[from] item: Leftovers
|upkeep
|turn|7
|
|t:|1785474977
|move|p1a: Tree Weiner|Bitter Blade|p2b: Ice ice baby
|-supereffective|p2b: Ice ice baby|1
|-damage|p2b: Ice ice baby|8/100
|-heal|p1a: Tree Weiner|92/100|[from] drain|[of] p2b: Ice ice baby
|move|p1b: pancake|Body Slam|p2b: Ice ice baby
|-damage|p2b: Ice ice baby|0 fnt
|faint|p2b: Ice ice baby
|
|win|killacam-550
||killacam-550 is ready for game 3.
|inactive|ShadowFox631063! has 30 seconds to confirm battle start!
|inactive|ShadowFox631063! has 20 seconds to confirm battle start!
|inactive|ShadowFox631063! has 10 seconds to confirm battle start!
|c|☆killacam-550|lets do it
|uhtml|next|Next: Game 3 of 3
|l|☆killacam-550
|player|p1|
