|j|☆masterhax3
|j|☆regalac3
|html|masterhax3regalac3    
|uhtml|bestof|Game 1 of a best-of-3
|t:|1757042328
|gametype|doubles
|player|p1|masterhax3|scientist-gen4dp|1090
|player|p2|regalac3|n|1183
|gen|9
|tier|[Gen 9] VGC 2025 Reg H (Bo3)
|rated|
|rule|Species Clause: Limit one of each Pokémon
|rule|Item Clause: Limit 1 of each item
|clearpoke
|poke|p1|Vivillon-Pokeball, L50, M|
|poke|p1|Garganacl, L50, F|
|poke|p1|Garchomp, L50, M|
|poke|p1|Gardevoir, L50, F|
|poke|p1|Dondozo, L50, M|
|poke|p1|Ninetales-Alola, L50, F|
|poke|p2|Pelipper, L50, F|
|poke|p2|Basculegion, L50, M|
|poke|p2|Archaludon, L50, M|
|poke|p2|Annihilape, L50, M|
|poke|p2|Rillaboom, L50, M|
|poke|p2|Maushold-Four, L50|
|teampreview|4
|showteam|p1|Vivillon-Pokeball||FocusSash|CompoundEyes|SleepPowder,Tailwind,Protect,Hurricane|||M|||50|,,,,,Ghost]Garganacl||MarangaBerry|PurifyingSalt|SaltCure,StealthRock,Protect,Recover|||F|||50|,,,,,Flying]Garchomp||LifeOrb|RoughSkin|Earthquake,DragonClaw,RockSlide,Protect|||M|||50|,,,,,Ground]Gardevoir||ChoiceScarf|Telepathy|Trick,Moonblast,Psychic,IcyWind|||F|||50|,,,,,Steel]Dondozo||Leftovers|Unaware|Liquidation,Yawn,Fissure,Protect|||M|||50|,,,,,Poison]Ninetales-Alola||NeverMeltIce|SnowWarning|Blizzard,FreezeDry,Protect,AuroraVeil|||F|||50|,,,,,Ice
|showteam|p2|Pelipper||FocusSash|Drizzle|Hurricane,WeatherBall,WideGuard,Protect|||F|||50|,,,,,Stellar]Basculegion||LifeOrb|SwiftSwim|WaveCrash,LastRespects,AquaJet,Protect|||M|||50|,,,,,Water]Archaludon||AssaultVest|Stamina|FlashCannon,DracoMeteor,ElectroShot,BodyPress|||M|||50|,,,,,Bug]Annihilape||Leftovers|Defiant|RageFist,DrainPunch,BulkUp,Protect|||M|||50|,,,,,Fire]Rillaboom||LoadedDice|GrassySurge|BulletSeed,GrassyGlide,HighHorsepower,FakeOut|||M|||50|,,,,,Water]Maushold-Four||SafetyGoggles|FriendGuard|BeatUp,FollowMe,Taunt,Protect||||||50|,,,,,Ghost
|inactive|Battle timer is ON: inactive players will automatically lose when time's up. (requested by regalac3)
|inactive|masterhax3 has 60 seconds left.
|inactive|regalac3 has 60 seconds left.
|
|t:|1757042380
|teamsize|p1|4
|teamsize|p2|4
|start
|switch|p1a: Garchomp|Garchomp, L50, M|100/100
|switch|p1b: Vivillon|Vivillon-Pokeball, L50, M|100/100
|switch|p2a: Maushold|Maushold-Four, L50|100/100
|switch|p2b: Annihilape|Annihilape, L50, M|100/100
|turn|1
|inactive|regalac3 has 30 seconds left.
|inactive|regalac3 has 20 seconds left.
|inactive|regalac3 has 15 seconds left.
|inactive|regalac3 has 10 seconds left.
|
|t:|1757042426
|move|p1a: Garchomp|Rock Slide|p2a: Maushold|[spread] p2a,p2b
|-resisted|p2b: Annihilape
|-damage|p2a: Maushold|73/100
|-damage|p2b: Annihilape|91/100
|-damage|p1a: Garchomp|91/100|[from] item: Life Orb
|move|p2a: Maushold|Beat Up|p2b: Annihilape
|-crit|p2b: Annihilape
|-damage|p2b: Annihilape|88/100
|-damage|p2b: Annihilape|86/100
|-damage|p2b: Annihilape|84/100
|-damage|p2b: Annihilape|81/100
|-hitcount|p2b: Annihilape|4
|move|p2b: Annihilape|Rage Fist|p1a: Garchomp
|-damage|p1a: Garchomp|0 fnt
|-damage|p2b: Annihilape|68/100|[from] ability: Rough Skin|[of] p1a: Garchomp
|faint|p1a: Garchomp
|move|p1b: Vivillon|Tailwind|p1b: Vivillon
|-sidestart|p1: masterhax3|move: Tailwind
|
|-heal|p2b: Annihilape|75/100|[from] item: Leftovers
|upkeep
|
|t:|1757042450
|switch|p1a: Ninetales|Ninetales-Alola, L50, F|100/100
|-weather|Snowscape|[from] ability: Snow Warning|[of] p1a: Ninetales
|turn|2
|
|t:|1757042467
|-terastallize|p1a: Ninetales|Ice
|-terastallize|p2b: Annihilape|Fire
|move|p1a: Ninetales|Blizzard|p2b: Annihilape|[spread] p2a,p2b
|-resisted|p2b: Annihilape
|-damage|p2a: Maushold|17/100
|-damage|p2b: Annihilape|59/100
|move|p1b: Vivillon|Hurricane|p2b: Annihilape
|-damage|p2b: Annihilape|33/100
|-start|p2b: Annihilape|confusion
|move|p2a: Maushold|Taunt|p1b: Vivillon
|-start|p1b: Vivillon|move: Taunt
|-activate|p2b: Annihilape|confusion
|move|p2b: Annihilape|Rage Fist|p1a: Ninetales
|-damage|p1a: Ninetales|0 fnt
|faint|p1a: Ninetales
|
|-weather|Snowscape|[upkeep]
|-heal|p2b: Annihilape|39/100|[from] item: Leftovers
|upkeep
|
|t:|1757042486
|switch|p1a: Gardevoir|Gardevoir, L50, F|100/100
|turn|3
|
|t:|1757042496
|move|p2a: Maushold|Protect|p2a: Maushold
|-singleturn|p2a: Maushold|Protect
|-end|p2b: Annihilape|confusion
|move|p2b: Annihilape|Protect|p2b: Annihilape
|-singleturn|p2b: Annihilape|Protect
|move|p1a: Gardevoir|Moonblast|p2b: Annihilape
|-activate|p2b: Annihilape|move: Protect
|move|p1b: Vivillon|Hurricane|p2a: Maushold
|-activate|p2a: Maushold|move: Protect
|
|-weather|Snowscape|[upkeep]
|-heal|p2b: Annihilape|46/100|[from] item: Leftovers
|upkeep
|turn|4
|inactive|regalac3 has 30 seconds left.
|
|t:|1757042523
|switch|p2b: Archaludon|Archaludon, L50, M|100/100
|move|p2a: Maushold|Follow Me|p2a: Maushold
|-singleturn|p2a: Maushold|move: Follow Me
|move|p1a: Gardevoir|Moonblast|p2a: Maushold
|-damage|p2a: Maushold|0 fnt
|faint|p2a: Maushold
|move|p1b: Vivillon|Hurricane|p2b: Archaludon
|-resisted|p2b: Archaludon
|-damage|p2b: Archaludon|88/100
|-ability|p2b: Archaludon|Stamina|boost
|-boost|p2b: Archaludon|def|1
|
|-weather|Snowscape|[upkeep]
|-sideend|p1: masterhax3|move: Tailwind
|upkeep
|
|t:|1757042542
|switch|p2a: Annihilape|Annihilape, L50, M, tera:Fire|46/100
|turn|5
|
|t:|1757042556
|move|p1a: Gardevoir|Moonblast|p2a: Annihilape
|-resisted|p2a: Annihilape
|-crit|p2a: Annihilape
|-damage|p2a: Annihilape|9/100
|move|p2a: Annihilape|Rage Fist|p1a: Gardevoir
|-supereffective|p1a: Gardevoir
|-damage|p1a: Gardevoir|0 fnt
|faint|p1a: Gardevoir
|move|p1b: Vivillon|Hurricane|p2b: Archaludon
|-resisted|p2b: Archaludon
|-crit|p2b: Archaludon
|-damage|p2b: Archaludon|70/100
|-ability|p2b: Archaludon|Stamina|boost
|-boost|p2b: Archaludon|def|1
|move|p2b: Archaludon|Draco Meteor|p1b: Vivillon
|-enditem|p1b: Vivillon|Focus Sash
|-damage|p1b: Vivillon|1/100
|-unboost|p2b: Archaludon|spa|2
|
|-weather|Snowscape|[upkeep]
|-heal|p2a: Annihilape|15/100|[from] item: Leftovers
|-end|p1b: Vivillon|move: Taunt
|upkeep
|turn|6
|inactive|regalac3 has 30 seconds left.
|
|t:|1757042582
|move|p2a: Annihilape|Drain Punch|p1b: Vivillon
|-resisted|p1b: Vivillon
|-damage|p1b: Vivillon|0 fnt
|-heal|p2a: Annihilape|16/100|[from] drain|[of] p1b: Vivillon
|faint|p1b: Vivillon
|
|win|regalac3
