|j|☆nulsen3
|j|☆Leuco9
|html|nulsen3Leuco9    
|uhtml|bestof|Game 2 of a best-of-3
|t:|1785936531
|gametype|doubles
|player|p1|nulsen3|1|1147
|player|p2|Leuco9|acetrainer|1125
|gen|9
|tier|[Gen 9 Champions] VGC 2026 Reg M-B (Bo3)
|rated|
|rule|Species Clause: Limit one of each Pokémon
|rule|Item Clause: Limit 1 of each item
|clearpoke
|poke|p1|Delphox, L50, F|
|poke|p1|Sinistcha-Masterpiece, L50|
|poke|p1|Farigiraf, L50, F|
|poke|p1|Camerupt, L50, M|
|poke|p1|Kingambit, L50, M|
|poke|p1|Vivillon, L50, M|
|poke|p2|Staraptor, L50, M, shiny|
|poke|p2|Grimmsnarl, L50, M, shiny|
|poke|p2|Sinistcha, L50|
|poke|p2|Milotic, L50, M|
|poke|p2|Arcanine-Hisui, L50, M|
|poke|p2|Kingambit, L50, F|
|teampreview|4
|showteam|p1|Delphox||Delphoxite|Blaze|NastyPlot,HeatWave,Psychic,Protect|Timid||F|||50|]Sinistcha-Masterpiece||MentalHerb|Hospitality|TrickRoom,RagePowder,MatchaGotcha,LifeDew|Sassy|||||50|]Farigiraf||ColburBerry|ArmorTail|Imprison,TrickRoom,HelpingHand,TwinBeam|Sassy||F|||50|]Camerupt||Cameruptite|MagmaArmor|HeatWave,EarthPower,AncientPower,Protect|Quiet||M|||50|]Kingambit||BlackGlasses|Defiant|LowKick,SuckerPunch,SwordsDance,Protect|Brave||M|||50|]Vivillon||FocusSash|CompoundEyes|SleepPowder,Hurricane,Tailwind,Protect|Timid||M|||50|
|showteam|p2|Staraptor||Staraptite|Intimidate|CloseCombat,DualWingbeat,Roost,Protect|Adamant||M|||50|]Grimmsnarl||LightClay|Prankster|SpiritBreak,PartingShot,LightScreen,Reflect|Sassy||M|||50|]Sinistcha||CobaBerry|Hospitality|MatchaGotcha,ShadowBall,TrickRoom,RagePowder|Relaxed|||||50|]Milotic||Leftovers|Competitive|MuddyWater,Hypnosis,Coil,Recover|Calm||M|||50|]Arcanine-Hisui||ChoiceScarf|RockHead|RockSlide,FlareBlitz,WildCharge,ExtremeSpeed|Adamant||M|||50|]Kingambit||ChopleBerry|Defiant|KowtowCleave,IronHead,SuckerPunch,BrickBreak|Adamant||F|||50|
|
|t:|1785936583
|teamsize|p1|4
|teamsize|p2|4
|start
|switch|p1a: Farigiraf|Farigiraf, L50, F|100/100
|switch|p1b: Camerupt|Camerupt, L50, M|100/100
|switch|p2a: Milotic|Milotic, L50, M|100/100
|switch|p2b: Kingambit|Kingambit, L50, F|100/100
|turn|1
|
|t:|1785936599
|detailschange|p1b: Camerupt|Camerupt-Mega, L50, M
|-mega|p1b: Camerupt|Camerupt|Cameruptite
|move|p1b: Camerupt|Protect|p1b: Camerupt
|-singleturn|p1b: Camerupt|Protect
|move|p2a: Milotic|Coil|p2a: Milotic
|-boost|p2a: Milotic|atk|1
|-boost|p2a: Milotic|def|1
|-boost|p2a: Milotic|accuracy|1
|move|p2b: Kingambit|Kowtow Cleave|p1a: Farigiraf
|-supereffective|p1a: Farigiraf|1
|-enditem|p1a: Farigiraf|Colbur Berry|[eat]
|-enditem|p1a: Farigiraf|Colbur Berry|[weaken]
|-damage|p1a: Farigiraf|45/100
|move|p1a: Farigiraf|Trick Room|p1a: Farigiraf
|-fieldstart|move: Trick Room|[of] p1a: Farigiraf
|
|upkeep
|turn|2
|
|t:|1785936634
|move|p1b: Camerupt|Earth Power|p2b: Kingambit
|-supereffective|p2b: Kingambit|1
|-damage|p2b: Kingambit|0 fnt
|faint|p2b: Kingambit
|move|p1a: Farigiraf|Twin Beam|p2a: Milotic
|-damage|p2a: Milotic|90/100
|-damage|p2a: Milotic|80/100
|-hitcount|p2a: Milotic|2
|move|p2a: Milotic|Muddy Water|p1b: Camerupt|[spread] p1a,p1b
|-supereffective|p1b: Camerupt|2
|-damage|p1a: Farigiraf|28/100
|-damage|p1b: Camerupt|16/100
|
|-heal|p2a: Milotic|86/100|[from] item: Leftovers
|upkeep
|
|t:|1785936640
|switch|p2b: Staraptor|Staraptor, L50, M, shiny|100/100
|-ability|p2b: Staraptor|Intimidate|boost
|-unboost|p1a: Farigiraf|atk|1
|-unboost|p1b: Camerupt|atk|1
|turn|3
|
|t:|1785936649
|detailschange|p2b: Staraptor|Staraptor-Mega, L50, M, shiny
|-mega|p2b: Staraptor|Staraptor|Staraptite
|move|p1b: Camerupt|Protect|p1b: Camerupt
|-singleturn|p1b: Camerupt|Protect
|move|p2b: Staraptor|Protect|p2b: Staraptor
|-singleturn|p2b: Staraptor|Protect
|move|p1a: Farigiraf|Twin Beam|p2a: Milotic
|-damage|p2a: Milotic|76/100
|-damage|p2a: Milotic|66/100
|-hitcount|p2a: Milotic|2
|move|p2a: Milotic|Muddy Water|p1b: Camerupt|[spread] p1a
|-activate|p1b: Camerupt|move: Protect
|-damage|p1a: Farigiraf|11/100
|
|-heal|p2a: Milotic|72/100|[from] item: Leftovers
|upkeep
|turn|4
|
|t:|1785936660
|switch|p1b: Kingambit|Kingambit, L50, M|100/100
|move|p1a: Farigiraf|Twin Beam|p2a: Milotic
|-damage|p2a: Milotic|63/100
|-damage|p2a: Milotic|53/100
|-hitcount|p2a: Milotic|2
|move|p2a: Milotic|Muddy Water|p1a: Farigiraf|[spread] p1a,p1b
|-crit|p1b: Kingambit
|-damage|p1a: Farigiraf|0 fnt
|-damage|p1b: Kingambit|63/100
|-unboost|p1b: Kingambit|accuracy|1
|-ability|p1b: Kingambit|Defiant|boost
|-boost|p1b: Kingambit|atk|2
|faint|p1a: Farigiraf
|move|p2b: Staraptor|Roost||[still]
|-fail|p2b: Staraptor|heal
|
|-heal|p2a: Milotic|59/100|[from] item: Leftovers
|upkeep
|
|t:|1785936666
|switch|p1a: Sinistcha|Sinistcha-Masterpiece, L50|100/100
|-heal|p1b: Kingambit|88/100|[from] ability: Hospitality|[of] p1a: Sinistcha
|turn|5
|
|t:|1785936690
|switch|p2b: Sinistcha|Sinistcha, L50|100/100
|-heal|p2a: Milotic|84/100|[from] ability: Hospitality|[of] p2b: Sinistcha
|move|p1a: Sinistcha|Rage Powder|p1a: Sinistcha
|-singleturn|p1a: Sinistcha|move: Rage Powder
|move|p1b: Kingambit|Low Kick|p2a: Milotic
|-damage|p2a: Milotic|30/100
|move|p2a: Milotic|Hypnosis|p1a: Sinistcha
|-status|p1a: Sinistcha|slp|[from] move: Hypnosis
|
|-heal|p2a: Milotic|36/100|[from] item: Leftovers
|-fieldend|move: Trick Room
|upkeep
|turn|6
|
|t:|1785936705
|move|p2b: Sinistcha|Rage Powder|p2b: Sinistcha
|-singleturn|p2b: Sinistcha|move: Rage Powder
|move|p2a: Milotic|Hypnosis|p1b: Kingambit|[miss]
|-miss|p2a: Milotic|p1b: Kingambit
|move|p1b: Kingambit|Low Kick|p2b: Sinistcha
|-immune|p2b: Sinistcha
|cant|p1a: Sinistcha|slp
|
|-heal|p2a: Milotic|43/100|[from] item: Leftovers
|upkeep
|turn|7
|
|t:|1785936714
|move|p2b: Sinistcha|Rage Powder|p2b: Sinistcha
|-singleturn|p2b: Sinistcha|move: Rage Powder
|move|p2a: Milotic|Coil|p2a: Milotic
|-boost|p2a: Milotic|atk|1
|-boost|p2a: Milotic|def|1
|-boost|p2a: Milotic|accuracy|1
|move|p1b: Kingambit|Low Kick|p2b: Sinistcha
|-immune|p2b: Sinistcha
|-curestatus|p1a: Sinistcha|slp|[msg]
|move|p1a: Sinistcha|Trick Room|p1a: Sinistcha
|-fieldstart|move: Trick Room|[of] p1a: Sinistcha
|
|-heal|p2a: Milotic|49/100|[from] item: Leftovers
|upkeep
|turn|8
|
|t:|1785936728
|move|p2b: Sinistcha|Rage Powder|p2b: Sinistcha
|-singleturn|p2b: Sinistcha|move: Rage Powder
|move|p1b: Kingambit|Sucker Punch||[still]
|-fail|p1b: Kingambit
|move|p1a: Sinistcha|Matcha Gotcha|p2a: Milotic|[spread] p2a,p2b
|-supereffective|p2a: Milotic|1
|-resisted|p2b: Sinistcha|1
|-damage|p2a: Milotic|20/100y
|-damage|p2b: Sinistcha|86/100
|-status|p2b: Sinistcha|brn
|move|p2a: Milotic|Hypnosis|p1b: Kingambit
|-status|p1b: Kingambit|slp|[from] move: Hypnosis
|
|-heal|p2a: Milotic|26/100|[from] item: Leftovers
|-damage|p2b: Sinistcha|81/100 brn|[from] brn
|upkeep
|turn|9
|
|t:|1785936737
|cant|p1b: Kingambit|slp
|move|p1a: Sinistcha|Matcha Gotcha|p2a: Milotic|[spread] p2a
|-miss|p1a: Sinistcha|p2b: Sinistcha
|-supereffective|p2a: Milotic|1
|-damage|p2a: Milotic|0 fnt
|faint|p2a: Milotic
|move|p2b: Sinistcha|Shadow Ball|p1a: Sinistcha
|-supereffective|p1a: Sinistcha|1
|-damage|p1a: Sinistcha|46/100
|
|-damage|p2b: Sinistcha|75/100 brn|[from] brn
|upkeep
|
|t:|1785936740
|switch|p2a: Staraptor|Staraptor-Mega, L50, M, shiny|100/100
|turn|10
|
|t:|1785936754
|cant|p1b: Kingambit|slp
|move|p1a: Sinistcha|Matcha Gotcha|p2a: Staraptor|[spread] p2a,p2b
|-resisted|p2a: Staraptor|1
|-resisted|p2b: Sinistcha|1
|-damage|p2a: Staraptor|90/100
|-heal|p1a: Sinistcha|51/100|[from] drain|[of] p2a: Staraptor
|-damage|p2b: Sinistcha|61/100 brn
|-heal|p1a: Sinistcha|57/100|[from] drain|[of] p2b: Sinistcha
|move|p2a: Staraptor|Dual Wingbeat|p1a: Sinistcha
|-supereffective|p1a: Sinistcha|1
|-damage|p1a: Sinistcha|20/100y
|-supereffective|p1a: Sinistcha|1
|-crit|p1a: Sinistcha
|-damage|p1a: Sinistcha|0 fnt
|faint|p1a: Sinistcha
|-hitcount|p1: Sinistcha|2
|move|p2b: Sinistcha|Trick Room|p2b: Sinistcha
|-fieldend|move: Trick Room
|
|-damage|p2b: Sinistcha|56/100 brn|[from] brn
|upkeep
|
|t:|1785936756
|switch|p1a: Camerupt|Camerupt-Mega, L50, M|16/100
|turn|11
|
|t:|1785936778
|-curestatus|p1b: Kingambit|slp|[msg]
|move|p1b: Kingambit|Sucker Punch|p2a: Staraptor
|-resisted|p2a: Staraptor|1
|-crit|p2a: Staraptor
|-damage|p2a: Staraptor|18/100
|move|p2a: Staraptor|Close Combat|p1b: Kingambit
|-supereffective|p1b: Kingambit|2
|-damage|p1b: Kingambit|0 fnt
|-boost|p2a: Staraptor|def|1
|-boost|p2a: Staraptor|spd|1
|faint|p1b: Kingambit
|move|p2b: Sinistcha|Shadow Ball|p1a: Camerupt
|-damage|p1a: Camerupt|0 fnt
|faint|p1a: Camerupt
|
|win|Leuco9
|raw|nulsen3's rating: 1147 → 1120(-27 for losing)
|raw|Leuco9's rating: 1125 → 1152(+27 for winning)
|l|☆nulsen3
|player|p1|
|l|☆Leuco9
|player|p2|
|j|☆Leuco9
|player|p2|Leuco9|acetrainer|
