|j|‽BurnStatists
|j|☆luissc.07
|html|BurnStatistsluissc.07    
|uhtml|bestof|Game 1 of a best-of-3
|t:|1757729144
|gametype|doubles
|player|p1|BurnStatists|alder|1057
|player|p2|luissc.07|bellelba|1053
|gen|9
|tier|[Gen 9] VGC 2025 Reg H (Bo3)
|rated|
|rule|Species Clause: Limit one of each Pokémon
|rule|Item Clause: Limit 1 of each item
|clearpoke
|poke|p1|Blaziken, L50, M|
|poke|p1|Honchkrow, L50, F|
|poke|p1|Tyranitar, L50, F|
|poke|p1|Gyarados, L50, M|
|poke|p1|Gholdengo, L50|
|poke|p1|Archaludon, L50, M|
|poke|p2|Archaludon, L50, M|
|poke|p2|Pelipper, L50, M|
|poke|p2|Rillaboom, L50, F|
|poke|p2|Kingambit, L50, F|
|poke|p2|Basculegion, L50, M|
|poke|p2|Electabuzz, L50, F|
|teampreview|4
|showteam|p1|Blaziken||FocusSash|SpeedBoost|BlazeKick,CloseCombat,UpperHand,RockSlide|||M|||50|,,,,,Rock]Honchkrow||ScopeLens|SuperLuck|SuckerPunch,NightSlash,BraveBird,TeraBlast|||F|||50|,,,,,Ground]Tyranitar||AssaultVest|SandStream|IronHead,RockSlide,HighHorsepower,KnockOff|||F|||50|,,,,,Ghost]Gyarados||ClearAmulet|Moxie|DragonDance,Waterfall,Earthquake,IceFang|||M|||50|,,,,,Ground]Gholdengo||MetalCoat|GoodasGold|NastyPlot,MakeItRain,ShadowBall,Protect||||||50|,,,,,Steel]Archaludon||PowerHerb|Stamina|ElectroShot,DragonPulse,FlashCannon,Thunderbolt|||M|||50|,,,,,Electric
|showteam|p2|Archaludon||AssaultVest|Stamina|ElectroShot,BodyPress,FlashCannon,DracoMeteor|||M|||50|,,,,,Fairy]Pelipper||FocusSash|Drizzle|WeatherBall,Hurricane,Tailwind,Protect|||M|||50|,,,,,Water]Rillaboom||LoadedDice|GrassySurge|FakeOut,GrassyGlide,HighHorsepower,BulletSeed|||F|||50|,,,,,Fire]Kingambit||BlackGlasses|Defiant|SuckerPunch,KowtowCleave,SwordsDance,Protect|||F|||50|,,,,,Dark]Basculegion||ChoiceBand|SwiftSwim|WaveCrash,LastRespects,FlipTurn,AquaJet|||M|||50|,,,,,Grass]Electabuzz||Eviolite|VitalSpirit|Electroweb,Taunt,FollowMe,Protect|||F|||50|,,,,,Electric
|inactive|Battle timer is ON: inactive players will automatically lose when time's up. (requested by BurnStatists)
|
|t:|1757729183
|teamsize|p1|4
|teamsize|p2|4
|start
|switch|p1a: Blaziken|Blaziken, L50, M|100/100
|switch|p1b: Honchkrow|Honchkrow, L50, F|100/100
|switch|p2a: Pelipper|Pelipper, L50, M|100/100
|switch|p2b: Archaludon|Archaludon, L50, M|100/100
|-weather|RainDance|[from] ability: Drizzle|[of] p2a: Pelipper
|turn|1
|inactive|BurnStatists has 30 seconds left.
|inactive|luissc.07 has 30 seconds left.
|inactive|BurnStatists has 20 seconds left.
|inactive|luissc.07 has 20 seconds left.
|inactive|BurnStatists has 15 seconds left.
|inactive|luissc.07 has 15 seconds left.
|inactive|luissc.07 has 10 seconds left.
|inactive|BurnStatists has 10 seconds left.
|inactive|luissc.07 has 5 seconds left.
|
|t:|1757729237
|switch|p1b: Tyranitar|Tyranitar, L50, F|100/100
|-weather|Sandstorm|[from] ability: Sand Stream|[of] p1b: Tyranitar
|-terastallize|p1a: Blaziken|Rock
|move|p1a: Blaziken|Close Combat|p2b: Archaludon
|-supereffective|p2b: Archaludon
|-crit|p2b: Archaludon
|-damage|p2b: Archaludon|0 fnt
|-unboost|p1a: Blaziken|def|1
|-unboost|p1a: Blaziken|spd|1
|faint|p2b: Archaludon
|move|p2a: Pelipper|Hurricane|p1a: Blaziken|[miss]
|-miss|p2a: Pelipper|p1a: Blaziken
|
|-weather|Sandstorm|[upkeep]
|-damage|p2a: Pelipper|95/100|[from] Sandstorm
|-ability|p1a: Blaziken|Speed Boost|boost
|-boost|p1a: Blaziken|spe|1
|upkeep
|
|t:|1757729261
|switch|p2b: Electabuzz|Electabuzz, L50, F|100/100
|turn|2
|
|t:|1757729273
|move|p1a: Blaziken|Rock Slide|p2b: Electabuzz|[spread] p2a,p2b
|-supereffective|p2a: Pelipper
|-damage|p2a: Pelipper|15/100
|-damage|p2b: Electabuzz|76/100
|move|p2b: Electabuzz|Electroweb|p1a: Blaziken|[spread] p1a
|-miss|p2b: Electabuzz|p1b: Tyranitar
|-damage|p1a: Blaziken|78/100
|-unboost|p1a: Blaziken|spe|1
|move|p1b: Tyranitar|Rock Slide|p2a: Pelipper|[spread] p2a,p2b
|-supereffective|p2a: Pelipper
|-crit|p2a: Pelipper
|-damage|p2a: Pelipper|0 fnt
|-damage|p2b: Electabuzz|49/100
|faint|p2a: Pelipper
|
|-weather|Sandstorm|[upkeep]
|-damage|p2b: Electabuzz|44/100|[from] Sandstorm
|-ability|p1a: Blaziken|Speed Boost|boost
|-boost|p1a: Blaziken|spe|1
|upkeep
|
|t:|1757729284
|switch|p2a: Kingambit|Kingambit, L50, F|100/100
|turn|3
|
|t:|1757729295
|move|p2b: Electabuzz|Follow Me|p2b: Electabuzz
|-singleturn|p2b: Electabuzz|move: Follow Me
|move|p1a: Blaziken|Close Combat|p2b: Electabuzz
|-damage|p2b: Electabuzz|0 fnt
|-unboost|p1a: Blaziken|def|1
|-unboost|p1a: Blaziken|spd|1
|faint|p2b: Electabuzz
|move|p1b: Tyranitar|Rock Slide|p2a: Kingambit
|-resisted|p2a: Kingambit
|-damage|p2a: Kingambit|87/100
|move|p2a: Kingambit|Swords Dance|p2a: Kingambit
|-boost|p2a: Kingambit|atk|2
|
|-weather|Sandstorm|[upkeep]
|-ability|p1a: Blaziken|Speed Boost|boost
|-boost|p1a: Blaziken|spe|1
|upkeep
|turn|4
|
|t:|1757729312
|-terastallize|p2a: Kingambit|Dark
|move|p1a: Blaziken|Upper Hand|p2a: Kingambit
|-supereffective|p2a: Kingambit
|-damage|p2a: Kingambit|40/100
|cant|p2a: Kingambit|flinch
|move|p1b: Tyranitar|High Horsepower|p2a: Kingambit
|-damage|p2a: Kingambit|15/100
|
|-weather|Sandstorm|[upkeep]
|-damage|p2a: Kingambit|10/100|[from] Sandstorm
|-ability|p1a: Blaziken|Speed Boost|boost
|-boost|p1a: Blaziken|spe|1
|upkeep
|turn|5
|
|t:|1757729329
|move|p2a: Kingambit|Sucker Punch|p1a: Blaziken
|-damage|p1a: Blaziken|0 fnt
|faint|p1a: Blaziken
|move|p1b: Tyranitar|Knock Off|p2a: Kingambit
|-resisted|p2a: Kingambit
|-damage|p2a: Kingambit|0 fnt
|-enditem|p2a: Kingambit|Black Glasses|[from] move: Knock Off|[of] p1b: Tyranitar
|faint|p2a: Kingambit
|
|win|BurnStatists
|inactive|BurnStatists has 30 seconds to confirm battle start!
|inactive|luissc.07 has 30 seconds to confirm battle start!
||luissc.07 is ready for game 2.
||BurnStatists is ready for game 2.
|uhtml|next|Next: Game 2 of 3
