|j|☆x-3 demon
|j|☆Arkhept
|html|x-3 demonArkhept    
|uhtml|bestof|Game 1 of a best-of-3
|t:|1756855146
|gametype|doubles
|player|p1|x-3 demon|boarder-gen2|1257
|player|p2|Arkhept|misty|1292
|gen|9
|tier|[Gen 9] VGC 2025 Reg H (Bo3)
|rated|
|rule|Species Clause: Limit one of each Pokémon
|rule|Item Clause: Limit 1 of each item
|clearpoke
|poke|p1|Dragonite, L50, F|
|poke|p1|Sinistcha, L50|
|poke|p1|Ursaluna, L50, F|
|poke|p1|Gholdengo, L50|
|poke|p1|Incineroar, L50, M|
|poke|p1|Ninetales-Alola, L50, M|
|poke|p2|Sylveon, L50, F|
|poke|p2|Whimsicott, L50, F|
|poke|p2|Farigiraf, L50, F|
|poke|p2|Incineroar, L50, M|
|poke|p2|Dragapult, L50, F|
|poke|p2|Ursaluna-Bloodmoon, L50, M|
|teampreview|4
|showteam|p1|Dragonite||LoadedDice|Multiscale|ScaleShot,Haze,Tailwind,Protect|||F|||50|,,,,,Fairy]Sinistcha||SitrusBerry|Hospitality|MatchaGotcha,LifeDew,RagePowder,TrickRoom||||||50|,,,,,Dark]Ursaluna||FlameOrb|Guts|HeadlongRush,Earthquake,Facade,Protect|||F|||50|,,,,,Ghost]Gholdengo||LifeOrb|GoodasGold|MakeItRain,ShadowBall,NastyPlot,Protect||||||50|,,,,,Water]Incineroar||AssaultVest|Intimidate|FlareBlitz,KnockOff,FakeOut,Uturn|||M|||50|,,,,,Grass]Ninetales-Alola||FocusSash|SnowWarning|IcyWind,FreezeDry,Encore,AuroraVeil|||M|||50|,,,,,Ghost
|showteam|p2|Sylveon||ChoiceSpecs|Pixilate|HyperVoice,TeraBlast,HyperBeam,DrainingKiss|||F|||50|,,,,,Fairy]Whimsicott||FocusSash|Prankster|Moonblast,Tailwind,Encore,HelpingHand|||F|||50|,,,,,Ghost]Farigiraf||ThroatSpray|ArmorTail|HyperVoice,ShadowBall,TrickRoom,Protect|||F|||50|,,,,,Fire]Incineroar||SafetyGoggles|Intimidate|FakeOut,FlareBlitz,KnockOff,PartingShot|||M|||50|,,,,,Ghost]Dragapult||ChoiceBand|ClearBody|DragonDarts,Uturn,TeraBlast,PhantomForce|||F|||50|,,,,,Ghost]Ursaluna-Bloodmoon||AssaultVest|MindsEye|HyperVoice,BloodMoon,VacuumWave,EarthPower|||M|||50|,,,,,Water
|inactive|Battle timer is ON: inactive players will automatically lose when time's up. (requested by Arkhept)
|inactive|x-3 demon has 60 seconds left.
|
|t:|1756855228
|teamsize|p1|4
|teamsize|p2|4
|start
|switch|p1a: Dragonite|Dragonite, L50, F|100/100
|switch|p1b: Incineroar|Incineroar, L50, M|100/100
|switch|p2a: Sylveon|Sylveon, L50, F, shiny|100/100
|switch|p2b: Farigiraf|Farigiraf, L50, F|100/100
|-ability|p1b: Incineroar|Intimidate|boost
|-unboost|p2a: Sylveon|atk|1
|-unboost|p2b: Farigiraf|atk|1
|turn|1
|inactive|x-3 demon has 30 seconds left.
|inactive|x-3 demon has 20 seconds left.
|inactive|x-3 demon has 15 seconds left.
|inactive|x-3 demon has 10 seconds left.
|
|t:|1756855275
|-terastallize|p1a: Dragonite|Fairy
|move|p2b: Farigiraf|Protect|p2b: Farigiraf
|-singleturn|p2b: Farigiraf|Protect
|move|p1a: Dragonite|Scale Shot|p2b: Farigiraf
|-activate|p2b: Farigiraf|move: Protect
|move|p2a: Sylveon|Hyper Voice|p1a: Dragonite|[spread] p1a,p1b
|-damage|p1a: Dragonite|70/100
|-damage|p1b: Incineroar|64/100
|move|p1b: Incineroar|Knock Off|p2b: Farigiraf
|-activate|p2b: Farigiraf|move: Protect
|
|upkeep
|turn|2
|inactive|x-3 demon has 30 seconds left.
|inactive|Arkhept has 30 seconds left.
|inactive|x-3 demon has 20 seconds left.
|inactive|x-3 demon has 15 seconds left.
|inactive|x-3 demon has 10 seconds left.
|
|t:|1756855320
|switch|p2b: Incineroar|Incineroar, L50, M|100/100
|-ability|p2b: Incineroar|Intimidate|boost
|-unboost|p1a: Dragonite|atk|1
|-unboost|p1b: Incineroar|atk|1
|-terastallize|p2a: Sylveon|Fairy
|move|p1a: Dragonite|Scale Shot|p2b: Incineroar
|-damage|p2b: Incineroar|91/100
|-damage|p2b: Incineroar|82/100
|-damage|p2b: Incineroar|73/100
|-damage|p2b: Incineroar|64/100
|-damage|p2b: Incineroar|54/100
|-hitcount|p2b: Incineroar|5
|-unboost|p1a: Dragonite|def|1
|-boost|p1a: Dragonite|spe|1
|move|p2a: Sylveon|Hyper Voice|p1b: Incineroar|[spread] p1a,p1b
|-damage|p1a: Dragonite|0 fnt
|-damage|p1b: Incineroar|16/100
|faint|p1a: Dragonite
|move|p1b: Incineroar|Knock Off|p2b: Incineroar
|-resisted|p2b: Incineroar
|-damage|p2b: Incineroar|42/100
|-enditem|p2b: Incineroar|Safety Goggles|[from] move: Knock Off|[of] p1b: Incineroar
|
|upkeep
|
|t:|1756855331
|switch|p1a: Gholdengo|Gholdengo, L50|100/100
|turn|3
|inactive|x-3 demon has 30 seconds left.
|inactive|Arkhept has 30 seconds left.
|inactive|x-3 demon has 20 seconds left.
|inactive|x-3 demon has 15 seconds left.
|inactive|x-3 demon has 10 seconds left.
|inactive|Arkhept has 20 seconds left.
|inactive|x-3 demon has 5 seconds left.
|
|t:|1756855382
|switch|p2a: Ursaluna|Ursaluna-Bloodmoon, L50, M|100/100
|switch|p1b: Ninetales|Ninetales-Alola, L50, M|100/100
|-weather|Snowscape|[from] ability: Snow Warning|[of] p1b: Ninetales
|move|p1a: Gholdengo|Protect|p1a: Gholdengo
|-singleturn|p1a: Gholdengo|Protect
|move|p2b: Incineroar|Knock Off|p1a: Gholdengo
|-activate|p1a: Gholdengo|move: Protect
|
|-weather|Snowscape|[upkeep]
|upkeep
|turn|4
|inactive|x-3 demon has 30 seconds left.
|inactive|x-3 demon has 20 seconds left.
|inactive|x-3 demon has 15 seconds left.
|
|t:|1756855425
|switch|p1a: Incineroar|Incineroar, L50, M|16/100
|-ability|p1a: Incineroar|Intimidate|boost
|-unboost|p2a: Ursaluna|atk|1
|-unboost|p2b: Incineroar|atk|1
|move|p1b: Ninetales|Aurora Veil|p1b: Ninetales
|-sidestart|p1: x-3 demon|move: Aurora Veil
|move|p2b: Incineroar|Knock Off|p1a: Incineroar
|-resisted|p1a: Incineroar
|-damage|p1a: Incineroar|8/100
|-enditem|p1a: Incineroar|Assault Vest|[from] move: Knock Off|[of] p2b: Incineroar
|move|p2a: Ursaluna|Blood Moon|p1a: Incineroar
|-damage|p1a: Incineroar|0 fnt
|faint|p1a: Incineroar
|
|-weather|Snowscape|[upkeep]
|upkeep
|
|t:|1756855438
|switch|p1a: Gholdengo|Gholdengo, L50|100/100
|turn|5
|
|t:|1756855457
|switch|p2a: Farigiraf|Farigiraf, L50, F|100/100
|move|p1b: Ninetales|Freeze-Dry|p2a: Farigiraf
|-damage|p2a: Farigiraf|72/100
|move|p1a: Gholdengo|Nasty Plot|p1a: Gholdengo
|-boost|p1a: Gholdengo|spa|2
|move|p2b: Incineroar|Knock Off|p1a: Gholdengo
|-supereffective|p1a: Gholdengo
|-damage|p1a: Gholdengo|65/100
|-enditem|p1a: Gholdengo|Life Orb|[from] move: Knock Off|[of] p2b: Incineroar
|
|-weather|Snowscape|[upkeep]
|upkeep
|turn|6
|inactive|x-3 demon has 30 seconds left.
|inactive|Arkhept has 30 seconds left.
|inactive|x-3 demon has 20 seconds left.
|inactive|x-3 demon has 15 seconds left.
|
|t:|1756855500
|move|p1b: Ninetales|Freeze-Dry|p2a: Farigiraf
|-damage|p2a: Farigiraf|44/100
|move|p1a: Gholdengo|Make It Rain|p2b: Incineroar|[spread] p2a,p2b
|-resisted|p2b: Incineroar
|-damage|p2a: Farigiraf|0 fnt
|-damage|p2b: Incineroar|0 fnt
|-unboost|p1a: Gholdengo|spa|1
|faint|p2a: Farigiraf
|faint|p2b: Incineroar
|
|-weather|Snowscape|[upkeep]
|upkeep
|
|t:|1756855507
|switch|p2b: Sylveon|Sylveon, L50, F, shiny, tera:Fairy|100/100
|switch|p2a: Ursaluna|Ursaluna-Bloodmoon, L50, M|100/100
|turn|7
|inactive|x-3 demon has 30 seconds left.
|
|t:|1756855536
|move|p1a: Gholdengo|Protect|p1a: Gholdengo
|-singleturn|p1a: Gholdengo|Protect
|move|p1b: Ninetales|Freeze-Dry|p2a: Ursaluna
|-supereffective|p2a: Ursaluna
|-damage|p2a: Ursaluna|57/100
|move|p2b: Sylveon|Hyper Voice|p1b: Ninetales|[spread] p1b
|-activate|p1a: Gholdengo|move: Protect
|-damage|p1b: Ninetales|39/100
|move|p2a: Ursaluna|Hyper Voice|p1a: Gholdengo|[spread] p1b
|-activate|p1a: Gholdengo|move: Protect
|-damage|p1b: Ninetales|13/100
|
|-weather|none
|upkeep
|turn|8
|inactive|x-3 demon has 30 seconds left.
|
|t:|1756855569
|move|p2a: Ursaluna|Vacuum Wave|p1b: Ninetales
|-damage|p1b: Ninetales|3/100
|move|p1b: Ninetales|Encore|p2a: Ursaluna
|-start|p2a: Ursaluna|Encore
|move|p1a: Gholdengo|Make It Rain|p2a: Ursaluna|[spread] p2a,p2b
|-supereffective|p2b: Sylveon
|-damage|p2a: Ursaluna|0 fnt
|-damage|p2b: Sylveon|0 fnt
|-unboost|p1a: Gholdengo|spa|1
|faint|p2a: Ursaluna
|faint|p2b: Sylveon
|
|win|x-3 demon
||Arkhept is ready for game 2.
|inactive|x-3 demon has 30 seconds to confirm battle start!
||x-3 demon is ready for game 2.
|uhtml|next|Next: Game 2 of 3
