|j|☆Quinten165
|j|☆TipoLucha
|html|Quinten165TipoLucha    
|uhtml|bestof|Game 1 of a best-of-3
|t:|1785487517
|gametype|doubles
|player|p1|Quinten165|2|1108
|player|p2|TipoLucha|169|1219
|gen|9
|tier|[Gen 9 Champions] VGC 2026 Reg M-B (Bo3)
|rated|
|rule|Species Clause: Limit one of each Pokémon
|rule|Item Clause: Limit 1 of each item
|clearpoke
|poke|p1|Charizard, L50, M|
|poke|p1|Glimmora, L50, M|
|poke|p1|Whimsicott, L50, F|
|poke|p1|Ninetales-Alola, L50, F|
|poke|p1|Kingambit, L50, F|
|poke|p1|Kommo-o, L50, F|
|poke|p2|Whimsicott, L50, F|
|poke|p2|Absol, L50, M|
|poke|p2|Milotic, L50, F|
|poke|p2|Scizor, L50, M|
|poke|p2|Sneasler, L50, F|
|poke|p2|Froslass, L50, F|
|teampreview|4
|showteam|p1|Charizard||CharizarditeY|Blaze|HeatWave,WeatherBall,SolarBeam,Protect|Modest||M|||50|]Glimmora||Glimmoranite|ToxicDebris|SludgeBomb,PowerGem,EarthPower,SpikyShield|Modest||M|||50|]Whimsicott||FocusSash|Prankster|Moonblast,Tailwind,Encore,Protect|Timid||F|||50|]Ninetales-Alola||NeverMeltIce|SnowWarning|Blizzard,FreezeDry,Disable,Protect|Timid||F|||50|]Kingambit||BlackGlasses|Defiant|KowtowCleave,SuckerPunch,IronHead,Protect|Adamant||F|||50|]Kommo-o||LifeOrb|Overcoat|ClangingScales,AuraSphere,VacuumWave,Protect|Modest||F|||50|
|showteam|p2|Whimsicott||FocusSash|Prankster|ShadowBall,Encore,Moonblast,Tailwind|Timid||F|||50|]Absol||ScopeLens|SuperLuck|CloseCombat,SuckerPunch,NightSlash,PsychoCut|Jolly||M|||50|]Milotic||MysticWater|Competitive|Scald,IceBeam,IcyWind,Protect|Modest||F|||50|]Scizor||Scizorite|Technician|BulletPunch,BugBite,Protect,Assurance|Adamant||M|||50|]Sneasler||WhiteHerb|Unburden|RockSlide,CloseCombat,DireClaw,FakeOut|Adamant||F|||50|]Froslass||Froslassite|SnowCloak|ShadowBall,Blizzard,AuroraVeil,Protect|Timid||F|||50|
|inactive|Battle timer is ON: inactive players will automatically lose when time's up. (requested by Quinten165)
|inactive|Quinten165 has 60 seconds left.
|inactive|Quinten165 has 30 seconds left.
|
|t:|1785487590
|teamsize|p1|4
|teamsize|p2|4
|start
|switch|p1a: Kingambit|Kingambit, L50, F|100/100
|switch|p1b: Whimsicott|Whimsicott, L50, F|100/100
|switch|p2a: Milotic|Milotic, L50, F|100/100
|switch|p2b: Sneasler|Sneasler, L50, F|100/100
|turn|1
|
|t:|1785487611
|switch|p1a: Charizard|Charizard, L50, M|100/100
|move|p1b: Whimsicott|Tailwind|p1b: Whimsicott
|-sidestart|p1: Quinten165|move: Tailwind
|move|p2b: Sneasler|Close Combat|p1a: Charizard
|-resisted|p1a: Charizard|1
|-damage|p1a: Charizard|64/100
|-unboost|p2b: Sneasler|def|1
|-unboost|p2b: Sneasler|spd|1
|-enditem|p2b: Sneasler|White Herb
|-clearnegativeboost|p2b: Sneasler|[silent]
|move|p2a: Milotic|Ice Beam|p1b: Whimsicott
|-supereffective|p1b: Whimsicott|1
|-damage|p1b: Whimsicott|11/100
|
|upkeep
|turn|2
|
|t:|1785487629
|detailschange|p1a: Charizard|Charizard-Mega-Y, L50, M
|-mega|p1a: Charizard|Charizard|Charizardite Y
|-weather|SunnyDay|[from] ability: Drought|[of] p1a: Charizard
|move|p1b: Whimsicott|Encore|p2b: Sneasler
|-start|p2b: Sneasler|Encore
|move|p2b: Sneasler|Close Combat|p1b: Whimsicott
|-resisted|p1b: Whimsicott|1
|-damage|p1b: Whimsicott|0 fnt
|-unboost|p2b: Sneasler|def|1
|-unboost|p2b: Sneasler|spd|1
|faint|p1b: Whimsicott
|move|p1a: Charizard|Solar Beam||[still]
|-prepare|p1a: Charizard|Solar Beam
|-anim|p1a: Charizard|Solar Beam|p2a: Milotic
|-supereffective|p2a: Milotic|1
|-damage|p2a: Milotic|33/100
|move|p2a: Milotic|Scald|p1a: Charizard
|-supereffective|p1a: Charizard|1
|-damage|p1a: Charizard|25/100
|
|-weather|SunnyDay|[upkeep]
|upkeep
|
|t:|1785487645
|switch|p1b: Kommo-o|Kommo-o, L50, F|100/100
|turn|3
|
|t:|1785487665
|switch|p2b: Whimsicott|Whimsicott, L50, F|100/100
|move|p2a: Milotic|Protect|p2a: Milotic
|-singleturn|p2a: Milotic|Protect
|move|p1b: Kommo-o|Clanging Scales|p2b: Whimsicott|[spread] 
|-activate|p2a: Milotic|move: Protect
|-immune|p2b: Whimsicott
|move|p1a: Charizard|Heat Wave|p2a: Milotic|[spread] p2b
|-activate|p2a: Milotic|move: Protect
|-supereffective|p2b: Whimsicott|1
|-enditem|p2b: Whimsicott|Focus Sash
|-damage|p2b: Whimsicott|1/100
|
|-weather|SunnyDay|[upkeep]
|upkeep
|turn|4
|
|t:|1785487686
|move|p1b: Kommo-o|Vacuum Wave|p2b: Whimsicott
|-resisted|p2b: Whimsicott|1
|-damage|p2b: Whimsicott|0 fnt
|faint|p2b: Whimsicott
|-damage|p1b: Kommo-o|90/100|[from] item: Life Orb
|move|p1a: Charizard|Solar Beam||[still]
|-prepare|p1a: Charizard|Solar Beam
|-anim|p1a: Charizard|Solar Beam|p2a: Milotic
|-supereffective|p2a: Milotic|1
|-damage|p2a: Milotic|0 fnt
|faint|p2a: Milotic
|
|-weather|SunnyDay|[upkeep]
|-sideend|p1: Quinten165|move: Tailwind
|upkeep
|
|t:|1785487689
|switch|p2b: Froslass|Froslass, L50, F|100/100
|switch|p2a: Sneasler|Sneasler, L50, F|100/100
|turn|5
|
|t:|1785487711
|switch|p1a: Kingambit|Kingambit, L50, F|100/100
|detailschange|p2b: Froslass|Froslass-Mega, L50, F
|-mega|p2b: Froslass|Froslass|Froslassite
|-weather|Snowscape|[from] ability: Snow Warning|[of] p2b: Froslass
|move|p1b: Kommo-o|Protect|p1b: Kommo-o
|-singleturn|p1b: Kommo-o|Protect
|move|p2b: Froslass|Blizzard|p1b: Kommo-o|[spread] p1a
|-activate|p1b: Kommo-o|move: Protect
|-resisted|p1a: Kingambit|1
|-damage|p1a: Kingambit|75/100
|move|p2a: Sneasler|Close Combat|p1a: Kingambit
|-supereffective|p1a: Kingambit|2
|-damage|p1a: Kingambit|0 fnt
|-unboost|p2a: Sneasler|def|1
|-unboost|p2a: Sneasler|spd|1
|faint|p1a: Kingambit
|
|-weather|Snowscape|[upkeep]
|upkeep
|
|t:|1785487725
|switch|p1a: Charizard|Charizard-Mega-Y, L50, M|25/100
|-weather|SunnyDay|[from] ability: Drought|[of] p1a: Charizard
|turn|6
|
|t:|1785487731
|move|p2b: Froslass|Blizzard|p1a: Charizard|[spread] p1b
|-miss|p2b: Froslass|p1a: Charizard
|-supereffective|p1b: Kommo-o|1
|-damage|p1b: Kommo-o|0 fnt
|faint|p1b: Kommo-o
|move|p2a: Sneasler|Rock Slide|p1a: Charizard
|-supereffective|p1a: Charizard|2
|-damage|p1a: Charizard|0 fnt
|faint|p1a: Charizard
|
|win|TipoLucha
||TipoLucha is ready for game 2.
