|j|☆minhbeoteam
|j|☆FerKillerVGC
|html|minhbeoteamFerKillerVGC    
|uhtml|bestof|Game 3 of a best-of-3
|t:|1782187095
|gametype|doubles
|player|p1|minhbeoteam|101|1094
|player|p2|FerKillerVGC|102|1140
|gen|9
|tier|[Gen 9 Champions] VGC 2026 Reg M-B (Bo3)
|rated|
|rule|Species Clause: Limit one of each Pokémon
|rule|Item Clause: Limit 1 of each item
|clearpoke
|poke|p1|Beedrill, L50, M, shiny|
|poke|p1|Sneasler, L50, M|
|poke|p1|Clefable, L50, F|
|poke|p1|Basculegion, L50, M|
|poke|p1|Pelipper, L50, M|
|poke|p1|Metagross, L50|
|poke|p2|Snorlax, L50, F|
|poke|p2|Sableye, L50, M|
|poke|p2|Armarouge, L50, M|
|poke|p2|Clefable, L50, F|
|poke|p2|Kingambit, L50, M|
|poke|p2|Venusaur, L50, F|
|teampreview|4
|showteam|p1|Beedrill||Beedrillite|Swarm|Protect,FellStinger,PoisonJab,DrillRun|Adamant||M|||50|]Sneasler||FocusSash|Unburden|FakeOut,CloseCombat,ThroatChop,Protect|Adamant||M|||50|]Clefable||SitrusBerry|Unaware|Moonblast,FollowMe,IceBeam,HelpingHand|Bold||F|||50|]Basculegion||ChoiceScarf|Adaptability|FlipTurn,WaveCrash,LastRespects,ScaleShot|Adamant||M|||50|]Pelipper||DampRock|Drizzle|WideGuard,Hurricane,WeatherBall,Tailwind|Timid||M|||50|]Metagross||Metagrossite|ClearBody|BulletPunch,PsychicFangs,IcePunch,Protect|Adamant|||||50|
|showteam|p2|Snorlax||SitrusBerry|ThickFat|Facade,BodyPress,Stockpile,Recycle|Impish||F|||50|]Sableye||RoseliBerry|Prankster|FoulPlay,WillOWisp,Quash,FakeOut|Careful||M|||50|]Armarouge||FocusSash|FlashFire|HeatWave,Psychic,WideGuard,TrickRoom|Quiet||M|||50|]Clefable||Clefablite|Unaware|Moonblast,Flamethrower,FollowMe,Protect|Bold||F|||50|]Kingambit||BlackGlasses|Defiant|KowtowCleave,IronHead,SuckerPunch,Protect|Adamant||M|||50|]Venusaur||Venusaurite|Chlorophyll|SludgeBomb,GigaDrain,EarthPower,Protect|Modest||F|||50|
|inactive|Battle timer is ON: inactive players will automatically lose when time's up. (requested by FerKillerVGC)
|
|t:|1782187135
|teamsize|p1|4
|teamsize|p2|4
|start
|switch|p1a: Potential Mon|Beedrill, L50, M, shiny|100/100
|switch|p1b: Follow me pls|Clefable, L50, F|100/100
|switch|p2a: Sableye|Sableye, L50, M|100/100
|switch|p2b: Venusaur|Venusaur, L50, F|100/100
|turn|1
|
|t:|1782187152
|detailschange|p2b: Venusaur|Venusaur-Mega, L50, F
|-mega|p2b: Venusaur|Venusaur|Venusaurite
|detailschange|p1a: Potential Mon|Beedrill-Mega, L50, M, shiny
|-mega|p1a: Potential Mon|Beedrill|Beedrillite
|move|p1b: Follow me pls|Helping Hand|p1a: Potential Mon
|-singleturn|p1a: Potential Mon|Helping Hand|[of] p1b: Follow me pls
|move|p2a: Sableye|Fake Out|p1a: Potential Mon
|-damage|p1a: Potential Mon|82/100
|cant|p1a: Potential Mon|flinch
|move|p2b: Venusaur|Sludge Bomb|p1b: Follow me pls
|-supereffective|p1b: Follow me pls|1
|-damage|p1b: Follow me pls|13/100
|-enditem|p1b: Follow me pls|Sitrus Berry|[eat]
|-heal|p1b: Follow me pls|38/100|[from] item: Sitrus Berry
|
|upkeep
|turn|2
|
|t:|1782187174
|move|p1b: Follow me pls|Helping Hand|p1a: Potential Mon
|-singleturn|p1a: Potential Mon|Helping Hand|[of] p1b: Follow me pls
|move|p2a: Sableye|Will-O-Wisp|p1a: Potential Mon
|-status|p1a: Potential Mon|brn
|move|p1a: Potential Mon|Fell Stinger|p2a: Sableye
|-damage|p2a: Sableye|54/100
|move|p2b: Venusaur|Sludge Bomb|p1b: Follow me pls
|-supereffective|p1b: Follow me pls|1
|-damage|p1b: Follow me pls|0 fnt
|faint|p1b: Follow me pls
|
|-damage|p1a: Potential Mon|76/100 brn|[from] brn
|upkeep
|
|t:|1782187186
|switch|p1b: Rain Man|Pelipper, L50, M|100/100
|-weather|RainDance|[from] ability: Drizzle|[of] p1b: Rain Man
|turn|3
|inactive|FerKillerVGC has 30 seconds left.
|inactive|FerKillerVGC has 20 seconds left.
|inactive|FerKillerVGC has 15 seconds left.
|
|t:|1782187227
|move|p1a: Potential Mon|Drill Run|p2b: Venusaur
|-damage|p2b: Venusaur|86/100
|move|p2b: Venusaur|Giga Drain|p1b: Rain Man
|-damage|p1b: Rain Man|37/100
|-heal|p2b: Venusaur|100/100|[from] drain|[of] p1b: Rain Man
|move|p1b: Rain Man|Hurricane|p2b: Venusaur
|-supereffective|p2b: Venusaur|1
|-damage|p2b: Venusaur|18/100
|-start|p2b: Venusaur|confusion
|move|p2a: Sableye|Foul Play|p1a: Potential Mon
|-damage|p1a: Potential Mon|0 fnt
|faint|p1a: Potential Mon
|
|-weather|RainDance|[upkeep]
|upkeep
|
|t:|1782187240
|switch|p1a: IDK|Sneasler, L50, M|100/100
|turn|4
|
|t:|1782187251
|-activate|p2b: Venusaur|confusion
|move|p2b: Venusaur|Protect|p2b: Venusaur
|-singleturn|p2b: Venusaur|Protect
|move|p1a: IDK|Fake Out|p2b: Venusaur
|-activate|p2b: Venusaur|move: Protect
|move|p2a: Sableye|Will-O-Wisp|p1a: IDK
|-status|p1a: IDK|brn
|move|p1b: Rain Man|Hurricane|p2b: Venusaur
|-activate|p2b: Venusaur|move: Protect
|
|-weather|RainDance|[upkeep]
|-damage|p1a: IDK|94/100 brn|[from] brn
|upkeep
|turn|5
|
|t:|1782187265
|move|p2a: Sableye|Quash|p1a: IDK
|-activate|p1a: IDK|move: Quash
|-end|p2b: Venusaur|confusion
|move|p2b: Venusaur|Giga Drain|p1b: Rain Man
|-damage|p1b: Rain Man|0 fnt
|-heal|p2b: Venusaur|32/100|[from] drain|[of] p1b: Rain Man
|faint|p1b: Rain Man
|move|p1a: IDK|Close Combat|p2b: Venusaur
|-resisted|p2b: Venusaur|1
|-damage|p2b: Venusaur|18/100
|-unboost|p1a: IDK|def|1
|-unboost|p1a: IDK|spd|1
|
|-weather|RainDance|[upkeep]
|-damage|p1a: IDK|88/100 brn|[from] brn
|upkeep
|turn|6
|-message|minhbeoteam forfeited.
|
|win|FerKillerVGC
|raw|minhbeoteam's rating: 1094 → 1073(-21 for losing)
|raw|FerKillerVGC's rating: 1140 → 1162(+22 for winning)
|l|☆minhbeoteam
|player|p1|
