|j|☆daarpavgc
|j|☆orphan of koss
|html|daarpavgcorphan of koss    
|uhtml|bestof|Game 1 of a best-of-3
|t:|1757666910
|gametype|doubles
|player|p1|daarpavgc|266|1101
|player|p2|orphan of koss|guitarist|1162
|gen|9
|tier|[Gen 9] VGC 2025 Reg H (Bo3)
|rated|
|rule|Species Clause: Limit one of each Pokémon
|rule|Item Clause: Limit 1 of each item
|clearpoke
|poke|p1|Malamar, L50, M|
|poke|p1|Dondozo, L50, M|
|poke|p1|Glimmora, L50, F|
|poke|p1|Incineroar, L50, M|
|poke|p1|Arboliva, L50, F|
|poke|p1|Dragonite, L50, M|
|poke|p2|Torkoal, L50, M|
|poke|p2|Indeedee-F, L50, F|
|poke|p2|Armarouge, L50, M|
|poke|p2|Ursaluna, L50, M|
|poke|p2|Kingambit, L50, M|
|poke|p2|Maushold, L50|
|teampreview|4
|showteam|p1|Malamar||SitrusBerry|Contrary|Superpower,Protect,KnockOff,Taunt|||M|||50|,,,,,Fighting]Dondozo||Leftovers|Unaware|Bulldoze,WaveCrash,Avalanche,Protect|||M|||50|,,,,,Grass]Glimmora||FocusSash|ToxicDebris|SpikyShield,MortalSpin,EarthPower,SludgeBomb|||F|||50|,,,,,Flying]Incineroar||AssaultVest|Intimidate|Uturn,FakeOut,FlareBlitz,KnockOff|||M|||50|,,,,,Ghost]Arboliva||LifeOrb|SeedSower|GigaDrain,HyperVoice,EarthPower,Protect|||F|||50|,,,,,Fairy]Dragonite||LoadedDice|Multiscale|Tailwind,ScaleShot,ExtremeSpeed,Haze|||M|||50|,,,,,Fairy
|showteam|p2|Torkoal||Charcoal|Drought|Eruption,Overheat,HelpingHand,Protect|||M|||50|,,,,,Fire]Indeedee-F||SafetyGoggles|PsychicSurge|FollowMe,Psychic,TrickRoom,HelpingHand|||F|||50|,,,,,Water]Armarouge||PowerHerb|FlashFire|ArmorCannon,MeteorBeam,ExpandingForce,TrickRoom|||M|||50|,,,,,Grass]Ursaluna||FlameOrb|Guts|Facade,HeadlongRush,Earthquake,Protect|||M|||50|,,,,,Ghost]Kingambit||AssaultVest|Defiant|KowtowCleave,IronHead,SuckerPunch,LowKick|||M|||50|,,,,,Flying]Maushold||WideLens|Technician|PopulationBomb,FollowMe,Taunt,Protect||||||50|,,,,,Ghost
|inactive|Battle timer is ON: inactive players will automatically lose when time's up. (requested by orphan of koss)
|inactive|orphan of koss has 60 seconds left.
|inactive|orphan of koss has 30 seconds left.
|
|t:|1757666988
|teamsize|p1|4
|teamsize|p2|4
|start
|switch|p1a: Malamar|Malamar, L50, M, shiny|100/100
|switch|p1b: Arboliva|Arboliva, L50, F, shiny|100/100
|switch|p2a: Kingambit|Kingambit, L50, M|100/100
|switch|p2b: Indeedee|Indeedee-F, L50, F|100/100
|-fieldstart|move: Psychic Terrain|[from] ability: Psychic Surge|[of] p2b: Indeedee
|turn|1
|inactive|daarpavgc has 30 seconds left.
|inactive|orphan of koss has 30 seconds left.
|inactive|daarpavgc has 20 seconds left.
|inactive|daarpavgc has 15 seconds left.
|inactive|daarpavgc has 10 seconds left.
|inactive|daarpavgc has 5 seconds left.
|
|t:|1757667038
|move|p2b: Indeedee|Follow Me|p2b: Indeedee
|-singleturn|p2b: Indeedee|move: Follow Me
|move|p1a: Malamar|Superpower|p2b: Indeedee
|-damage|p2b: Indeedee|68/100
|-boost|p1a: Malamar|atk|1
|-boost|p1a: Malamar|def|1
|move|p2a: Kingambit|Kowtow Cleave|p1a: Malamar
|-damage|p1a: Malamar|68/100
|move|p1b: Arboliva|Hyper Voice|p2b: Indeedee|[spread] p2a,p2b
|-resisted|p2a: Kingambit
|-damage|p2a: Kingambit|85/100
|-damage|p2b: Indeedee|26/100
|-damage|p1b: Arboliva|91/100|[from] item: Life Orb
|
|upkeep
|turn|2
|inactive|daarpavgc has 30 seconds left.
|inactive|orphan of koss has 30 seconds left.
|
|t:|1757667071
|move|p2b: Indeedee|Follow Me|p2b: Indeedee
|-singleturn|p2b: Indeedee|move: Follow Me
|move|p1a: Malamar|Superpower|p2b: Indeedee
|-damage|p2b: Indeedee|0 fnt
|-boost|p1a: Malamar|atk|1
|-boost|p1a: Malamar|def|1
|faint|p2b: Indeedee
|move|p2a: Kingambit|Kowtow Cleave|p1b: Arboliva
|-damage|p1b: Arboliva|36/100
|-fieldstart|move: Grassy Terrain|[from] ability: Seed Sower|[of] p1b: Arboliva
|move|p1b: Arboliva|Hyper Voice|p2a: Kingambit
|-resisted|p2a: Kingambit
|-damage|p2a: Kingambit|64/100
|-damage|p1b: Arboliva|26/100|[from] item: Life Orb
|
|-heal|p1a: Malamar|74/100|[from] Grassy Terrain
|-heal|p2a: Kingambit|70/100|[from] Grassy Terrain
|-heal|p1b: Arboliva|32/100|[from] Grassy Terrain
|upkeep
|
|t:|1757667090
|switch|p2b: Armarouge|Armarouge, L50, M|100/100
|turn|3
|
|t:|1757667115
|-terastallize|p2b: Armarouge|Grass
|move|p1b: Arboliva|Protect|p1b: Arboliva
|-singleturn|p1b: Arboliva|Protect
|move|p1a: Malamar|Knock Off|p2b: Armarouge
|-damage|p2b: Armarouge|19/100
|-enditem|p2b: Armarouge|Power Herb|[from] move: Knock Off|[of] p1a: Malamar
|move|p2a: Kingambit|Kowtow Cleave|p1b: Arboliva
|-activate|p1b: Arboliva|move: Protect
|move|p2b: Armarouge|Trick Room|p2b: Armarouge
|-fieldstart|move: Trick Room|[of] p2b: Armarouge
|
|-heal|p1b: Arboliva|38/100|[from] Grassy Terrain
|-heal|p2b: Armarouge|25/100|[from] Grassy Terrain
|-heal|p2a: Kingambit|75/100|[from] Grassy Terrain
|-heal|p1a: Malamar|80/100|[from] Grassy Terrain
|upkeep
|turn|4
|inactive|daarpavgc has 30 seconds left.
|inactive|daarpavgc has 20 seconds left.
|inactive|daarpavgc has 15 seconds left.
|
|t:|1757667159
|switch|p1b: Incineroar|Incineroar, L50, M|100/100
|-ability|p1b: Incineroar|Intimidate|boost
|-unboost|p2a: Kingambit|atk|1
|-ability|p2a: Kingambit|Defiant|boost
|-boost|p2a: Kingambit|atk|2
|-unboost|p2b: Armarouge|atk|1
|move|p2a: Kingambit|Sucker Punch||[still]
|-fail|p2a: Kingambit
|move|p2b: Armarouge|Armor Cannon|p1a: Malamar
|-damage|p1a: Malamar|6/100
|-unboost|p2b: Armarouge|def|1
|-unboost|p2b: Armarouge|spd|1
|-enditem|p1a: Malamar|Sitrus Berry|[eat]
|-heal|p1a: Malamar|31/100|[from] item: Sitrus Berry
|move|p1a: Malamar|Superpower|p2a: Kingambit
|-supereffective|p2a: Kingambit
|-damage|p2a: Kingambit|0 fnt
|-boost|p1a: Malamar|atk|1
|-boost|p1a: Malamar|def|1
|faint|p2a: Kingambit
|
|-heal|p2b: Armarouge|32/100|[from] Grassy Terrain
|-heal|p1a: Malamar|37/100|[from] Grassy Terrain
|upkeep
|
|t:|1757667176
|switch|p2a: Ursaluna|Ursaluna, L50, M|100/100
|turn|5
|inactive|daarpavgc has 30 seconds left.
|
|t:|1757667205
|switch|p1a: Dragonite|Dragonite, L50, M, shiny|100/100
|move|p1b: Incineroar|Fake Out|p2a: Ursaluna
|-damage|p2a: Ursaluna|93/100
|cant|p2a: Ursaluna|flinch
|move|p2b: Armarouge|Armor Cannon|p1a: Dragonite
|-resisted|p1a: Dragonite
|-damage|p1a: Dragonite|86/100
|-unboost|p2b: Armarouge|def|1
|-unboost|p2b: Armarouge|spd|1
|
|-heal|p2a: Ursaluna|99/100|[from] Grassy Terrain
|-heal|p2b: Armarouge|38/100|[from] Grassy Terrain
|-status|p2a: Ursaluna|brn|[from] item: Flame Orb
|upkeep
|turn|6
|inactive|daarpavgc has 30 seconds left.
|inactive|orphan of koss has 30 seconds left.
|
|t:|1757667235
|switch|p1b: Malamar|Malamar, L50, M, shiny|37/100
|move|p1a: Dragonite|Extreme Speed|p2b: Armarouge
|-damage|p2b: Armarouge|0 fnt
|faint|p2b: Armarouge
|move|p2a: Ursaluna|Facade|p1a: Dragonite
|-damage|p1a: Dragonite|0 fnt
|faint|p1a: Dragonite
|
|-heal|p2a: Ursaluna|100/100 brn|[from] Grassy Terrain
|-heal|p1b: Malamar|43/100|[from] Grassy Terrain
|-damage|p2a: Ursaluna|95/100 brn|[from] brn
|-fieldend|move: Grassy Terrain
|upkeep
|
|t:|1757667252
|switch|p1a: Incineroar|Incineroar, L50, M|100/100
|-ability|p1a: Incineroar|Intimidate|boost
|-unboost|p2a: Ursaluna|atk|1
|turn|7
|
|t:|1757667259
|move|p2a: Ursaluna|Protect|p2a: Ursaluna
|-singleturn|p2a: Ursaluna|Protect
|move|p1a: Incineroar|Fake Out|p2a: Ursaluna
|-activate|p2a: Ursaluna|move: Protect
|move|p1b: Malamar|Superpower|p2a: Ursaluna
|-activate|p2a: Ursaluna|move: Protect
|
|-damage|p2a: Ursaluna|89/100 brn|[from] brn
|-fieldend|move: Trick Room
|upkeep
|turn|8
|
|t:|1757667269
|move|p1b: Malamar|Superpower|p2a: Ursaluna
|-supereffective|p2a: Ursaluna
|-damage|p2a: Ursaluna|43/100 brn
|-boost|p1b: Malamar|atk|1
|-boost|p1b: Malamar|def|1
|move|p1a: Incineroar|U-turn|p2a: Ursaluna
|-damage|p2a: Ursaluna|30/100 brn
|
|t:|1757667276
|switch|p1a: Arboliva|Arboliva, L50, F, shiny|38/100|[from] U-turn
|move|p2a: Ursaluna|Earthquake|p1a: Arboliva|[spread] p1a,p1b
|-resisted|p1a: Arboliva
|-damage|p1a: Arboliva|16/100
|-damage|p1b: Malamar|15/100
|-fieldstart|move: Grassy Terrain|[from] ability: Seed Sower|[of] p1a: Arboliva
|
|-heal|p1b: Malamar|21/100|[from] Grassy Terrain
|-heal|p1a: Arboliva|22/100|[from] Grassy Terrain
|-heal|p2a: Ursaluna|36/100 brn|[from] Grassy Terrain
|-damage|p2a: Ursaluna|30/100 brn|[from] brn
|upkeep
|turn|9
|-message|orphan of koss forfeited.
|
|win|daarpavgc
|l|☆orphan of koss
|player|p2|
||orphan of koss is ready for game 2.
|inactive|daarpavgc has 30 seconds to confirm battle start!
||daarpavgc is ready for game 2.
|uhtml|next|Next: Game 2 of 3
