|j|☆Jakobtc
|j|☆KodeBeast0526
|html|JakobtcKodeBeast0526    
|uhtml|bestof|Game 1 of a best-of-3
|t:|1757699447
|gametype|doubles
|player|p1|Jakobtc|riley|1142
|player|p2|KodeBeast0526|wattson|1205
|gen|9
|tier|[Gen 9] VGC 2025 Reg H (Bo3)
|rated|
|rule|Species Clause: Limit one of each Pokémon
|rule|Item Clause: Limit 1 of each item
|clearpoke
|poke|p1|Drifblim, L50, F|
|poke|p1|Indeedee, L50, M|
|poke|p1|Arcanine-Hisui, L50, M|
|poke|p1|Garchomp, L50, M|
|poke|p1|Amoonguss, L50, F|
|poke|p1|Primarina, L50, M|
|poke|p2|Excadrill, L50, F|
|poke|p2|Tyranitar, L50, M|
|poke|p2|Sneasler, L50, M|
|poke|p2|Indeedee, L50, M|
|poke|p2|Corviknight, L50, M|
|poke|p2|Annihilape, L50, M|
|teampreview|4
|showteam|p1|Drifblim||PsychicSeed|Unburden|Tailwind,StrengthSap,WillOWisp,Acrobatics|||F|||50|,,,,,Grass]Indeedee||FocusSash|PsychicSurge|ExpandingForce,TeraBlast,SkillSwap,Protect|||M|||50|,,,,,Fighting]Arcanine-Hisui||ChoiceBand|Intimidate|RockSlide,FlareBlitz,ExtremeSpeed,CloseCombat|||M|||50|,,,,,Grass]Garchomp||LifeOrb|RoughSkin|StompingTantrum,DragonClaw,Earthquake,Protect|||M|||50|,,,,,Ground]Amoonguss||SitrusBerry|Regenerator|Spore,LeafStorm,RagePowder,Protect|||F|||50|,,,,,Water]Primarina||MysticWater|LiquidVoice|HyperVoice,Moonblast,Haze,Protect|||M|||50|,,,,,Steel
|showteam|p2|Excadrill||FocusSash|SandRush|IronHead,HighHorsepower,Earthquake,Protect|||F|||50|,,,,,Stellar]Tyranitar||AssaultVest|SandStream|RockSlide,KnockOff,TeraBlast,LowKick|||M|||50|,,,,,Flying]Sneasler||PsychicSeed|Unburden|DireClaw,CloseCombat,ThroatChop,Protect|||M|||50|,,,,,Dark]Indeedee||ChoiceScarf|PsychicSurge|ExpandingForce,TeraBlast,Protect,Trick|||M|||50|,,,,,Psychic]Corviknight||Leftovers|MirrorArmor|BraveBird,BulkUp,Roost,Tailwind|||M|||50|,,,,,Dragon]Annihilape||SafetyGoggles|Defiant|CloseCombat,FinalGambit,RageFist,Taunt|||M|||50|,,,,,Water
|c|☆Jakobtc|glhf
|inactive|Battle timer is ON: inactive players will automatically lose when time's up. (requested by KodeBeast0526)
|c|☆KodeBeast0526|glhf
|
|t:|1757699482
|teamsize|p1|4
|teamsize|p2|4
|start
|switch|p1a: Drifblim|Drifblim, L50, F|100/100
|switch|p1b: Primarina|Primarina, L50, M|100/100
|switch|p2a: Excadrill|Excadrill, L50, F, shiny|100/100
|switch|p2b: Tyranitar|Tyranitar, L50, M, shiny|100/100
|-weather|Sandstorm|[from] ability: Sand Stream|[of] p2b: Tyranitar
|turn|1
|inactive|Jakobtc has 30 seconds left.
|
|t:|1757699509
|-terastallize|p1a: Drifblim|Grass
|move|p1b: Primarina|Protect|p1b: Primarina
|-singleturn|p1b: Primarina|Protect
|move|p2a: Excadrill|Iron Head|p1b: Primarina
|-activate|p1b: Primarina|move: Protect
|move|p1a: Drifblim|Will-O-Wisp|p2a: Excadrill
|-status|p2a: Excadrill|brn
|move|p2b: Tyranitar|Rock Slide|p1b: Primarina|[spread] p1a
|-activate|p1b: Primarina|move: Protect
|-damage|p1a: Drifblim|69/100
|
|-weather|Sandstorm|[upkeep]
|-damage|p1a: Drifblim|63/100|[from] Sandstorm
|-damage|p1b: Primarina|95/100|[from] Sandstorm
|-damage|p2a: Excadrill|95/100 brn|[from] brn
|upkeep
|turn|2
|
|t:|1757699532
|-terastallize|p2b: Tyranitar|Flying
|move|p2a: Excadrill|Iron Head|p1b: Primarina
|-damage|p1b: Primarina|67/100
|move|p1a: Drifblim|Tailwind|p1a: Drifblim
|-sidestart|p1: Jakobtc|move: Tailwind
|move|p1b: Primarina|Hyper Voice|p2b: Tyranitar|[spread] p2a,p2b
|-supereffective|p2a: Excadrill
|-crit|p2b: Tyranitar
|-damage|p2a: Excadrill|0 fnt
|-damage|p2b: Tyranitar|73/100
|faint|p2a: Excadrill
|move|p2b: Tyranitar|Tera Blast|p1a: Drifblim|[anim] Tera Blast Flying
|-supereffective|p1a: Drifblim
|-damage|p1a: Drifblim|0 fnt
|faint|p1a: Drifblim
|
|-weather|Sandstorm|[upkeep]
|-damage|p1b: Primarina|61/100|[from] Sandstorm
|-damage|p2b: Tyranitar|67/100|[from] Sandstorm
|upkeep
|
|t:|1757699548
|switch|p2a: Indeedee|Indeedee, L50, M, shiny|100/100
|switch|p1a: Arcanine|Arcanine-Hisui, L50, M|100/100
|-ability|p1a: Arcanine|Intimidate|boost
|-unboost|p2a: Indeedee|atk|1
|-unboost|p2b: Tyranitar|atk|1
|-fieldstart|move: Psychic Terrain|[from] ability: Psychic Surge|[of] p2a: Indeedee
|turn|3
|
|t:|1757699560
|move|p1a: Arcanine|Rock Slide|p2b: Tyranitar|[spread] p2a,p2b
|-supereffective|p2b: Tyranitar
|-damage|p2a: Indeedee|17/100
|-damage|p2b: Tyranitar|0 fnt
|faint|p2b: Tyranitar
|move|p2a: Indeedee|Expanding Force|p1a: Arcanine|[spread] p1a,p1b
|-damage|p1a: Arcanine|52/100
|-damage|p1b: Primarina|14/100
|move|p1b: Primarina|Hyper Voice|p2a: Indeedee
|-damage|p2a: Indeedee|0 fnt
|faint|p2a: Indeedee
|
|-weather|Sandstorm|[upkeep]
|-damage|p1b: Primarina|8/100|[from] Sandstorm
|upkeep
|
|t:|1757699570
|switch|p2b: Sneasler|Sneasler, L50, M, shiny|100/100
|-enditem|p2b: Sneasler|Psychic Seed
|-boost|p2b: Sneasler|spd|1|[from] item: Psychic Seed
|turn|4
|
|t:|1757699584
|switch|p1a: Garchomp|Garchomp, L50, M|100/100
|move|p2b: Sneasler|Close Combat|p1a: Garchomp
|-damage|p1a: Garchomp|37/100
|-unboost|p2b: Sneasler|def|1
|-unboost|p2b: Sneasler|spd|1
|-damage|p2b: Sneasler|88/100|[from] ability: Rough Skin|[of] p1a: Garchomp
|move|p1b: Primarina|Hyper Voice|p2b: Sneasler
|-damage|p2b: Sneasler|14/100
|
|-weather|Sandstorm|[upkeep]
|-damage|p2b: Sneasler|8/100|[from] Sandstorm
|-damage|p1b: Primarina|2/100|[from] Sandstorm
|upkeep
|turn|5
|
|t:|1757699598
|switch|p1b: Arcanine|Arcanine-Hisui, L50, M|52/100
|-ability|p1b: Arcanine|Intimidate|boost
|-unboost|p2b: Sneasler|atk|1
|move|p2b: Sneasler|Close Combat|p1a: Garchomp
|-damage|p1a: Garchomp|0 fnt
|-unboost|p2b: Sneasler|def|1
|-unboost|p2b: Sneasler|spd|1
|-damage|p2b: Sneasler|0 fnt|[from] ability: Rough Skin|[of] p1a: Garchomp
|faint|p1a: Garchomp
|faint|p2b: Sneasler
|
|win|Jakobtc
||KodeBeast0526 is ready for game 2.
|inactive|Jakobtc has 30 seconds to confirm battle start!
