|j|☆Bobbo1
|j|☆Darkan33
|html|Bobbo1Darkan33    
|uhtml|bestof|Game 2 of a best-of-3
|t:|1756399677
|gametype|doubles
|player|p1|Bobbo1|ghetsis|1096
|player|p2|Darkan33|veteran|1098
|gen|9
|tier|[Gen 9] VGC 2025 Reg H (Bo3)
|rated|
|rule|Species Clause: Limit one of each Pokémon
|rule|Item Clause: Limit 1 of each item
|clearpoke
|poke|p1|Palafin, L50, F|
|poke|p1|Incineroar, L50, F|
|poke|p1|Rillaboom, L50, M|
|poke|p1|Gholdengo, L50|
|poke|p1|Volcarona, L50, F|
|poke|p1|Ninetales-Alola, L50, M|
|poke|p2|Kingdra, L50, F|
|poke|p2|Pelipper, L50, M|
|poke|p2|Garchomp, L50, F|
|poke|p2|Breloom, L50, M|
|poke|p2|Archaludon, L50, F|
|poke|p2|Grimmsnarl, L50, M|
|teampreview|4
|showteam|p1|Palafin||MysticWater|ZerotoHero|IcePunch,JetPunch,WaveCrash,Protect|||F|||50|,,,,,Water]Incineroar||RockyHelmet|Intimidate|FakeOut,KnockOff,FlareBlitz,PartingShot|||F|||50|,,,,,Ghost]Rillaboom||AssaultVest|GrassySurge|FakeOut,GrassyGlide,WoodHammer,Uturn|||M|||50|,,,,,Fire]Gholdengo||SpellTag|GoodasGold|NastyPlot,MakeItRain,ShadowBall,Protect||||||50|,,,,,Water]Volcarona||GrassySeed|FlameBody|QuiverDance,FieryDance,GigaDrain,Protect|||F|||50|,,,,,Grass]Ninetales-Alola||LightClay|SnowWarning|AuroraVeil,Blizzard,Moonblast,Protect|||M|||50|,,,,,Fire
|showteam|p2|Kingdra||LifeOrb|SwiftSwim|MuddyWater,DracoMeteor,Hurricane,Protect|||F|||50|,,,,,Stellar]Pelipper||CovertCloak|Drizzle|WeatherBall,Hurricane,WideGuard,Tailwind|||M|||50|,,,,,Ghost]Garchomp||LoadedDice|RoughSkin|ScaleShot,Protect,StompingTantrum,Earthquake|||F|||50|,,,,,Steel]Breloom||FocusSash|Technician|MachPunch,BulletSeed,Spore,Protect|||M|||50|,,,,,Steel]Archaludon||AssaultVest|Stamina|BodyPress,FlashCannon,ElectroShot,DragonPulse|||F|||50|,,,,,Grass]Grimmsnarl||LightClay|Prankster|LightScreen,Reflect,SpiritBreak,ThunderWave|||M|||50|,,,,,Ghost
|inactive|Battle timer is ON: inactive players will automatically lose when time's up. (requested by Bobbo1)
|inactive|Darkan33 has 60 seconds left.
|
|t:|1756399736
|teamsize|p1|4
|teamsize|p2|4
|start
|switch|p1a: Volcarona|Volcarona, L50, F|100/100
|switch|p1b: Incineroar|Incineroar, L50, F|100/100
|switch|p2a: Garchomp|Garchomp, L50, F|100/100
|switch|p2b: Breloom|Breloom, L50, M, shiny|100/100
|-ability|p1b: Incineroar|Intimidate|boost
|-unboost|p2a: Garchomp|atk|1
|-unboost|p2b: Breloom|atk|1
|turn|1
|inactive|Darkan33 has 30 seconds left.
|inactive|Darkan33 has 20 seconds left.
|
|t:|1756399774
|move|p2a: Garchomp|Protect|p2a: Garchomp
|-singleturn|p2a: Garchomp|Protect
|move|p1a: Volcarona|Fiery Dance|p2b: Breloom
|-supereffective|p2b: Breloom
|-enditem|p2b: Breloom|Focus Sash
|-damage|p2b: Breloom|1/100
|move|p2b: Breloom|Spore|p1a: Volcarona
|-status|p1a: Volcarona|slp|[from] move: Spore
|move|p1b: Incineroar|Parting Shot|p2a: Garchomp
|-activate|p2a: Garchomp|move: Protect
|
|upkeep
|turn|2
|inactive|Bobbo1 has 30 seconds left.
|inactive|Darkan33 has 30 seconds left.
|
|t:|1756399802
|switch|p2a: Pelipper|Pelipper, L50, M, shiny|100/100
|-weather|RainDance|[from] ability: Drizzle|[of] p2a: Pelipper
|switch|p1b: Rillaboom|Rillaboom, L50, M|100/100
|-fieldstart|move: Grassy Terrain|[from] ability: Grassy Surge|[of] p1b: Rillaboom
|-enditem|p1a: Volcarona|Grassy Seed
|-boost|p1a: Volcarona|def|1|[from] item: Grassy Seed
|-terastallize|p1a: Volcarona|Grass
|move|p2b: Breloom|Protect|p2b: Breloom
|-singleturn|p2b: Breloom|Protect
|cant|p1a: Volcarona|slp
|
|-weather|RainDance|[upkeep]
|-heal|p2b: Breloom|7/100|[from] Grassy Terrain
|upkeep
|turn|3
|
|t:|1756399825
|move|p1b: Rillaboom|Fake Out|p2b: Breloom
|-damage|p2b: Breloom|0 fnt
|faint|p2b: Breloom
|cant|p1a: Volcarona|slp
|move|p2a: Pelipper|Hurricane|p1a: Volcarona
|-supereffective|p1a: Volcarona
|-damage|p1a: Volcarona|6/100 slp
|
|-weather|RainDance|[upkeep]
|-heal|p1a: Volcarona|12/100 slp|[from] Grassy Terrain
|upkeep
|
|t:|1756399830
|switch|p2b: Archaludon|Archaludon, L50, F|100/100
|turn|4
|
|t:|1756399852
|-curestatus|p1a: Volcarona|slp|[msg]
|move|p1a: Volcarona|Giga Drain|p2a: Pelipper
|-damage|p2a: Pelipper|23/100
|-heal|p1a: Volcarona|40/100|[from] drain|[of] p2a: Pelipper
|move|p2a: Pelipper|Tailwind|p2a: Pelipper
|-sidestart|p2: Darkan33|move: Tailwind
|move|p2b: Archaludon|Dragon Pulse|p1a: Volcarona
|-damage|p1a: Volcarona|6/100
|move|p1b: Rillaboom|U-turn|p2a: Pelipper
|-resisted|p2a: Pelipper
|-damage|p2a: Pelipper|10/100
|
|t:|1756399865
|switch|p1b: Ninetales|Ninetales-Alola, L50, M|100/100|[from] U-turn
|-weather|Snowscape|[from] ability: Snow Warning|[of] p1b: Ninetales
|
|-weather|Snowscape|[upkeep]
|-heal|p1a: Volcarona|12/100|[from] Grassy Terrain
|upkeep
|turn|5
|
|t:|1756399888
|switch|p1b: Incineroar|Incineroar, L50, F|100/100
|-ability|p1b: Incineroar|Intimidate|boost
|-unboost|p2a: Pelipper|atk|1
|-unboost|p2b: Archaludon|atk|1
|move|p1a: Volcarona|Protect|p1a: Volcarona
|-singleturn|p1a: Volcarona|Protect
|move|p2a: Pelipper|Weather Ball|p1a: Volcarona
|-activate|p1a: Volcarona|move: Protect
|move|p2b: Archaludon|Flash Cannon|p1b: Incineroar
|-resisted|p1b: Incineroar
|-damage|p1b: Incineroar|83/100
|
|-weather|Snowscape|[upkeep]
|-heal|p1a: Volcarona|18/100|[from] Grassy Terrain
|-heal|p1b: Incineroar|89/100|[from] Grassy Terrain
|upkeep
|turn|6
|
|t:|1756399912
|switch|p1a: Rillaboom|Rillaboom, L50, M|100/100
|move|p1b: Incineroar|Fake Out|p2a: Pelipper
|-damage|p2a: Pelipper|0 fnt
|faint|p2a: Pelipper
|move|p2b: Archaludon|Dragon Pulse|p1a: Rillaboom
|-damage|p1a: Rillaboom|72/100
|
|-weather|Snowscape|[upkeep]
|-heal|p1a: Rillaboom|77/100|[from] Grassy Terrain
|-heal|p1b: Incineroar|95/100|[from] Grassy Terrain
|-fieldend|move: Grassy Terrain
|upkeep
|
|t:|1756399916
|switch|p2a: Garchomp|Garchomp, L50, F|100/100
|turn|7
|
|t:|1756399941
|switch|p1b: Volcarona|Volcarona, L50, F, tera:Grass|18/100
|move|p2a: Garchomp|Scale Shot|p1b: Volcarona
|-damage|p1b: Volcarona|4/100
|-damage|p1b: Volcarona|0 fnt
|faint|p1b: Volcarona
|-hitcount|p1: Volcarona|2
|-unboost|p2a: Garchomp|def|1
|-boost|p2a: Garchomp|spe|1
|move|p2b: Archaludon|Body Press|p1a: Rillaboom
|-damage|p1a: Rillaboom|55/100
|move|p1a: Rillaboom|U-turn|p2a: Garchomp
|-damage|p2a: Garchomp|71/100
|-damage|p1a: Rillaboom|43/100|[from] ability: Rough Skin|[of] p2a: Garchomp
|
|t:|1756399957
|switch|p1a: Incineroar|Incineroar, L50, F|95/100|[from] U-turn
|-ability|p1a: Incineroar|Intimidate|boost
|-unboost|p2a: Garchomp|atk|1
|-unboost|p2b: Archaludon|atk|1
|
|-weather|Snowscape|[upkeep]
|-sideend|p2: Darkan33|move: Tailwind
|upkeep
|
|t:|1756399963
|switch|p1b: Rillaboom|Rillaboom, L50, M|43/100
|-fieldstart|move: Grassy Terrain|[from] ability: Grassy Surge|[of] p1b: Rillaboom
|turn|8
|
|t:|1756399980
|move|p2a: Garchomp|Protect|p2a: Garchomp
|-singleturn|p2a: Garchomp|Protect
|move|p2b: Archaludon|Body Press|p1a: Incineroar
|-supereffective|p1a: Incineroar
|-damage|p1a: Incineroar|46/100
|-damage|p2b: Archaludon|84/100|[from] item: Rocky Helmet|[of] p1a: Incineroar
|move|p1b: Rillaboom|Wood Hammer|p2a: Garchomp
|-activate|p2a: Garchomp|move: Protect
|move|p1a: Incineroar|Knock Off|p2b: Archaludon
|-crit|p2b: Archaludon
|-damage|p2b: Archaludon|34/100
|-ability|p2b: Archaludon|Stamina|boost
|-boost|p2b: Archaludon|def|1
|-enditem|p2b: Archaludon|Assault Vest|[from] move: Knock Off|[of] p1a: Incineroar
|
|-weather|none
|-heal|p2a: Garchomp|77/100|[from] Grassy Terrain
|-heal|p2b: Archaludon|40/100|[from] Grassy Terrain
|-heal|p1b: Rillaboom|49/100|[from] Grassy Terrain
|-heal|p1a: Incineroar|52/100|[from] Grassy Terrain
|upkeep
|turn|9
|inactive|Darkan33 has 30 seconds left.
|inactive|Darkan33 has 20 seconds left.
|inactive|Darkan33 has 15 seconds left.
|
|t:|1756400022
|move|p2a: Garchomp|Scale Shot|p1a: Incineroar
|-damage|p1a: Incineroar|44/100
|-damage|p1a: Incineroar|36/100
|-damage|p1a: Incineroar|27/100
|-crit|p1a: Incineroar
|-damage|p1a: Incineroar|8/100
|-damage|p1a: Incineroar|0 fnt
|faint|p1a: Incineroar
|-hitcount|p1: Incineroar|5
|-unboost|p2a: Garchomp|def|1
|-boost|p2a: Garchomp|spe|1
|move|p2b: Archaludon|Body Press|p1b: Rillaboom
|-damage|p1b: Rillaboom|19/100
|move|p1b: Rillaboom|Wood Hammer|p2a: Garchomp
|-damage|p2a: Garchomp|0 fnt
|-damage|p1b: Rillaboom|7/100|[from] ability: Rough Skin|[of] p2a: Garchomp
|faint|p2a: Garchomp
|-damage|p1b: Rillaboom|0 fnt|[from] Recoil
|faint|p1b: Rillaboom
|
|-heal|p2b: Archaludon|47/100|[from] Grassy Terrain
|upkeep
|l|☆Bobbo1
|inactive|Bobbo1 disconnected and has a minute to reconnect!
|player|p1|
|inactive|Bobbo1 has 30 seconds left.
|inactive|Bobbo1 has 20 seconds left.
|inactive|Bobbo1 has 15 seconds left.
|inactive|Bobbo1 has 10 seconds left.
|inactive|Bobbo1 has 5 seconds left.
|-message|Bobbo1 lost due to inactivity.
|
|win|Darkan33
|raw|Bobbo1's rating: 1096 → 1072(-24 for losing)
|raw|Darkan33's rating: 1098 → 1123(+25 for winning)
