|j|☆pedroo03
|j|☆Ferran Tiburon
|html|pedroo03Ferran Tiburon    
|uhtml|bestof|Game 1 of a best-of-3
|t:|1784566836
|gametype|doubles
|player|p1|pedroo03|265|1000
|player|p2|Ferran Tiburon|265|1145
|gen|9
|tier|[Gen 9 Champions] VGC 2026 Reg M-B (Bo3)
|rated|
|rule|Species Clause: Limit one of each Pokémon
|rule|Item Clause: Limit 1 of each item
|clearpoke
|poke|p1|Blastoise, L50, M, shiny|
|poke|p1|Farigiraf, L50, M|
|poke|p1|Charizard, L50, M, shiny|
|poke|p1|Venusaur, L50, F, shiny|
|poke|p1|Grimmsnarl, L50, M|
|poke|p1|Toxapex, L50, F, shiny|
|poke|p2|Aerodactyl, L50, F|
|poke|p2|Garchomp, L50, M|
|poke|p2|Kingambit, L50, F|
|poke|p2|Charizard, L50, M|
|poke|p2|Sylveon, L50, M|
|poke|p2|Farigiraf, L50, M|
|teampreview|4
|showteam|p1|Blastoise||Blastoisinite|Torrent|ShellSmash,FakeOut,AuraSphere,WaterSpout|Modest||M|||50|]Farigiraf||SitrusBerry|ArmorTail|FoulPlay,TwinBeam,TrickRoom,GuardSwap|Serious||M|||50|]Charizard||CharizarditeY|Blaze|WeatherBall,Protect,AncientPower,SolarBeam|Timid||M|||50|]Venusaur||BigRoot|Chlorophyll|EarthPower,GigaDrain,Protect,SludgeBomb|Calm||F|||50|]Grimmsnarl||LightClay|Prankster|LightScreen,Reflect,FoulPlay,PartingShot|Careful||M|||50|]Toxapex||Leftovers|Regenerator|BanefulBunker,Toxic,Infestation,Recover|Sassy||F|||50|
|showteam|p2|Aerodactyl||Aerodactylite|Unnerve|IceFang,RockSlide,Tailwind,DualWingbeat|Jolly||F|||50|]Garchomp||LifeOrb|RoughSkin|DragonClaw,RockSlide,Earthquake,Protect|Jolly||M|||50|]Kingambit||FocusSash|Defiant|SuckerPunch,KowtowCleave,IronHead,LowKick|Adamant||F|||50|]Charizard||CharizarditeY|SolarPower|Protect,WeatherBall,HeatWave,SolarBeam|Modest||M|||50|]Sylveon||FairyFeather|Pixilate|Protect,HyperVoice,HyperBeam,QuickAttack|Modest||M|||50|]Farigiraf||SitrusBerry|ArmorTail|TrickRoom,Thunderbolt,Roar,Psychic|Bold||M|||50|
|inactive|Battle timer is ON: inactive players will automatically lose when time's up. (requested by Ferran Tiburon)
|inactive|Ferran Tiburon has 60 seconds left.
|inactive|Ferran Tiburon has 30 seconds left.
|inactive|Ferran Tiburon has 20 seconds left.
|inactive|Ferran Tiburon has 15 seconds left.
|
|t:|1784566914
|teamsize|p1|4
|teamsize|p2|4
|start
|switch|p1a: Grimmsnarl|Grimmsnarl, L50, M|100/100
|switch|p1b: Toxapex|Toxapex, L50, F, shiny|100/100
|switch|p2a: Aerodactyl|Aerodactyl, L50, F|100/100
|switch|p2b: Garchomp|Garchomp, L50, M|100/100
|-ability|p2a: Aerodactyl|Unnerve
|turn|1
|
|t:|1784566932
|detailschange|p2a: Aerodactyl|Aerodactyl-Mega, L50, F
|-mega|p2a: Aerodactyl|Aerodactyl|Aerodactylite
|move|p1a: Grimmsnarl|Reflect|p1a: Grimmsnarl
|-sidestart|p1: pedroo03|Reflect
|move|p2a: Aerodactyl|Tailwind|p2a: Aerodactyl
|-sidestart|p2: Ferran Tiburon|move: Tailwind
|move|p2b: Garchomp|Earthquake|p1a: Grimmsnarl|[spread] p1a,p1b
|-immune|p2a: Aerodactyl
|-supereffective|p1b: Toxapex|1
|-damage|p1a: Grimmsnarl|63/100
|-damage|p1b: Toxapex|49/100
|-damage|p2b: Garchomp|90/100|[from] item: Life Orb
|move|p1b: Toxapex|Toxic|p2b: Garchomp
|-status|p2b: Garchomp|tox
|
|-heal|p1b: Toxapex|54/100|[from] item: Leftovers
|-damage|p2b: Garchomp|84/100 tox|[from] psn
|upkeep
|turn|2
|inactive|pedroo03 has 30 seconds left.
|inactive|Ferran Tiburon has 30 seconds left.
|inactive|pedroo03 has 20 seconds left.
|
|t:|1784566968
|move|p1b: Toxapex|Baneful Bunker|p1b: Toxapex
|-singleturn|p1b: Toxapex|move: Protect
|move|p2a: Aerodactyl|Dual Wingbeat|p1a: Grimmsnarl
|-damage|p1a: Grimmsnarl|48/100
|-crit|p1a: Grimmsnarl
|-damage|p1a: Grimmsnarl|12/100
|-hitcount|p1a: Grimmsnarl|2
|move|p2b: Garchomp|Earthquake|p1a: Grimmsnarl|[spread] p1a
|-activate|p1b: Toxapex|move: Protect
|-immune|p2a: Aerodactyl
|-damage|p1a: Grimmsnarl|0 fnt
|faint|p1a: Grimmsnarl
|-damage|p2b: Garchomp|74/100 tox|[from] item: Life Orb
|
|-heal|p1b: Toxapex|60/100|[from] item: Leftovers
|-damage|p2b: Garchomp|62/100 tox|[from] psn
|upkeep
|
|t:|1784566990
|switch|p1a: Blastoise|Blastoise, L50, M, shiny|100/100
|turn|3
|
|t:|1784567002
|move|p1a: Blastoise|Fake Out|p2a: Aerodactyl
|-resisted|p2a: Aerodactyl|1
|-damage|p2a: Aerodactyl|95/100
|cant|p2a: Aerodactyl|flinch
|move|p2b: Garchomp|Earthquake|p1a: Blastoise|[spread] p1a,p1b
|-immune|p2a: Aerodactyl
|-supereffective|p1b: Toxapex|1
|-damage|p1a: Blastoise|69/100
|-damage|p1b: Toxapex|12/100
|-damage|p2b: Garchomp|52/100 tox|[from] item: Life Orb
|move|p1b: Toxapex|Infestation|p2b: Garchomp
|-damage|p2b: Garchomp|48/100 tox
|-activate|p2b: Garchomp|move: Infestation|[of] p1b: Toxapex
|-damage|p1b: Toxapex|1/100|[from] ability: Rough Skin|[of] p2b: Garchomp
|
|-heal|p1b: Toxapex|6/100|[from] item: Leftovers
|-damage|p2b: Garchomp|30/100 tox|[from] psn
|-damage|p2b: Garchomp|18/100 tox|[from] move: Infestation|[partiallytrapped]
|upkeep
|turn|4
|inactive|pedroo03 has 30 seconds left.
|
|t:|1784567034
|detailschange|p1a: Blastoise|Blastoise-Mega, L50, M, shiny
|-mega|p1a: Blastoise|Blastoise|Blastoisinite
|move|p1b: Toxapex|Baneful Bunker|p1b: Toxapex
|-singleturn|p1b: Toxapex|move: Protect
|move|p2a: Aerodactyl|Rock Slide|p1a: Blastoise|[spread] p1a
|-activate|p1b: Toxapex|move: Protect
|-damage|p1a: Blastoise|55/100
|move|p2b: Garchomp|Earthquake|p1b: Toxapex|[spread] p1a
|-activate|p1b: Toxapex|move: Protect
|-immune|p2a: Aerodactyl
|-damage|p1a: Blastoise|29/100
|-damage|p2b: Garchomp|8/100 tox|[from] item: Life Orb
|move|p1a: Blastoise|Shell Smash|p1a: Blastoise
|-unboost|p1a: Blastoise|def|1
|-unboost|p1a: Blastoise|spd|1
|-boost|p1a: Blastoise|atk|2
|-boost|p1a: Blastoise|spa|2
|-boost|p1a: Blastoise|spe|2
|
|-heal|p1b: Toxapex|12/100|[from] item: Leftovers
|-damage|p2b: Garchomp|0 fnt|[from] psn
|faint|p2b: Garchomp
|-sideend|p2: Ferran Tiburon|move: Tailwind
|upkeep
|
|t:|1784567050
|switch|p2b: Kingambit|Kingambit, L50, F|100/100
|turn|5
|
|t:|1784567065
|-heal|p1b: Toxapex|45/100|[from] ability: Regenerator|[silent]
|switch|p1b: Farigiraf|Farigiraf, L50, M|100/100
|move|p2b: Kingambit|Sucker Punch||[still]
|cant|p1b: Farigiraf|ability: Armor Tail|Sucker Punch|[of] p2b: Kingambit
|move|p2a: Aerodactyl|Rock Slide|p1b: Farigiraf|[spread] p1a,p1b
|-damage|p1a: Blastoise|8/100
|-damage|p1b: Farigiraf|85/100
|move|p1a: Blastoise|Water Spout|p2b: Kingambit|[spread] p2a,p2b
|-supereffective|p2a: Aerodactyl|1
|-damage|p2a: Aerodactyl|70/100
|-damage|p2b: Kingambit|89/100
|
|upkeep
|turn|6
|inactive|pedroo03 has 30 seconds left.
|
|t:|1784567098
|switch|p1a: Toxapex|Toxapex, L50, F, shiny|45/100
|move|p2a: Aerodactyl|Rock Slide|p1b: Farigiraf|[spread] p1a,p1b
|-damage|p1a: Toxapex|33/100
|-damage|p1b: Farigiraf|70/100
|move|p2b: Kingambit|Kowtow Cleave|p1b: Farigiraf
|-supereffective|p1b: Farigiraf|1
|-damage|p1b: Farigiraf|11/100
|-enditem|p1b: Farigiraf|Sitrus Berry|[eat]
|-heal|p1b: Farigiraf|36/100|[from] item: Sitrus Berry
|move|p1b: Farigiraf|Foul Play|p2a: Aerodactyl
|-damage|p2a: Aerodactyl|40/100
|
|-heal|p1a: Toxapex|38/100|[from] item: Leftovers
|upkeep
|turn|7
|
|t:|1784567119
|switch|p1b: Blastoise|Blastoise-Mega, L50, M, shiny|8/100
|move|p1a: Toxapex|Baneful Bunker|p1a: Toxapex
|-singleturn|p1a: Toxapex|move: Protect
|move|p2a: Aerodactyl|Rock Slide|p1b: Blastoise|[spread] p1b
|-activate|p1a: Toxapex|move: Protect
|-damage|p1b: Blastoise|0 fnt
|faint|p1b: Blastoise
|move|p2b: Kingambit|Kowtow Cleave|p1a: Toxapex
|-activate|p1a: Toxapex|move: Protect
|
|-heal|p1a: Toxapex|44/100|[from] item: Leftovers
|upkeep
|
|t:|1784567132
|switch|p1b: Farigiraf|Farigiraf, L50, M|36/100
|turn|8
|-message|pedroo03 forfeited.
|raw|pedroo03's rating: 1000 → 1000(+0 for losing)
|raw|Ferran Tiburon's rating: 1145 → 1160(+15 for winning)
|
|win|Ferran Tiburon
