|j|☆LastHorzion
|j|☆myshirtisdirty
|html|LastHorzionmyshirtisdirty    
|uhtml|bestof|Game 2 of a best-of-3
|t:|1757911487
|gametype|doubles
|player|p1|LastHorzion|steven|1147
|player|p2|myshirtisdirty|1|1205
|gen|9
|tier|[Gen 9] VGC 2025 Reg H (Bo3)
|rated|
|rule|Species Clause: Limit one of each Pokémon
|rule|Item Clause: Limit 1 of each item
|clearpoke
|poke|p1|Sneasler, L50, F|
|poke|p1|Whimsicott, L50, F|
|poke|p1|Indeedee, L50, M|
|poke|p1|Dragapult, L50, M|
|poke|p1|Archaludon, L50, M|
|poke|p1|Ursaluna-Bloodmoon, L50, M|
|poke|p2|Indeedee-F, L50, F|
|poke|p2|Gallade, L50, M|
|poke|p2|Ursaluna, L50, M|
|poke|p2|Torkoal, L50, F|
|poke|p2|Hatterene, L50, F|
|poke|p2|Lilligant-Hisui, L50, F|
|teampreview|4
|showteam|p1|Sneasler||PsychicSeed|Unburden|CloseCombat,DireClaw,ThroatChop,Protect|||F|||50|,,,,,Dark]Whimsicott||CovertCloak|Prankster|Tailwind,Moonblast,BeatUp,SunnyDay|||F|||50|,,,,,Water]Indeedee||FocusSash|PsychicSurge|ExpandingForce,TeraBlast,Imprison,TrickRoom|||M|||50|,,,,,Ground]Dragapult||ChoiceBand|ClearBody|DragonDarts,Uturn,PhantomForce,Outrage|||M|||50|,,,,,Dragon]Archaludon||PowerHerb|Stamina|FlashCannon,ElectroShot,Thunderbolt,Protect|||M|||50|,,,,,Bug]Ursaluna-Bloodmoon||LifeOrb|MindsEye|BloodMoon,HyperVoice,EarthPower,Protect|||M|||50|,,,,,Normal
|showteam|p2|Indeedee-F||SafetyGoggles|PsychicSurge|DazzlingGleam,HelpingHand,TrickRoom,FollowMe|||F|||50|,,,,,Fairy]Gallade||ClearAmulet|Sharpness|PsychoCut,SacredSword,TrickRoom,WideGuard|||M|||50|,,,,,Steel]Ursaluna||FlameOrb|Guts|Facade,Earthquake,HeadlongRush,Protect|||M|||50|,,,,,Ghost]Torkoal||ChoiceSpecs|Drought|WeatherBall,HeatWave,Eruption,EarthPower|||F|||50|,,,,,Grass]Hatterene||LifeOrb|MagicBounce|ExpandingForce,DazzlingGleam,MysticalFire,TrickRoom|||F|||50|,,,,,Water]Lilligant-Hisui||FocusSash|Chlorophyll|SleepPowder,AfterYou,CloseCombat,SolarBlade|||F|||50|,,,,,Ghost
|inactive|Battle timer is ON: inactive players will automatically lose when time's up. (requested by LastHorzion)
|inactive|myshirtisdirty has 60 seconds left.
|
|t:|1757911520
|teamsize|p1|4
|teamsize|p2|4
|start
|switch|p1a: Sneasler|Sneasler, L50, F|100/100
|switch|p1b: Indeedee|Indeedee, L50, M, shiny|100/100
|switch|p2a: Indeedee|Indeedee-F, L50, F|100/100
|switch|p2b: Hatterene|Hatterene, L50, F|100/100
|-fieldstart|move: Psychic Terrain|[from] ability: Psychic Surge|[of] p1b: Indeedee
|-enditem|p1a: Sneasler|Psychic Seed
|-boost|p1a: Sneasler|spd|1|[from] item: Psychic Seed
|turn|1
|inactive|LastHorzion has 30 seconds left.
|
|t:|1757911550
|-terastallize|p1a: Sneasler|Dark
|move|p2a: Indeedee|Follow Me|p2a: Indeedee
|-singleturn|p2a: Indeedee|move: Follow Me
|move|p1a: Sneasler|Dire Claw|p2a: Indeedee
|-damage|p2a: Indeedee|58/100
|-status|p2a: Indeedee|slp
|move|p1b: Indeedee|Imprison|p1b: Indeedee
|-start|p1b: Indeedee|move: Imprison
|move|p2b: Hatterene|Dazzling Gleam|p1b: Indeedee|[spread] p1a,p1b
|-supereffective|p1a: Sneasler
|-damage|p1a: Sneasler|15/100
|-damage|p1b: Indeedee|31/100
|-damage|p2b: Hatterene|91/100|[from] item: Life Orb
|
|upkeep
|turn|2
|inactive|myshirtisdirty has 30 seconds left.
|
|t:|1757911577
|-terastallize|p2b: Hatterene|Water
|move|p1a: Sneasler|Dire Claw|p2b: Hatterene
|-damage|p2b: Hatterene|38/100
|-status|p2b: Hatterene|slp
|move|p1b: Indeedee|Expanding Force|p2b: Hatterene|[spread] p2a,p2b
|-resisted|p2a: Indeedee
|-damage|p2a: Indeedee|34/100 slp
|-damage|p2b: Hatterene|0 fnt
|faint|p2b: Hatterene
|cant|p2a: Indeedee|slp
|
|upkeep
|
|t:|1757911593
|switch|p2b: Gallade|Gallade, L50, M, shiny|100/100
|turn|3
|
|t:|1757911615
|-curestatus|p2a: Indeedee|slp|[msg]
|move|p2a: Indeedee|Follow Me|p2a: Indeedee
|-singleturn|p2a: Indeedee|move: Follow Me
|move|p1a: Sneasler|Throat Chop|p2a: Indeedee
|-supereffective|p2a: Indeedee
|-damage|p2a: Indeedee|0 fnt
|faint|p2a: Indeedee
|move|p1b: Indeedee|Expanding Force|p2b: Gallade
|-damage|p2b: Gallade|31/100
|move|p2b: Gallade|Sacred Sword|p1b: Indeedee
|-damage|p1b: Indeedee|0 fnt
|faint|p1b: Indeedee
|
|upkeep
|
|t:|1757911639
|switch|p1b: Archaludon|Archaludon, L50, M, shiny|100/100
|switch|p2a: Ursaluna|Ursaluna, L50, M|100/100
|turn|4
|inactive|myshirtisdirty has 30 seconds left.
|
|t:|1757911666
|move|p2b: Gallade|Wide Guard|p2b: Gallade
|-singleturn|p2b: Gallade|Wide Guard
|move|p1a: Sneasler|Close Combat|p2a: Ursaluna
|-supereffective|p2a: Ursaluna
|-damage|p2a: Ursaluna|2/100
|-unboost|p1a: Sneasler|def|1
|-unboost|p1a: Sneasler|spd|1
|move|p1b: Archaludon|Electro Shot||[still]
|-prepare|p1b: Archaludon|Electro Shot
|-boost|p1b: Archaludon|spa|1
|-enditem|p1b: Archaludon|Power Herb
|-anim|p1b: Archaludon|Electro Shot|p2b: Gallade
|-damage|p2b: Gallade|0 fnt
|faint|p2b: Gallade
|move|p2a: Ursaluna|Earthquake|p1a: Sneasler|[spread] p1a,p1b
|-supereffective|p1b: Archaludon
|-damage|p1a: Sneasler|0 fnt
|-damage|p1b: Archaludon|33/100
|-ability|p1b: Archaludon|Stamina|boost
|-boost|p1b: Archaludon|def|1
|faint|p1a: Sneasler
|
|-status|p2a: Ursaluna|brn|[from] item: Flame Orb
|upkeep
|
|t:|1757911678
|switch|p1a: Ursaluna|Ursaluna-Bloodmoon, L50, M|100/100
|turn|5
|c|☆myshirtisdirty|how did i lose??
|
|t:|1757911700
|move|p1b: Archaludon|Protect|p1b: Archaludon
|-singleturn|p1b: Archaludon|Protect
|move|p1a: Ursaluna|Protect|p1a: Ursaluna
|-singleturn|p1a: Ursaluna|Protect
|move|p2a: Ursaluna|Earthquake|p1a: Ursaluna|[spread] 
|-activate|p1a: Ursaluna|move: Protect
|-activate|p1b: Archaludon|move: Protect
|
|-damage|p2a: Ursaluna|0 fnt|[from] brn
|faint|p2a: Ursaluna
|
|win|LastHorzion
|raw|LastHorzion's rating: 1147 → 1176(+29 for winning)
|raw|myshirtisdirty's rating: 1205 → 1176(-29 for losing)
|l|☆myshirtisdirty
|player|p2|
