|j|☆raineyluvsu
|j|☆raginghuman
|html|raineyluvsuraginghuman    
|uhtml|bestof|Game 1 of a best-of-3
|t:|1782658247
|gametype|doubles
|player|p1|raineyluvsu|102|1105
|player|p2|raginghuman|102|1171
|gen|9
|tier|[Gen 9 Champions] VGC 2026 Reg M-B (Bo3)
|rated|
|rule|Species Clause: Limit one of each Pokémon
|rule|Item Clause: Limit 1 of each item
|clearpoke
|poke|p1|Metagross, L50|
|poke|p1|Basculegion, L50, M|
|poke|p1|Blaziken, L50, F|
|poke|p1|Politoed, L50, F|
|poke|p1|Tsareena, L50, F|
|poke|p1|Kingambit, L50, F|
|poke|p2|Swampert, L50, M|
|poke|p2|Grimmsnarl, L50, M|
|poke|p2|Archaludon, L50, F|
|poke|p2|Pelipper, L50, M|
|poke|p2|Sneasler, L50, M|
|poke|p2|Metagross, L50|
|teampreview|4
|showteam|p1|Metagross||Metagrossite|ClearBody|IronHead,PsychicFangs,StompingTantrum,Protect|Jolly|||||50|]Basculegion||LifeOrb|Adaptability|WaveCrash,LastRespects,AquaJet,Protect|Jolly||M|||50|]Blaziken||FocusSash|SpeedBoost|Overheat,AuraSphere,Coaching,Detect|Modest||F|||50|]Politoed||SitrusBerry|Drizzle|WeatherBall,IceBeam,PerishSong,Protect|Bold||F|||50|]Tsareena||ChoiceScarf|QueenlyMajesty|TropKick,TripleAxel,LowKick,Uturn|Jolly||F|||50|]Kingambit||BlackGlasses|Defiant|KowtowCleave,SuckerPunch,SwordsDance,Protect|Brave||F|||50|
|showteam|p2|Swampert||Swampertite|Torrent|Protect,FlipTurn,WaveCrash,Earthquake|Adamant||M|||50|]Grimmsnarl||LightClay|Prankster|LightScreen,Reflect,SpiritBreak,PartingShot|Impish||M|||50|]Archaludon||FocusSash|Stamina|ElectroShot,Protect,FlashCannon,DracoMeteor|Modest||F|||50|]Pelipper||SitrusBerry|Drizzle|Tailwind,WeatherBall,Hurricane,Protect|Modest||M|||50|]Sneasler||WhiteHerb|Unburden|Coaching,Protect,CloseCombat,DireClaw|Jolly||M|||50|]Metagross||Metagrossite|ClearBody|PsychicFangs,MeteorMash,Protect,BodyPress|Adamant|||||50|
|inactive|Battle timer is ON: inactive players will automatically lose when time's up. (requested by raginghuman)
|inactive|raginghuman has 60 seconds left.
|
|t:|1782658290
|teamsize|p1|4
|teamsize|p2|4
|start
|switch|p1a: Metagross|Metagross, L50|100/100
|switch|p1b: Blaziken|Blaziken, L50, F|100/100
|switch|p2a: Sneasler|Sneasler, L50, M|100/100
|switch|p2b: Metagross|Metagross, L50|100/100
|turn|1
|inactive|raginghuman has 30 seconds left.
|
|t:|1782658329
|switch|p2a: Pelipper|Pelipper, L50, M|100/100
|-weather|RainDance|[from] ability: Drizzle|[of] p2a: Pelipper
|switch|p1b: Tsareena|Tsareena, L50, F|100/100
|detailschange|p1a: Metagross|Metagross-Mega, L50
|-mega|p1a: Metagross|Metagross|Metagrossite
|detailschange|p2b: Metagross|Metagross-Mega, L50
|-mega|p2b: Metagross|Metagross|Metagrossite
|move|p1a: Metagross|Psychic Fangs|p2a: Pelipper
|-damage|p2a: Pelipper|27/100
|-enditem|p2a: Pelipper|Sitrus Berry|[eat]
|-heal|p2a: Pelipper|52/100|[from] item: Sitrus Berry
|move|p2b: Metagross|Psychic Fangs|p1b: Tsareena
|-damage|p1b: Tsareena|16/100
|
|-weather|RainDance|[upkeep]
|upkeep
|turn|2
|
|t:|1782658349
|move|p1b: Tsareena|Low Kick|p2b: Metagross
|-damage|p2b: Metagross|69/100
|move|p1a: Metagross|Stomping Tantrum|p2b: Metagross
|-supereffective|p2b: Metagross|1
|-damage|p2b: Metagross|10/100
|move|p2b: Metagross|Psychic Fangs|p1b: Tsareena
|-damage|p1b: Tsareena|0 fnt
|faint|p1b: Tsareena
|move|p2a: Pelipper|Tailwind|p2a: Pelipper
|-sidestart|p2: raginghuman|move: Tailwind
|
|-weather|RainDance|[upkeep]
|upkeep
|
|t:|1782658358
|switch|p1b: Basculegion|Basculegion, L50, M|100/100
|turn|3
|
|t:|1782658366
|move|p2b: Metagross|Protect|p2b: Metagross
|-singleturn|p2b: Metagross|Protect
|move|p2a: Pelipper|Protect|p2a: Pelipper
|-singleturn|p2a: Pelipper|Protect
|move|p1b: Basculegion|Aqua Jet|p2b: Metagross
|-activate|p2b: Metagross|move: Protect
|move|p1a: Metagross|Psychic Fangs|p2a: Pelipper
|-activate|p2a: Pelipper|move: Protect
|
|-weather|RainDance|[upkeep]
|upkeep
|turn|4
|
|t:|1782658374
|switch|p2b: Archaludon|Archaludon, L50, F|100/100
|move|p1a: Metagross|Protect|p1a: Metagross
|-singleturn|p1a: Metagross|Protect
|move|p1b: Basculegion|Protect|p1b: Basculegion
|-singleturn|p1b: Basculegion|Protect
|move|p2a: Pelipper|Weather Ball|p1a: Metagross
|-activate|p1a: Metagross|move: Protect
|
|-weather|RainDance|[upkeep]
|upkeep
|turn|5
|
|t:|1782658390
|switch|p1b: Blaziken|Blaziken, L50, F|100/100
|move|p2b: Archaludon|Electro Shot||[still]
|-prepare|p2b: Archaludon|Electro Shot
|-boost|p2b: Archaludon|spa|1
|-anim|p2b: Archaludon|Electro Shot|p1b: Blaziken
|-enditem|p1b: Blaziken|Focus Sash
|-damage|p1b: Blaziken|1/100
|move|p2a: Pelipper|Weather Ball|p1a: Metagross
|-damage|p1a: Metagross|37/100
|move|p1a: Metagross|Stomping Tantrum|p2b: Archaludon
|-supereffective|p2b: Archaludon|1
|-damage|p2b: Archaludon|49/100
|-ability|p2b: Archaludon|Stamina|boost
|-boost|p2b: Archaludon|def|1
|
|-weather|none
|-sideend|p2: raginghuman|move: Tailwind
|upkeep
|turn|6
|
|t:|1782658414
|switch|p2a: Sneasler|Sneasler, L50, M|100/100
|move|p1a: Metagross|Psychic Fangs|p2a: Sneasler
|-supereffective|p2a: Sneasler|2
|-damage|p2a: Sneasler|0 fnt
|faint|p2a: Sneasler
|move|p1b: Blaziken|Aura Sphere|p2b: Archaludon
|-supereffective|p2b: Archaludon|1
|-damage|p2b: Archaludon|0 fnt
|faint|p2b: Archaludon
|
|-ability|p1b: Blaziken|Speed Boost|boost
|-boost|p1b: Blaziken|spe|1
|upkeep
|
|t:|1782658423
|switch|p2a: Metagross|Metagross-Mega, L50|10/100
|switch|p2b: Pelipper|Pelipper, L50, M|52/100
|-weather|RainDance|[from] ability: Drizzle|[of] p2b: Pelipper
|turn|7
|
|t:|1782658432
|move|p2a: Metagross|Protect|p2a: Metagross
|-singleturn|p2a: Metagross|Protect
|move|p1b: Blaziken|Overheat|p2a: Metagross
|-activate|p2a: Metagross|move: Protect
|move|p1a: Metagross|Psychic Fangs|p2b: Pelipper
|-damage|p2b: Pelipper|0 fnt
|faint|p2b: Pelipper
|
|-weather|RainDance|[upkeep]
|-ability|p1b: Blaziken|Speed Boost|boost
|-boost|p1b: Blaziken|spe|1
|upkeep
|turn|8
|-message|raginghuman forfeited.
|
|win|raineyluvsu
||raginghuman is ready for game 2.
