|j|☆Nova2309
|j|☆failandimprove2
|html|Nova2309failandimprove2    
|uhtml|bestof|Game 1 of a best-of-3
|t:|1783453756
|gametype|doubles
|player|p1|Nova2309|266|1403
|player|p2|failandimprove2|169|1491
|gen|9
|tier|[Gen 9 Champions] VGC 2026 Reg M-B (Bo3)
|rated|
|rule|Species Clause: Limit one of each Pokémon
|rule|Item Clause: Limit 1 of each item
|clearpoke
|poke|p1|Venusaur, L50, M|
|poke|p1|Grimmsnarl, L50, M|
|poke|p1|Pelipper, L50, M|
|poke|p1|Archaludon, L50, M|
|poke|p1|Charizard, L50, F|
|poke|p1|Basculegion, L50, M|
|poke|p2|Charizard, L50, M|
|poke|p2|Floette-Eternal, L50, F|
|poke|p2|Whimsicott, L50, M|
|poke|p2|Basculegion, L50, M|
|poke|p2|Kingambit, L50, M|
|poke|p2|Garchomp, L50, F|
|teampreview|4
|showteam|p1|Venusaur||Venusaurite|Chlorophyll|Protect,SludgeBomb,GigaDrain,EarthPower|Modest||M|||50|]Grimmsnarl||LightClay|Prankster|SpiritBreak,Reflect,LightScreen,PartingShot|Careful||M|||50|]Pelipper||SitrusBerry|Drizzle|Hurricane,WeatherBall,Tailwind,WideGuard|Modest||M|||50|]Archaludon||Leftovers|Stamina|Protect,ElectroShot,DragonPulse,FlashCannon|Modest||M|||50|]Charizard||CharizarditeY|Blaze|HeatWave,SolarBeam,WeatherBall,Protect|Modest||F|||50|]Basculegion||ChoiceScarf|Adaptability|FlipTurn,WaveCrash,LastRespects,AquaJet|Jolly||M|||50|
|showteam|p2|Charizard||CharizarditeY|Blaze|HeatWave,WeatherBall,SolarBeam,Protect|Modest||M|||50|]Floette-Eternal||Floettite|FlowerVeil|Moonblast,DazzlingGleam,LightofRuin,Protect|Timid||F|||50|]Whimsicott||FocusSash|Prankster|Moonblast,Tailwind,Encore,Protect|Timid||M|||50|]Basculegion||MysticWater|Adaptability|WaveCrash,LastRespects,AquaJet,Protect|Adamant||M|||50|]Kingambit||ChopleBerry|Defiant|KowtowCleave,SuckerPunch,IronHead,LowKick|Adamant||M|||50|]Garchomp||LifeOrb|RoughSkin|Earthquake,RockSlide,DragonClaw,Protect|Jolly||F|||50|
|inactive|Battle timer is ON: inactive players will automatically lose when time's up. (requested by failandimprove2)
|inactive|Nova2309 has 60 seconds left.
|inactive|failandimprove2 has 60 seconds left.
|inactive|failandimprove2 has 30 seconds left.
|inactive|failandimprove2 has 20 seconds left.
|
|t:|1783453833
|teamsize|p1|4
|teamsize|p2|4
|start
|switch|p1a: Grimmsnarl|Grimmsnarl, L50, M|100/100
|switch|p1b: Venusaur|Venusaur, L50, M|100/100
|switch|p2a: Garchomp|Garchomp, L50, F|100/100
|switch|p2b: Whimsicott|Whimsicott, L50, M|100/100
|turn|1
|
|t:|1783453850
|detailschange|p1b: Venusaur|Venusaur-Mega, L50, M
|-mega|p1b: Venusaur|Venusaur|Venusaurite
|move|p2b: Whimsicott|Protect|p2b: Whimsicott
|-singleturn|p2b: Whimsicott|Protect
|move|p1a: Grimmsnarl|Light Screen|p1a: Grimmsnarl
|-sidestart|p1: Nova2309|move: Light Screen
|move|p2a: Garchomp|Earthquake|p1a: Grimmsnarl|[spread] p1a,p1b
|-activate|p2b: Whimsicott|move: Protect
|-damage|p1a: Grimmsnarl|46/100
|-damage|p1b: Venusaur|62/100
|-damage|p2a: Garchomp|90/100|[from] item: Life Orb
|move|p1b: Venusaur|Sludge Bomb|p2b: Whimsicott
|-activate|p2b: Whimsicott|move: Protect
|
|upkeep
|turn|2
|inactive|failandimprove2 has 30 seconds left.
|
|t:|1783453876
|move|p1a: Grimmsnarl|Reflect|p1a: Grimmsnarl
|-sidestart|p1: Nova2309|Reflect
|move|p2b: Whimsicott|Moonblast|p1a: Grimmsnarl
|-supereffective|p1a: Grimmsnarl|1
|-damage|p1a: Grimmsnarl|6/100
|move|p2a: Garchomp|Rock Slide|p1a: Grimmsnarl|[spread] p1a,p1b
|-damage|p1a: Grimmsnarl|0 fnt
|-damage|p1b: Venusaur|48/100
|faint|p1a: Grimmsnarl
|-damage|p2a: Garchomp|80/100|[from] item: Life Orb
|cant|p1b: Venusaur|flinch
|
|upkeep
|
|t:|1783453890
|switch|p1a: Archaludon|Archaludon, L50, M|100/100
|turn|3
|
|t:|1783453895
|move|p2b: Whimsicott|Protect|p2b: Whimsicott
|-singleturn|p2b: Whimsicott|Protect
|move|p2a: Garchomp|Earthquake|p1b: Venusaur|[spread] p1a,p1b
|-activate|p2b: Whimsicott|move: Protect
|-supereffective|p1a: Archaludon|1
|-damage|p1a: Archaludon|47/100
|-damage|p1b: Venusaur|24/100
|-ability|p1a: Archaludon|Stamina|boost
|-boost|p1a: Archaludon|def|1
|-damage|p2a: Garchomp|71/100|[from] item: Life Orb
|move|p1b: Venusaur|Sludge Bomb|p2b: Whimsicott
|-activate|p2b: Whimsicott|move: Protect
|move|p1a: Archaludon|Dragon Pulse|p2a: Garchomp
|-supereffective|p2a: Garchomp|1
|-damage|p2a: Garchomp|0 fnt
|faint|p2a: Garchomp
|
|-heal|p1a: Archaludon|53/100|[from] item: Leftovers
|upkeep
|
|t:|1783453910
|switch|p2a: Charizard|Charizard, L50, M|100/100
|turn|4
|
|t:|1783453922
|move|p2a: Charizard|Protect|p2a: Charizard
|-singleturn|p2a: Charizard|Protect
|move|p1b: Venusaur|Protect|p1b: Venusaur
|-singleturn|p1b: Venusaur|Protect
|move|p2b: Whimsicott|Encore|p1a: Archaludon
|-start|p1a: Archaludon|Encore
|move|p1a: Archaludon|Dragon Pulse|p2a: Charizard
|-activate|p2a: Charizard|move: Protect
|
|-heal|p1a: Archaludon|59/100|[from] item: Leftovers
|upkeep
|turn|5
|
|t:|1783453934
|move|p2b: Whimsicott|Moonblast|p1b: Venusaur
|-resisted|p1b: Venusaur|1
|-damage|p1b: Venusaur|14/100
|move|p2a: Charizard|Heat Wave|p1a: Archaludon|[spread] p1a,p1b
|-supereffective|p1b: Venusaur|1
|-damage|p1a: Archaludon|39/100
|-damage|p1b: Venusaur|0 fnt
|-ability|p1a: Archaludon|Stamina|boost
|-boost|p1a: Archaludon|def|1
|faint|p1b: Venusaur
|move|p1a: Archaludon|Dragon Pulse|p2a: Charizard
|-damage|p2a: Charizard|57/100
|
|-heal|p1a: Archaludon|45/100|[from] item: Leftovers
|upkeep
|
|t:|1783453943
|switch|p1b: Pelipper|Pelipper, L50, M|100/100
|-weather|RainDance|[from] ability: Drizzle|[of] p1b: Pelipper
|turn|6
|-message|Nova2309 forfeited.
|
|win|failandimprove2
