|j|☆lettitripppp
|j|☆claredefleur
|html|lettitrippppclaredefleur    
|uhtml|bestof|Game 3 of a best-of-3
|t:|1784228172
|gametype|doubles
|player|p1|lettitripppp|lucas|1247
|player|p2|claredefleur|hilbert|1185
|gen|9
|tier|[Gen 9 Champions] VGC 2026 Reg M-B (Bo3)
|rated|
|rule|Species Clause: Limit one of each Pokémon
|rule|Item Clause: Limit 1 of each item
|clearpoke
|poke|p1|Charizard, L50, F, shiny|
|poke|p1|Basculegion, L50, M, shiny|
|poke|p1|Pelipper, L50, F|
|poke|p1|Venusaur, L50, M|
|poke|p1|Archaludon, L50, M|
|poke|p1|Grimmsnarl, L50, M, shiny|
|poke|p2|Kingambit, L50, F|
|poke|p2|Garchomp, L50, F|
|poke|p2|Farigiraf, L50, F|
|poke|p2|Sylveon, L50, M|
|poke|p2|Aerodactyl, L50, M|
|poke|p2|Charizard, L50, M|
|teampreview|4
|showteam|p1|Charizard||CharizarditeY|Blaze|WeatherBall,SolarBeam,HeatWave,Protect|Modest||F|||50|]Basculegion||ChoiceScarf|Adaptability|LastRespects,WaveCrash,FlipTurn,AquaJet|Jolly||M|||50|]Pelipper||SitrusBerry|Drizzle|WeatherBall,WideGuard,Hurricane,Tailwind|Modest||F|||50|]Venusaur||FocusSash|Chlorophyll|SleepPowder,SludgeBomb,EarthPower,Protect|Modest||M|||50|]Archaludon||Leftovers|Stamina|FlashCannon,DragonPulse,ElectroShot,Protect|Calm||M|||50|]Grimmsnarl||LightClay|Prankster|PartingShot,LightScreen,SpiritBreak,Reflect|Relaxed||M|||50|
|showteam|p2|Kingambit||FocusSash|Defiant|SuckerPunch,KowtowCleave,LowKick,IronHead|Adamant||F|||50|]Garchomp||LifeOrb|RoughSkin|Earthquake,DragonClaw,StompingTantrum,Protect|Jolly||F|||50|]Farigiraf||SitrusBerry|ArmorTail|Psychic,Thunderbolt,TrickRoom,Protect|Bold||F|||50|]Sylveon||FairyFeather|Pixilate|HyperVoice,HyperBeam,QuickAttack,Detect|Modest||M|||50|]Aerodactyl||Aerodactylite|Unnerve|Tailwind,RockSlide,DualWingbeat,IceFang|Jolly||M|||50|]Charizard||CharizarditeY|SolarPower|Protect,HeatWave,WeatherBall,SolarBeam|Modest||M|||50|
|inactive|Battle timer is ON: inactive players will automatically lose when time's up. (requested by lettitripppp)
|inactive|claredefleur also wants the timer to be on.
|
|t:|1784228201
|teamsize|p1|4
|teamsize|p2|4
|start
|switch|p1a: GHOSTWAVE|Basculegion, L50, M, shiny|100/100
|switch|p1b: GO JOHAN|Grimmsnarl, L50, M, shiny|100/100
|switch|p2a: Aerodactyl|Aerodactyl, L50, M|100/100
|switch|p2b: Kingambit|Kingambit, L50, F|100/100
|-ability|p2a: Aerodactyl|Unnerve
|turn|1
|inactive|claredefleur has 30 seconds left.
|inactive|claredefleur has 20 seconds left.
|inactive|claredefleur has 15 seconds left.
|inactive|claredefleur has 10 seconds left.
|
|t:|1784228251
|move|p2b: Kingambit|Sucker Punch|p1a: GHOSTWAVE
|-supereffective|p1a: GHOSTWAVE|1
|-damage|p1a: GHOSTWAVE|0 fnt
|faint|p1a: GHOSTWAVE
|move|p1b: GO JOHAN|Reflect|p1b: GO JOHAN
|-sidestart|p1: lettitripppp|Reflect
|move|p2a: Aerodactyl|Tailwind|p2a: Aerodactyl
|-sidestart|p2: claredefleur|move: Tailwind
|
|upkeep
|
|t:|1784228258
|switch|p1a: WET-BEAK|Pelipper, L50, F|100/100
|-weather|RainDance|[from] ability: Drizzle|[of] p1a: WET-BEAK
|turn|2
|
|t:|1784228269
|move|p1b: GO JOHAN|Parting Shot|p2a: Aerodactyl
|-unboost|p2a: Aerodactyl|atk|1
|-unboost|p2a: Aerodactyl|spa|1
|
|t:|1784228273
|switch|p1b: BEYOND BRIDGE|Archaludon, L50, M|100/100|[from] Parting Shot
|move|p2a: Aerodactyl|Rock Slide|p1a: WET-BEAK|[spread] p1a,p1b
|-supereffective|p1a: WET-BEAK|1
|-resisted|p1b: BEYOND BRIDGE|1
|-crit|p1b: BEYOND BRIDGE
|-damage|p1a: WET-BEAK|80/100
|-damage|p1b: BEYOND BRIDGE|87/100
|-ability|p1b: BEYOND BRIDGE|Stamina|boost
|-boost|p1b: BEYOND BRIDGE|def|1
|move|p2b: Kingambit|Iron Head|p1b: BEYOND BRIDGE
|-resisted|p1b: BEYOND BRIDGE|1
|-damage|p1b: BEYOND BRIDGE|80/100
|-ability|p1b: BEYOND BRIDGE|Stamina|boost
|-boost|p1b: BEYOND BRIDGE|def|1
|move|p1a: WET-BEAK|Tailwind|p1a: WET-BEAK
|-sidestart|p1: lettitripppp|move: Tailwind
|
|-weather|RainDance|[upkeep]
|-heal|p1b: BEYOND BRIDGE|86/100|[from] item: Leftovers
|upkeep
|turn|3
|
|t:|1784228295
|move|p2a: Aerodactyl|Rock Slide|p1b: BEYOND BRIDGE|[spread] p1a,p1b
|-supereffective|p1a: WET-BEAK|1
|-resisted|p1b: BEYOND BRIDGE|1
|-damage|p1a: WET-BEAK|61/100
|-damage|p1b: BEYOND BRIDGE|84/100
|-ability|p1b: BEYOND BRIDGE|Stamina|boost
|-boost|p1b: BEYOND BRIDGE|def|1
|cant|p1b: BEYOND BRIDGE|flinch
|cant|p1a: WET-BEAK|flinch
|move|p2b: Kingambit|Low Kick|p1b: BEYOND BRIDGE
|-supereffective|p1b: BEYOND BRIDGE|1
|-damage|p1b: BEYOND BRIDGE|72/100
|-ability|p1b: BEYOND BRIDGE|Stamina|boost
|-boost|p1b: BEYOND BRIDGE|def|1
|
|-weather|RainDance|[upkeep]
|-heal|p1b: BEYOND BRIDGE|78/100|[from] item: Leftovers
|upkeep
|turn|4
|
|t:|1784228319
|switch|p1a: GO JOHAN|Grimmsnarl, L50, M, shiny|100/100
|move|p2b: Kingambit|Sucker Punch||[still]
|-fail|p2b: Kingambit
|move|p2a: Aerodactyl|Rock Slide|p1b: BEYOND BRIDGE|[spread] p1a,p1b
|-resisted|p1b: BEYOND BRIDGE|1
|-damage|p1a: GO JOHAN|91/100
|-damage|p1b: BEYOND BRIDGE|77/100
|-ability|p1b: BEYOND BRIDGE|Stamina|boost
|-boost|p1b: BEYOND BRIDGE|def|1
|cant|p1b: BEYOND BRIDGE|flinch
|
|-weather|RainDance|[upkeep]
|-heal|p1b: BEYOND BRIDGE|83/100|[from] item: Leftovers
|-sideend|p2: claredefleur|move: Tailwind
|upkeep
|turn|5
|c|☆lettitripppp|NO WAY????
|
|t:|1784228344
|switch|p2b: Charizard|Charizard, L50, M|100/100
|move|p1a: GO JOHAN|Light Screen|p1a: GO JOHAN
|-sidestart|p1: lettitripppp|move: Light Screen
|move|p1b: BEYOND BRIDGE|Electro Shot||[still]
|-prepare|p1b: BEYOND BRIDGE|Electro Shot
|-boost|p1b: BEYOND BRIDGE|spa|1
|-anim|p1b: BEYOND BRIDGE|Electro Shot|p2a: Aerodactyl
|-supereffective|p2a: Aerodactyl|1
|-damage|p2a: Aerodactyl|0 fnt
|faint|p2a: Aerodactyl
|
|-weather|RainDance|[upkeep]
|-heal|p1b: BEYOND BRIDGE|89/100|[from] item: Leftovers
|-sideend|p1: lettitripppp|move: Tailwind
|upkeep
|
|t:|1784228361
|switch|p2a: Garchomp|Garchomp, L50, F|100/100
|turn|6
|
|t:|1784228380
|move|p2b: Charizard|Protect|p2b: Charizard
|-singleturn|p2b: Charizard|Protect
|move|p1a: GO JOHAN|Parting Shot|p2b: Charizard
|-activate|p2b: Charizard|move: Protect
|move|p2a: Garchomp|Stomping Tantrum|p1b: BEYOND BRIDGE
|-supereffective|p1b: BEYOND BRIDGE|1
|-damage|p1b: BEYOND BRIDGE|75/100
|-ability|p1b: BEYOND BRIDGE|Stamina|boost
|-boost|p1b: BEYOND BRIDGE|def|1
|-damage|p2a: Garchomp|90/100|[from] item: Life Orb
|move|p1b: BEYOND BRIDGE|Dragon Pulse|p2a: Garchomp
|-supereffective|p2a: Garchomp|1
|-damage|p2a: Garchomp|0 fnt
|faint|p2a: Garchomp
|
|-weather|none
|-heal|p1b: BEYOND BRIDGE|81/100|[from] item: Leftovers
|upkeep
|
|t:|1784228389
|switch|p2a: Kingambit|Kingambit, L50, F|100/100
|turn|7
|
|t:|1784228406
|detailschange|p2b: Charizard|Charizard-Mega-Y, L50, M
|-mega|p2b: Charizard|Charizard|Charizardite Y
|-weather|SunnyDay|[from] ability: Drought|[of] p2b: Charizard
|move|p1a: GO JOHAN|Parting Shot|p2b: Charizard
|-unboost|p2b: Charizard|atk|1
|-unboost|p2b: Charizard|spa|1
|
|t:|1784228412
|switch|p1a: WET-BEAK|Pelipper, L50, F|61/100|[from] Parting Shot
|-weather|RainDance|[from] ability: Drizzle|[of] p1a: WET-BEAK
|move|p2b: Charizard|Weather Ball|p1b: BEYOND BRIDGE
|-resisted|p1b: BEYOND BRIDGE|1
|-damage|p1b: BEYOND BRIDGE|71/100
|move|p1b: BEYOND BRIDGE|Electro Shot||[still]
|-prepare|p1b: BEYOND BRIDGE|Electro Shot
|-boost|p1b: BEYOND BRIDGE|spa|1
|-anim|p1b: BEYOND BRIDGE|Electro Shot|p2b: Charizard
|-supereffective|p2b: Charizard|1
|-damage|p2b: Charizard|0 fnt
|faint|p2b: Charizard
|move|p2a: Kingambit|Iron Head|p1a: WET-BEAK
|-resisted|p1a: WET-BEAK|1
|-damage|p1a: WET-BEAK|44/100
|-enditem|p1a: WET-BEAK|Sitrus Berry|[eat]
|-heal|p1a: WET-BEAK|68/100|[from] item: Sitrus Berry
|
|-weather|RainDance|[upkeep]
|-heal|p1b: BEYOND BRIDGE|77/100|[from] item: Leftovers
|upkeep
|turn|8
|c|☆claredefleur|Ff
|-message|claredefleur forfeited.
|
|win|lettitripppp
|raw|lettitripppp's rating: 1247 → 1268(+21 for winning)
|raw|claredefleur's rating: 1185 → 1164(-21 for losing)
