|j|☆Tamejo
|j|☆gtgnimbus
|html|Tamejogtgnimbus    
|uhtml|bestof|Game 1 of a best-of-3
|t:|1784133809
|gametype|doubles
|player|p1|Tamejo|caitlin|1046
|player|p2|gtgnimbus|wallace|1166
|gen|9
|tier|[Gen 9 Champions] VGC 2026 Reg M-B (Bo3)
|rated|
|rule|Species Clause: Limit one of each Pokémon
|rule|Item Clause: Limit 1 of each item
|clearpoke
|poke|p1|Mamoswine, L50, M|
|poke|p1|Gyarados, L50, F|
|poke|p1|Sneasler, L50, M|
|poke|p1|Sinistcha, L50|
|poke|p1|Talonflame, L50, F|
|poke|p1|Metagross, L50|
|poke|p2|Incineroar, L50, M|
|poke|p2|Blastoise, L50, M|
|poke|p2|Sinistcha, L50|
|poke|p2|Kingambit, L50, M|
|poke|p2|Delphox, L50, F|
|poke|p2|Sneasler, L50, F|
|teampreview|4
|showteam|p1|Mamoswine||LifeOrb|Oblivious|HighHorsepower,IceShard,RockSlide,Protect|Adamant||M|||50|]Gyarados||Gyaradosite|Intimidate|Waterfall,LashOut,DragonDance,Protect|Jolly||F|||50|]Sneasler||FocusSash|PoisonTouch|PoisonJab,CloseCombat,FakeOut,Coaching|Jolly||M|||50|]Sinistcha||OccaBerry|Hospitality|MatchaGotcha,RagePowder,LifeDew,Protect|Bold|||||50|]Talonflame||SharpBeak|GaleWings|DualWingbeat,Tailwind,Taunt,QuickGuard|Jolly||F|||50|]Metagross||Metagrossite|ClearBody|PsychicFangs,IronHead,BodyPress,Protect|Adamant|||||50|
|showteam|p2|Incineroar||SitrusBerry|Intimidate|FlareBlitz,HelpingHand,PartingShot,FakeOut|Careful||M|||50|]Blastoise||Blastoisinite|RainDish|WaterSpout,DarkPulse,ShellSmash,Protect|Modest||M|||50|]Sinistcha||KasibBerry|Hospitality|MatchaGotcha,TrickRoom,RagePowder,Protect|Bold|||||50|]Kingambit||BlackGlasses|Defiant|KowtowCleave,SuckerPunch,SwordsDance,Protect|Adamant||M|||50|]Delphox||Delphoxite|Blaze|HeatWave,Psyshock,NastyPlot,Protect|Modest||F|||50|]Sneasler||FocusSash|PoisonTouch|CloseCombat,PoisonJab,QuickGuard,FakeOut|Jolly||F|||50|
|
|t:|1784133854
|teamsize|p1|4
|teamsize|p2|4
|start
|switch|p1a: Gyarados|Gyarados, L50, F|100/100
|switch|p1b: Sneasler|Sneasler, L50, M|100/100
|switch|p2a: Incineroar|Incineroar, L50, M|100/100
|switch|p2b: Blastoise|Blastoise, L50, M|100/100
|-ability|p1a: Gyarados|Intimidate|boost
|-unboost|p2a: Incineroar|atk|1
|-unboost|p2b: Blastoise|atk|1
|-ability|p2a: Incineroar|Intimidate|boost
|-unboost|p1a: Gyarados|atk|1
|-unboost|p1b: Sneasler|atk|1
|turn|1
|inactive|Battle timer is ON: inactive players will automatically lose when time's up. (requested by gtgnimbus)
|
|t:|1784133886
|detailschange|p2b: Blastoise|Blastoise-Mega, L50, M
|-mega|p2b: Blastoise|Blastoise|Blastoisinite
|move|p1b: Sneasler|Fake Out|p2b: Blastoise
|-damage|p2b: Blastoise|89/100
|move|p1a: Gyarados|Dragon Dance|p1a: Gyarados
|-boost|p1a: Gyarados|atk|1
|-boost|p1a: Gyarados|spe|1
|cant|p2b: Blastoise|flinch
|move|p2a: Incineroar|Parting Shot|p1a: Gyarados
|-unboost|p1a: Gyarados|atk|1
|-unboost|p1a: Gyarados|spa|1
|
|t:|1784133901
|switch|p2a: Sneasler|Sneasler, L50, F|100/100|[from] Parting Shot
|
|upkeep
|turn|2
|
|t:|1784133918
|detailschange|p1a: Gyarados|Gyarados-Mega, L50, F
|-mega|p1a: Gyarados|Gyarados|Gyaradosite
|-ability|p1a: Gyarados|Mold Breaker
|move|p2a: Sneasler|Fake Out|p1a: Gyarados
|-damage|p1a: Gyarados|87/100
|cant|p1a: Gyarados|flinch
|move|p1b: Sneasler|Poison Jab|p2b: Blastoise
|-damage|p2b: Blastoise|62/100
|-status|p2b: Blastoise|psn
|move|p2b: Blastoise|Shell Smash|p2b: Blastoise
|-unboost|p2b: Blastoise|def|1
|-unboost|p2b: Blastoise|spd|1
|-boost|p2b: Blastoise|atk|2
|-boost|p2b: Blastoise|spa|2
|-boost|p2b: Blastoise|spe|2
|
|-damage|p2b: Blastoise|50/100g psn|[from] psn
|upkeep
|turn|3
|
|t:|1784133937
|switch|p2a: Sinistcha|Sinistcha, L50|100/100
|-heal|p2b: Blastoise|74/100 psn|[from] ability: Hospitality|[of] p2a: Sinistcha
|move|p1a: Gyarados|Protect|p1a: Gyarados
|-singleturn|p1a: Gyarados|Protect
|move|p2b: Blastoise|Water Spout|p1b: Sneasler|[spread] p1b
|-activate|p1a: Gyarados|move: Protect
|-enditem|p1b: Sneasler|Focus Sash
|-damage|p1b: Sneasler|1/100
|move|p1b: Sneasler|Coaching|p1a: Gyarados
|-boost|p1a: Gyarados|atk|1
|-boost|p1a: Gyarados|def|1
|
|-damage|p2b: Blastoise|62/100 psn|[from] psn
|upkeep
|turn|4
|inactive|Tamejo has 30 seconds left.
|
|t:|1784133968
|move|p2b: Blastoise|Water Spout|p1b: Sneasler|[spread] p1a,p1b
|-resisted|p1a: Gyarados|1
|-damage|p1a: Gyarados|53/100
|-damage|p1b: Sneasler|0 fnt
|faint|p1b: Sneasler
|move|p1a: Gyarados|Lash Out|p2a: Sinistcha
|-supereffective|p2a: Sinistcha|1
|-damage|p2a: Sinistcha|31/100
|move|p2a: Sinistcha|Matcha Gotcha|p1a: Gyarados
|-supereffective|p1a: Gyarados|1
|-damage|p1a: Gyarados|3/100
|-heal|p2a: Sinistcha|56/100|[from] drain|[of] p1a: Gyarados
|
|-damage|p2b: Blastoise|50/100g psn|[from] psn
|upkeep
|
|t:|1784133977
|switch|p1b: Talonflame|Talonflame, L50, F|100/100
|turn|5
|
|t:|1784133989
|switch|p2a: Incineroar|Incineroar, L50, M|100/100
|-ability|p2a: Incineroar|Intimidate|boost
|-unboost|p1a: Gyarados|atk|1
|-unboost|p1b: Talonflame|atk|1
|move|p1b: Talonflame|Dual Wingbeat|p2b: Blastoise
|-crit|p2b: Blastoise
|-damage|p2b: Blastoise|12/100 psn
|-damage|p2b: Blastoise|0 fnt
|faint|p2b: Blastoise
|-hitcount|p2: Blastoise|2
|move|p1a: Gyarados|Lash Out|p2a: Incineroar
|-resisted|p2a: Incineroar|1
|-damage|p2a: Incineroar|71/100
|
|upkeep
|
|t:|1784134008
|switch|p2b: Sinistcha|Sinistcha, L50|56/100
|-heal|p2a: Incineroar|96/100|[from] ability: Hospitality|[of] p2b: Sinistcha
|turn|6
|
|t:|1784134020
|move|p1b: Talonflame|Quick Guard|p1b: Talonflame
|-singleturn|p1b: Talonflame|Quick Guard
|move|p2a: Incineroar|Fake Out|p1b: Talonflame
|-activate|p1b: Talonflame|move: Quick Guard
|move|p1a: Gyarados|Waterfall|p2a: Incineroar
|-supereffective|p2a: Incineroar|1
|-damage|p2a: Incineroar|36/100
|-enditem|p2a: Incineroar|Sitrus Berry|[eat]
|-heal|p2a: Incineroar|60/100|[from] item: Sitrus Berry
|move|p2b: Sinistcha|Matcha Gotcha|p1a: Gyarados|[spread] p1a,p1b
|-supereffective|p1a: Gyarados|1
|-resisted|p1b: Talonflame|2
|-damage|p1a: Gyarados|0 fnt
|-heal|p2b: Sinistcha|58/100|[from] drain|[of] p1a: Gyarados
|-damage|p1b: Talonflame|90/100
|-heal|p2b: Sinistcha|62/100|[from] drain|[of] p1b: Talonflame
|faint|p1a: Gyarados
|
|upkeep
|
|t:|1784134028
|switch|p1a: Mamoswine|Mamoswine, L50, M|100/100
|turn|7
|
|t:|1784134044
|move|p2b: Sinistcha|Protect|p2b: Sinistcha
|-singleturn|p2b: Sinistcha|Protect
|move|p1b: Talonflame|Dual Wingbeat|p2b: Sinistcha
|-activate|p2b: Sinistcha|move: Protect
|move|p1a: Mamoswine|High Horsepower|p2a: Incineroar
|-supereffective|p2a: Incineroar|1
|-damage|p2a: Incineroar|0 fnt
|faint|p2a: Incineroar
|-damage|p1a: Mamoswine|90/100|[from] item: Life Orb
|
|upkeep
|
|t:|1784134051
|switch|p2a: Sneasler|Sneasler, L50, F|100/100
|turn|8
|
|t:|1784134073
|move|p1a: Mamoswine|Protect|p1a: Mamoswine
|-singleturn|p1a: Mamoswine|Protect
|move|p2a: Sneasler|Fake Out|p1b: Talonflame
|-damage|p1b: Talonflame|67/100
|-status|p1b: Talonflame|psn|[from] ability: Poison Touch|[of] p2a: Sneasler
|cant|p1b: Talonflame|flinch
|move|p2b: Sinistcha|Matcha Gotcha|p1b: Talonflame|[spread] p1b
|-activate|p1a: Mamoswine|move: Protect
|-resisted|p1b: Talonflame|2
|-damage|p1b: Talonflame|58/100 psn
|-heal|p2b: Sinistcha|66/100|[from] drain|[of] p1b: Talonflame
|
|-damage|p1b: Talonflame|46/100 psn|[from] psn
|upkeep
|turn|9
|
|t:|1784134090
|move|p1a: Mamoswine|Ice Shard|p2b: Sinistcha
|-supereffective|p2b: Sinistcha|1
|-damage|p2b: Sinistcha|12/100
|-damage|p1a: Mamoswine|80/100|[from] item: Life Orb
|move|p1b: Talonflame|Dual Wingbeat|p2a: Sneasler
|-supereffective|p2a: Sneasler|1
|-damage|p2a: Sneasler|60/100
|-supereffective|p2a: Sneasler|1
|-crit|p2a: Sneasler
|-damage|p2a: Sneasler|0 fnt
|faint|p2a: Sneasler
|-hitcount|p2: Sneasler|2
|move|p2b: Sinistcha|Matcha Gotcha|p1b: Talonflame|[spread] p1a,p1b
|-supereffective|p1a: Mamoswine|1
|-resisted|p1b: Talonflame|2
|-damage|p1a: Mamoswine|16/100
|-heal|p2b: Sinistcha|46/100|[from] drain|[of] p1a: Mamoswine
|-damage|p1b: Talonflame|37/100 psn
|-heal|p2b: Sinistcha|50/100g|[from] drain|[of] p1b: Talonflame
|-status|p1a: Mamoswine|brn
|
|-damage|p1b: Talonflame|25/100 psn|[from] psn
|-damage|p1a: Mamoswine|10/100 brn|[from] brn
|upkeep
|turn|10
|c|☆gtgnimbus|omg
|c|☆gtgnimbus|u perma crit
|
|t:|1784134111
|move|p2b: Sinistcha|Protect|p2b: Sinistcha
|-singleturn|p2b: Sinistcha|Protect
|move|p1a: Mamoswine|Ice Shard|p2b: Sinistcha
|-activate|p2b: Sinistcha|move: Protect
|move|p1b: Talonflame|Dual Wingbeat|p2b: Sinistcha
|-activate|p2b: Sinistcha|move: Protect
|
|-damage|p1b: Talonflame|12/100 psn|[from] psn
|-damage|p1a: Mamoswine|4/100 brn|[from] brn
|upkeep
|turn|11
|
|t:|1784134120
|move|p2b: Sinistcha|Protect|p2b: Sinistcha
|-singleturn|p2b: Sinistcha|Protect
|move|p1a: Mamoswine|Ice Shard|p2b: Sinistcha
|-activate|p2b: Sinistcha|move: Protect
|move|p1b: Talonflame|Dual Wingbeat|p2b: Sinistcha
|-activate|p2b: Sinistcha|move: Protect
|
|-damage|p1b: Talonflame|1/100 psn|[from] psn
|-damage|p1a: Mamoswine|0 fnt|[from] brn
|faint|p1a: Mamoswine
|upkeep
|turn|12
|c|☆gtgnimbus|deserved
|c|☆Tamejo|Said the one who got burn and poison
|
|t:|1784134136
|move|p1b: Talonflame|Dual Wingbeat|p2b: Sinistcha
|-supereffective|p2b: Sinistcha|1
|-damage|p2b: Sinistcha|29/100
|-supereffective|p2b: Sinistcha|1
|-damage|p2b: Sinistcha|8/100
|-hitcount|p2b: Sinistcha|2
|move|p2b: Sinistcha|Matcha Gotcha|p1b: Talonflame
|-resisted|p1b: Talonflame|2
|-damage|p1b: Talonflame|0 fnt
|-heal|p2b: Sinistcha|9/100|[from] drain|[of] p1b: Talonflame
|faint|p1b: Talonflame
|
|win|gtgnimbus
||Tamejo is ready for game 2.
||gtgnimbus is ready for game 2.
|uhtml|next|Next: Game 2 of 3
|c|☆gtgnimbus|u crit me 2 out of 2 XD
|l|☆Tamejo
|player|p1|
|j|☆Tamejo
|player|p1|Tamejo|caitlin|
