|j|☆new mental
|j|☆Glaxx
|html|new mentalGlaxx    
|uhtml|bestof|Game 1 of a best-of-3
|t:|1786128057
|gametype|doubles
|player|p1|new mental|volkner|1125
|player|p2|Glaxx|red|1094
|gen|9
|tier|[Gen 9 Champions] VGC 2026 Reg M-B (Bo3)
|rated|
|rule|Species Clause: Limit one of each Pokémon
|rule|Item Clause: Limit 1 of each item
|clearpoke
|poke|p1|Charizard, L50, F|
|poke|p1|Garchomp, L50, M|
|poke|p1|Incineroar, L50, M|
|poke|p1|Venusaur, L50, M|
|poke|p1|Toxapex, L50, M|
|poke|p1|Sylveon, L50, F|
|poke|p2|Sceptile, L50, M, shiny|
|poke|p2|Metagross, L50, shiny|
|poke|p2|Milotic, L50, F, shiny|
|poke|p2|Arcanine-Hisui, L50, M, shiny|
|poke|p2|Gardevoir, L50, F, shiny|
|poke|p2|Rotom, L50, shiny|
|teampreview|4
|showteam|p1|Charizard||CharizarditeY|Blaze|WeatherBall,HeatWave,AncientPower,Protect|Modest||F|||50|]Garchomp||ChoiceScarf|RoughSkin|RockSlide,DragonClaw,Earthquake,StompingTantrum|Adamant||M|||50|]Incineroar||SitrusBerry|Intimidate|FlareBlitz,FakeOut,DarkestLariat,PartingShot|Impish||M|||50|]Venusaur||LifeOrb|Chlorophyll|SludgeBomb,LeafStorm,EarthPower,Protect|Modest||M|||50|]Toxapex||Leftovers|Regenerator|Infestation,Toxic,WideGuard,BanefulBunker|Bold||M|||50|]Sylveon||FairyFeather|Pixilate|HyperVoice,QuickAttack,Yawn,Detect|Modest||F|||50|
|showteam|p2|Sceptile||Sceptilite|Unburden|DragonPulse,LeafStorm,Protect,EarthPower|Timid||M|||50|]Metagross||Metagrossite|ClearBody|Trailblaze,IcePunch,PsychicFangs,MeteorMash|Jolly|||||50|]Milotic||Leftovers|Competitive|IcyWind,AlluringVoice,Scald,RainDance|Modest||F|||50|]Arcanine-Hisui||ExpertBelt|RockHead|ExtremeSpeed,FlareBlitz,HeadSmash,WildCharge|Adamant||M|||50|]Gardevoir||ZoomLens|Trace|Psyshock,FocusBlast,DazzlingGleam,SkillSwap|Quiet||F|||50|]Rotom||ChoiceScarf|Levitate|Discharge,ShadowBall,WillOWisp,Trick|Timid|||||50|
|inactive|Battle timer is ON: inactive players will automatically lose when time's up. (requested by Glaxx)
|
|t:|1786128090
|teamsize|p1|4
|teamsize|p2|4
|start
|switch|p1a: Charizard|Charizard, L50, F|100/100
|switch|p1b: Garchomp|Garchomp, L50, M|100/100
|switch|p2a: Gardevoir|Gardevoir, L50, F, shiny|100/100
|switch|p2b: Rotom|Rotom, L50, shiny|100/100
|-ability|p2a: Gardevoir|Blaze|Trace|[from] ability: Trace|[of] p1a: Charizard
|turn|1
|inactive|Glaxx has 30 seconds left.
|
|t:|1786128116
|switch|p1b: Venusaur|Venusaur, L50, M|100/100
|detailschange|p1a: Charizard|Charizard-Mega-Y, L50, F
|-mega|p1a: Charizard|Charizard|Charizardite Y
|-weather|SunnyDay|[from] ability: Drought|[of] p1a: Charizard
|move|p2b: Rotom|Discharge|p1a: Charizard|[spread] p2a,p1a,p1b
|-supereffective|p1a: Charizard|1
|-resisted|p1b: Venusaur|1
|-damage|p2a: Gardevoir|68/100
|-damage|p1a: Charizard|53/100
|-damage|p1b: Venusaur|84/100
|move|p1a: Charizard|Heat Wave|p2b: Rotom|[spread] p2a,p2b
|-damage|p2a: Gardevoir|0 fnt
|-damage|p2b: Rotom|0 fnt
|faint|p2a: Gardevoir
|faint|p2b: Rotom
|
|-weather|SunnyDay|[upkeep]
|upkeep
|
|t:|1786128121
|switch|p2b: Milotic|Milotic, L50, F, shiny|100/100
|switch|p2a: Sceptile|Sceptile, L50, M, shiny|100/100
|turn|2
|
|t:|1786128133
|detailschange|p2a: Sceptile|Sceptile-Mega, L50, M, shiny
|-mega|p2a: Sceptile|Sceptile|Sceptilite
|move|p2a: Sceptile|Protect|p2a: Sceptile
|-singleturn|p2a: Sceptile|Protect
|move|p1b: Venusaur|Sludge Bomb|p2a: Sceptile
|-activate|p2a: Sceptile|move: Protect
|move|p1a: Charizard|Heat Wave|p2b: Milotic|[spread] p2b
|-activate|p2a: Sceptile|move: Protect
|-resisted|p2b: Milotic|1
|-damage|p2b: Milotic|71/100
|-status|p2b: Milotic|brn
|move|p2b: Milotic|Rain Dance|p2b: Milotic
|-weather|RainDance
|
|-weather|RainDance|[upkeep]
|-heal|p2b: Milotic|77/100 brn|[from] item: Leftovers
|-damage|p2b: Milotic|71/100 brn|[from] brn
|upkeep
|turn|3
|
|t:|1786128154
|switch|p1a: Incineroar|Incineroar, L50, M|100/100
|-ability|p1a: Incineroar|Intimidate|boost
|-unboost|p2a: Sceptile|atk|1
|-unboost|p2b: Milotic|atk|1
|-ability|p2b: Milotic|Competitive|boost
|-boost|p2b: Milotic|spa|2
|move|p1b: Venusaur|Protect|p1b: Venusaur
|-singleturn|p1b: Venusaur|Protect
|move|p2a: Sceptile|Dragon Pulse|p1b: Venusaur
|-activate|p1b: Venusaur|move: Protect
|move|p2b: Milotic|Icy Wind|p1b: Venusaur|[spread] p1a
|-activate|p1b: Venusaur|move: Protect
|-resisted|p1a: Incineroar|1
|-damage|p1a: Incineroar|89/100
|-unboost|p1a: Incineroar|spe|1
|
|-weather|RainDance|[upkeep]
|-heal|p2b: Milotic|77/100 brn|[from] item: Leftovers
|-damage|p2b: Milotic|71/100 brn|[from] brn
|upkeep
|turn|4
|
|t:|1786128173
|switch|p1a: Charizard|Charizard-Mega-Y, L50, F|53/100
|-weather|SunnyDay|[from] ability: Drought|[of] p1a: Charizard
|move|p2a: Sceptile|Protect|p2a: Sceptile
|-singleturn|p2a: Sceptile|Protect
|move|p1b: Venusaur|Leaf Storm|p2b: Milotic
|-supereffective|p2b: Milotic|1
|-damage|p2b: Milotic|0 fnt
|-unboost|p1b: Venusaur|spa|2
|faint|p2b: Milotic
|-damage|p1b: Venusaur|75/100|[from] item: Life Orb
|
|-weather|SunnyDay|[upkeep]
|upkeep
|turn|5
|
|t:|1786128184
|switch|p1b: Incineroar|Incineroar, L50, M|89/100
|-ability|p1b: Incineroar|Intimidate|boost
|-unboost|p2a: Sceptile|atk|1
|move|p2a: Sceptile|Dragon Pulse|p1a: Charizard
|-damage|p1a: Charizard|11/100
|move|p1a: Charizard|Weather Ball|p2a: Sceptile
|-damage|p2a: Sceptile|0 fnt
|faint|p2a: Sceptile
|
|win|new mental
