|j|☆MrMrvz
|j|☆cyanbalthy
|html|MrMrvzcyanbalthy    
|uhtml|bestof|Game 3 of a best-of-3
|t:|1785944903
|gametype|doubles
|player|p1|MrMrvz|ethan|1140
|player|p2|cyanbalthy|265|1248
|gen|9
|tier|[Gen 9 Champions] VGC 2026 Reg M-B (Bo3)
|rated|
|rule|Species Clause: Limit one of each Pokémon
|rule|Item Clause: Limit 1 of each item
|clearpoke
|poke|p1|Feraligatr, L50, M, shiny|
|poke|p1|Staraptor, L50, F|
|poke|p1|Whimsicott, L50, F|
|poke|p1|Glimmora, L50, M|
|poke|p1|Delphox, L50, M|
|poke|p1|Kingambit, L50, M, shiny|
|poke|p2|Delphox, L50, M|
|poke|p2|Raichu, L50, F|
|poke|p2|Primarina, L50, M|
|poke|p2|Incineroar, L50, M|
|poke|p2|Sinistcha, L50|
|poke|p2|Mamoswine, L50, F|
|teampreview|4
|showteam|p1|Feraligatr||LifeOrb|SheerForce|Liquidation,RockSlide,IcePunch,AquaJet|Adamant||M|||50|]Staraptor||Staraptite|Intimidate|BraveBird,CloseCombat,Roost,Protect|Jolly||F|||50|]Whimsicott||OccaBerry|Prankster|Tailwind,Moonblast,Charm,LightScreen|Timid||F|||50|]Glimmora||FocusSash|ToxicDebris|PowerGem,SludgeBomb,EarthPower,SpikyShield|Modest||M|||50|]Delphox||Delphoxite|Blaze|HeatWave,Psychic,Encore,Protect|Timid||M|||50|]Kingambit||ChopleBerry|Defiant|KowtowCleave,IronHead,LowKick,SuckerPunch|Adamant||M|||50|
|showteam|p2|Delphox||Delphoxite|Blaze|HeatWave,Psyshock,NastyPlot,Protect|Modest||M|||50|]Raichu||RaichuniteY|LightningRod|ZapCannon,FocusBlast,FakeOut,Protect|Timid||F|||50|]Primarina||Leftovers|LiquidVoice|HyperVoice,Moonblast,CalmMind,Protect|Modest||M|||50|]Incineroar||SitrusBerry|Intimidate|FlareBlitz,ThroatChop,PartingShot,FakeOut|Careful||M|||50|]Sinistcha||ColburBerry|Hospitality|MatchaGotcha,RagePowder,StrengthSap,Protect|Bold|||||50|]Mamoswine||ChoiceScarf|Oblivious|Earthquake,IcicleCrash,IceShard,RockSlide|Jolly||F|||50|
|
|t:|1785944953
|teamsize|p1|4
|teamsize|p2|4
|start
|switch|p1a: Glimmora|Glimmora, L50, M|100/100
|switch|p1b: Kingambit|Kingambit, L50, M, shiny|100/100
|switch|p2a: Delphox|Delphox, L50, M|100/100
|switch|p2b: Incineroar|Incineroar, L50, M|100/100
|-ability|p2b: Incineroar|Intimidate|boost
|-unboost|p1a: Glimmora|atk|1
|-unboost|p1b: Kingambit|atk|1
|-ability|p1b: Kingambit|Defiant|boost
|-boost|p1b: Kingambit|atk|2
|turn|1
|
|t:|1785945008
|detailschange|p2a: Delphox|Delphox-Mega, L50, M
|-mega|p2a: Delphox|Delphox|Delphoxite
|move|p2b: Incineroar|Fake Out|p1b: Kingambit
|-resisted|p1b: Kingambit|1
|-damage|p1b: Kingambit|96/100
|cant|p1b: Kingambit|flinch
|move|p2a: Delphox|Nasty Plot|p2a: Delphox
|-boost|p2a: Delphox|spa|2
|move|p1a: Glimmora|Power Gem|p2b: Incineroar
|-supereffective|p2b: Incineroar|1
|-damage|p2b: Incineroar|28/100
|-enditem|p2b: Incineroar|Sitrus Berry|[eat]
|-heal|p2b: Incineroar|53/100|[from] item: Sitrus Berry
|
|upkeep
|turn|2
|
|t:|1785945032
|switch|p2b: Sinistcha|Sinistcha, L50|100/100
|move|p2a: Delphox|Protect|p2a: Delphox
|-singleturn|p2a: Delphox|Protect
|move|p1b: Kingambit|Sucker Punch||[still]
|-fail|p1b: Kingambit
|move|p1a: Glimmora|Power Gem|p2b: Sinistcha
|-damage|p2b: Sinistcha|53/100
|
|upkeep
|turn|3
|
|t:|1785945087
|move|p2b: Sinistcha|Rage Powder|p2b: Sinistcha
|-singleturn|p2b: Sinistcha|move: Rage Powder
|move|p2a: Delphox|Heat Wave|p1b: Kingambit|[spread] p1a,p1b
|-resisted|p1a: Glimmora|1
|-supereffective|p1b: Kingambit|1
|-damage|p1a: Glimmora|47/100
|-damage|p1b: Kingambit|0 fnt
|faint|p1b: Kingambit
|move|p1a: Glimmora|Power Gem|p2b: Sinistcha
|-damage|p2b: Sinistcha|2/100
|
|upkeep
|
|t:|1785945096
|switch|p1b: Feraligatr|Feraligatr, L50, M, shiny|100/100
|turn|4
|
|t:|1785945111
|switch|p2b: Incineroar|Incineroar, L50, M|53/100
|-ability|p2b: Incineroar|Intimidate|boost
|-unboost|p1a: Glimmora|atk|1
|-unboost|p1b: Feraligatr|atk|1
|move|p2a: Delphox|Protect|p2a: Delphox
|-singleturn|p2a: Delphox|Protect
|move|p1a: Glimmora|Power Gem|p2b: Incineroar
|-supereffective|p2b: Incineroar|1
|-damage|p2b: Incineroar|0 fnt
|faint|p2b: Incineroar
|move|p1b: Feraligatr|Liquidation|p2a: Delphox
|-activate|p2a: Delphox|move: Protect
|
|upkeep
|
|t:|1785945125
|switch|p2b: Sinistcha|Sinistcha, L50|2/100
|turn|5
|
|t:|1785945153
|move|p2b: Sinistcha|Rage Powder|p2b: Sinistcha
|-singleturn|p2b: Sinistcha|move: Rage Powder
|move|p1b: Feraligatr|Aqua Jet|p2b: Sinistcha
|-resisted|p2b: Sinistcha|1
|-damage|p2b: Sinistcha|0 fnt
|faint|p2b: Sinistcha
|-damage|p1b: Feraligatr|90/100|[from] item: Life Orb
|move|p2a: Delphox|Psyshock|p1b: Feraligatr
|-damage|p1b: Feraligatr|5/100
|move|p1a: Glimmora|Power Gem|p2a: Delphox
|-supereffective|p2a: Delphox|1
|-damage|p2a: Delphox|24/100
|
|upkeep
|
|t:|1785945165
|switch|p2b: Primarina|Primarina, L50, M|100/100
|turn|6
|
|t:|1785945201
|move|p2a: Delphox|Protect|p2a: Delphox
|-singleturn|p2a: Delphox|Protect
|move|p1b: Feraligatr|Aqua Jet|p2a: Delphox
|-activate|p2a: Delphox|move: Protect
|move|p1a: Glimmora|Sludge Bomb|p2b: Primarina
|-supereffective|p2b: Primarina|1
|-damage|p2b: Primarina|8/100
|-status|p2b: Primarina|psn
|move|p2b: Primarina|Hyper Voice|p1a: Glimmora|[spread] p1a,p1b
|-supereffective|p1a: Glimmora|1
|-resisted|p1b: Feraligatr|1
|-crit|p1b: Feraligatr
|-damage|p1a: Glimmora|0 fnt
|-damage|p1b: Feraligatr|0 fnt
|faint|p1a: Glimmora
|faint|p1b: Feraligatr
|
|-heal|p2b: Primarina|14/100 psn|[from] item: Leftovers
|-damage|p2b: Primarina|2/100 psn|[from] psn
|upkeep
|
|t:|1785945218
|switch|p1b: Staraptor|Staraptor, L50, F|100/100
|-ability|p1b: Staraptor|Intimidate|boost
|-unboost|p2a: Delphox|atk|1
|-unboost|p2b: Primarina|atk|1
|turn|7
|
|t:|1785945227
|detailschange|p1b: Staraptor|Staraptor-Mega, L50, F
|-mega|p1b: Staraptor|Staraptor|Staraptite
|move|p1b: Staraptor|Protect|p1b: Staraptor
|-singleturn|p1b: Staraptor|Protect
|move|p2a: Delphox|Psyshock|p1b: Staraptor
|-activate|p1b: Staraptor|move: Protect
|move|p2b: Primarina|Moonblast|p1b: Staraptor
|-activate|p1b: Staraptor|move: Protect
|
|-heal|p2b: Primarina|8/100 psn|[from] item: Leftovers
|-damage|p2b: Primarina|0 fnt|[from] psn
|faint|p2b: Primarina
|upkeep
|turn|8
|
|t:|1785945241
|move|p1b: Staraptor|Brave Bird|p2a: Delphox
|-damage|p2a: Delphox|0 fnt
|faint|p2a: Delphox
|-damage|p1b: Staraptor|91/100|[from] Recoil
|
|win|MrMrvz
|raw|MrMrvz's rating: 1140 → 1173(+33 for winning)
|raw|cyanbalthy's rating: 1248 → 1215(-33 for losing)
|l|☆cyanbalthy
|player|p2|
