|j|☆cubesugar
|html|cubesugarGuest 10611365    
|uhtml|bestof|Game 2 of a best-of-3
|t:|1785245665
|gametype|doubles
|player|p1|cubesugar|pilot|
|player|p2|Guest 10611365|1|
|gen|9
|tier|[Gen 9 Champions] VGC 2026 Reg M-B (Bo3)
|rule|Species Clause: Limit one of each Pokémon
|rule|Item Clause: Limit 1 of each item
|clearpoke
|poke|p1|Blaziken, L50, F|
|poke|p1|Venusaur, L50, F|
|poke|p1|Lycanroc-Dusk, L50, F, shiny|
|poke|p1|Ninetales-Alola, L50, F|
|poke|p1|Basculegion, L50, M|
|poke|p1|Kingambit, L50, F, shiny|
|poke|p2|Aerodactyl, L50, F, shiny|
|poke|p2|Kingambit, L50, F, shiny|
|poke|p2|Sylveon, L50, F, shiny|
|poke|p2|Garchomp, L50, M|
|poke|p2|Charizard, L50, F, shiny|
|poke|p2|Incineroar, L50, F|
|teampreview|4
|showteam|p1|Blaziken||Blazikenite|SpeedBoost|Detect,FlareBlitz,CloseCombat,RockSlide|Adamant||F|||50|]Venusaur||Venusaurite|Chlorophyll|Protect,GigaDrain,SludgeBomb,EarthPower|Modest||F|||50|]Lycanroc-Dusk||FocusSash|ToughClaws|Protect,Accelerock,RockSlide,CloseCombat|Adamant||F|||50|]Ninetales-Alola||NeverMeltIce|SnowWarning|Protect,Blizzard,FreezeDry,Encore|Timid||F|||50|]Basculegion||ChoiceScarf|Adaptability|WaveCrash,LastRespects,FlipTurn,AquaJet|Jolly||M|||50|]Kingambit||LifeOrb|Defiant|Protect,KowtowCleave,SuckerPunch,IronHead|Adamant||F|||50|
|showteam|p2|Aerodactyl||Aerodactylite|Unnerve|RockSlide,IceFang,Tailwind,WideGuard|Jolly||F|||50|]Kingambit||FocusSash|Defiant|KowtowCleave,SuckerPunch,IronHead,Protect|Adamant||F|||50|]Sylveon||FairyFeather|Pixilate|Detect,HyperVoice,HyperBeam,QuickAttack|Modest||F|||50|]Garchomp||LifeOrb|RoughSkin|Earthquake,DragonClaw,StompingTantrum,Protect|Jolly||M|||50|]Charizard||CharizarditeY|Blaze|Protect,HeatWave,SolarBeam,WeatherBall|Modest||F|||50|]Incineroar||SitrusBerry|Intimidate|DarkestLariat,FlareBlitz,FakeOut,PartingShot|Impish||F|||50|
|
|t:|1785245825
|teamsize|p1|4
|teamsize|p2|4
|start
|switch|p1a: Cure Prism|Ninetales-Alola, L50, F|100/100
|switch|p1b: Cure Sky|Lycanroc-Dusk, L50, F, shiny|100/100
|switch|p2a: Aerodactyl|Aerodactyl, L50, F, shiny|100/100
|switch|p2b: Kingambit|Kingambit, L50, F, shiny|100/100
|-ability|p2a: Aerodactyl|Unnerve
|-weather|Snowscape|[from] ability: Snow Warning|[of] p1a: Cure Prism
|turn|1
|
|t:|1785245900
|move|p1a: Cure Prism|Protect|p1a: Cure Prism
|-singleturn|p1a: Cure Prism|Protect
|move|p2b: Kingambit|Sucker Punch||[still]
|-fail|p2b: Kingambit
|move|p2a: Aerodactyl|Rock Slide|p1b: Cure Sky|[spread] p1b
|-activate|p1a: Cure Prism|move: Protect
|-damage|p1b: Cure Sky|65/100
|move|p1b: Cure Sky|Close Combat|p2b: Kingambit
|-supereffective|p2b: Kingambit|2
|-enditem|p2b: Kingambit|Focus Sash
|-damage|p2b: Kingambit|1/100
|-unboost|p1b: Cure Sky|def|1
|-unboost|p1b: Cure Sky|spd|1
|
|-weather|Snowscape|[upkeep]
|upkeep
|turn|2
|
|t:|1785245963
|move|p2b: Kingambit|Protect|p2b: Kingambit
|-singleturn|p2b: Kingambit|Protect
|move|p1b: Cure Sky|Accelerock|p2b: Kingambit
|-activate|p2b: Kingambit|move: Protect
|move|p2a: Aerodactyl|Rock Slide|p1b: Cure Sky|[spread] p1a,p1b
|-supereffective|p1a: Cure Prism|1
|-damage|p1a: Cure Prism|61/100
|-damage|p1b: Cure Sky|15/100
|cant|p1a: Cure Prism|flinch
|
|-weather|Snowscape|[upkeep]
|upkeep
|turn|3
|
|t:|1785245992
|move|p1b: Cure Sky|Accelerock|p2b: Kingambit
|-resisted|p2b: Kingambit|1
|-damage|p2b: Kingambit|0 fnt
|faint|p2b: Kingambit
|move|p2a: Aerodactyl|Rock Slide|p1a: Cure Prism|[spread] p1a,p1b
|-supereffective|p1a: Cure Prism|1
|-damage|p1a: Cure Prism|27/100
|-damage|p1b: Cure Sky|0 fnt
|faint|p1b: Cure Sky
|move|p1a: Cure Prism|Blizzard|p2a: Aerodactyl
|-supereffective|p2a: Aerodactyl|1
|-damage|p2a: Aerodactyl|0 fnt
|faint|p2a: Aerodactyl
|
|-weather|Snowscape|[upkeep]
|upkeep
|
|t:|1785246014
|switch|p2a: Charizard|Charizard, L50, F, shiny|100/100
|switch|p1b: 大切生鮭魚|Basculegion, L50, M|100/100
|switch|p2b: Garchomp|Garchomp, L50, M|100/100
|turn|4
|
|t:|1785246049
|detailschange|p2a: Charizard|Charizard-Mega-Y, L50, F, shiny
|-mega|p2a: Charizard|Charizard|Charizardite Y
|-weather|SunnyDay|[from] ability: Drought|[of] p2a: Charizard
|move|p2b: Garchomp|Protect|p2b: Garchomp
|-singleturn|p2b: Garchomp|Protect
|move|p1b: 大切生鮭魚|Last Respects|p2a: Charizard
|-damage|p2a: Charizard|41/100
|move|p1a: Cure Prism|Freeze-Dry|p2b: Garchomp
|-activate|p2b: Garchomp|move: Protect
|move|p2a: Charizard|Solar Beam||[still]
|-prepare|p2a: Charizard|Solar Beam
|-anim|p2a: Charizard|Solar Beam|p1b: 大切生鮭魚
|-supereffective|p1b: 大切生鮭魚|1
|-damage|p1b: 大切生鮭魚|1/100
|
|-weather|SunnyDay|[upkeep]
|upkeep
|turn|5
|
|t:|1785246097
|move|p2a: Charizard|Protect|p2a: Charizard
|-singleturn|p2a: Charizard|Protect
|move|p1b: 大切生鮭魚|Last Respects|p2a: Charizard
|-activate|p2a: Charizard|move: Protect
|move|p1a: Cure Prism|Freeze-Dry|p2b: Garchomp
|-supereffective|p2b: Garchomp|2
|-damage|p2b: Garchomp|0 fnt
|faint|p2b: Garchomp
|
|-weather|SunnyDay|[upkeep]
|upkeep
|turn|6
|
|t:|1785246116
|move|p1b: 大切生鮭魚|Last Respects|p2a: Charizard
|-damage|p2a: Charizard|0 fnt
|faint|p2a: Charizard
|
|win|cubesugar
