|j|☆OscarPikastri
|j|☆itsmako psoe
|html|OscarPikastriitsmako psoe    
|uhtml|bestof|Game 3 of a best-of-3
|t:|1782213185
|gametype|doubles
|player|p1|OscarPikastri|colress|1059
|player|p2|itsmako psoe|benga|1086
|gen|9
|tier|[Gen 9 Champions] VGC 2026 Reg M-B (Bo3)
|rated|
|rule|Species Clause: Limit one of each Pokémon
|rule|Item Clause: Limit 1 of each item
|clearpoke
|poke|p1|Archaludon, L50, F|
|poke|p1|Pelipper, L50, F|
|poke|p1|Grimmsnarl, L50, M|
|poke|p1|Metagross, L50|
|poke|p1|Sinistcha, L50|
|poke|p1|Swampert, L50, F|
|poke|p2|Staraptor, L50, M|
|poke|p2|Aegislash, L50, F|
|poke|p2|Farigiraf, L50, M|
|poke|p2|Grimmsnarl, L50, M|
|poke|p2|Whimsicott, L50, M|
|poke|p2|Garchomp, L50, M|
|teampreview|4
|showteam|p1|Archaludon||Leftovers|Stamina|Protect,ElectroShot,FlashCannon,DragonPulse|Modest||F|||50|]Pelipper||SitrusBerry|Drizzle|WideGuard,Tailwind,WeatherBall,Hurricane|Modest||F|||50|]Grimmsnarl||LightClay|Prankster|FoulPlay,PartingShot,LightScreen,Reflect|Calm||M|||50|]Metagross||Metagrossite|ClearBody|Protect,BodyPress,PsychicFangs,IronHead|Jolly|||||50|]Sinistcha||CobaBerry|Hospitality|Protect,TrickRoom,MatchaGotcha,RagePowder|Relaxed|||||50|]Swampert||Swampertite|Damp|Protect,IcePunch,WaveCrash,Earthquake|Adamant||F|||50|
|showteam|p2|Staraptor||Staraptite|Intimidate|CloseCombat,BraveBird,Whirlwind,Roost|Adamant||M|||50|]Aegislash||Leftovers|StanceChange|KingsShield,ShadowSneak,FlashCannon,ShadowBall|Calm||F|||50|]Farigiraf||SitrusBerry|ArmorTail|TwinBeam,Protect,TrickRoom,DazzlingGleam|Quiet||M|||50|]Grimmsnarl||LightClay|Prankster|FoulPlay,PartingShot,LightScreen,Reflect|Modest||M|||50|]Whimsicott||FocusSash|Prankster|Tailwind,Moonblast,Encore,Tickle|Bold||M|||50|]Garchomp||LifeOrb|RoughSkin|Earthquake,RockSlide,Protect,DragonClaw|Adamant||M|||50|
|inactive|Battle timer is ON: inactive players will automatically lose when time's up. (requested by OscarPikastri)
|inactive|itsmako psoe also wants the timer to be on.
|inactive|OscarPikastri has 60 seconds left.
|
|t:|1782213217
|teamsize|p1|4
|teamsize|p2|4
|start
|switch|p1a: Metagross|Metagross, L50|100/100
|switch|p1b: Grimmsnarl|Grimmsnarl, L50, M|100/100
|switch|p2a: Staraptor|Staraptor, L50, M|100/100
|switch|p2b: Garchomp|Garchomp, L50, M|100/100
|-ability|p2a: Staraptor|Intimidate|boost
|-fail|p1a: Metagross|unboost|[from] ability: Clear Body|[of] p1a: Metagross
|-unboost|p1b: Grimmsnarl|atk|1
|turn|1
|inactive|itsmako psoe has 30 seconds left.
|
|t:|1782213246
|switch|p2a: Grimmsnarl|Grimmsnarl, L50, M|100/100
|detailschange|p1a: Metagross|Metagross-Mega, L50
|-mega|p1a: Metagross|Metagross|Metagrossite
|move|p1b: Grimmsnarl|Reflect|p1b: Grimmsnarl
|-sidestart|p1: OscarPikastri|Reflect
|move|p1a: Metagross|Psychic Fangs|p2a: Grimmsnarl
|-immune|p2a: Grimmsnarl
|move|p2b: Garchomp|Earthquake|p1a: Metagross|[spread] p2a,p1a,p1b
|-supereffective|p1a: Metagross|1
|-damage|p2a: Grimmsnarl|50/100y
|-damage|p1a: Metagross|49/100
|-damage|p1b: Grimmsnarl|66/100
|-damage|p2b: Garchomp|90/100|[from] item: Life Orb
|
|upkeep
|turn|2
|
|t:|1782213265
|move|p1b: Grimmsnarl|Parting Shot|p2b: Garchomp
|-unboost|p2b: Garchomp|atk|1
|-unboost|p2b: Garchomp|spa|1
|
|t:|1782213269
|switch|p1b: Sinistcha|Sinistcha, L50|100/100|[from] Parting Shot
|-heal|p1a: Metagross|73/100|[from] ability: Hospitality|[of] p1b: Sinistcha
|move|p2a: Grimmsnarl|Parting Shot|p1a: Metagross
|-unboost|p1a: Metagross|atk|1
|-unboost|p1a: Metagross|spa|1
|
|t:|1782213277
|switch|p2a: Aegislash|Aegislash, L50, F|100/100|[from] Parting Shot
|move|p1a: Metagross|Iron Head|p2a: Aegislash
|-resisted|p2a: Aegislash|1
|-damage|p2a: Aegislash|83/100
|move|p2b: Garchomp|Earthquake|p1a: Metagross|[spread] p2a,p1a,p1b
|-supereffective|p2a: Aegislash|1
|-supereffective|p1a: Metagross|1
|-resisted|p1b: Sinistcha|1
|-damage|p2a: Aegislash|32/100
|-damage|p1a: Metagross|40/100
|-damage|p1b: Sinistcha|91/100
|-damage|p2b: Garchomp|80/100|[from] item: Life Orb
|
|-heal|p2a: Aegislash|38/100|[from] item: Leftovers
|upkeep
|turn|3
|
|t:|1782213289
|switch|p1a: Grimmsnarl|Grimmsnarl, L50, M|66/100
|move|p2a: Aegislash|King's Shield|p2a: Aegislash
|-singleturn|p2a: Aegislash|Protect
|move|p2b: Garchomp|Earthquake|p1a: Grimmsnarl|[spread] p1a,p1b
|-activate|p2a: Aegislash|move: Protect
|-resisted|p1b: Sinistcha|1
|-damage|p1a: Grimmsnarl|44/100
|-damage|p1b: Sinistcha|84/100
|-damage|p2b: Garchomp|70/100|[from] item: Life Orb
|move|p1b: Sinistcha|Matcha Gotcha|p2b: Garchomp|[spread] p2b
|-activate|p2a: Aegislash|move: Protect
|-damage|p2b: Garchomp|45/100
|-heal|p1b: Sinistcha|97/100|[from] drain|[of] p2b: Garchomp
|-status|p2b: Garchomp|brn
|
|-heal|p2a: Aegislash|44/100|[from] item: Leftovers
|-damage|p2b: Garchomp|39/100 brn|[from] brn
|upkeep
|turn|4
|inactive|itsmako psoe has 30 seconds left.
|
|t:|1782213315
|switch|p2b: Grimmsnarl|Grimmsnarl, L50, M|50/100y
|switch|p1b: Archaludon|Archaludon, L50, F|100/100
|move|p1a: Grimmsnarl|Foul Play|p2a: Aegislash
|-supereffective|p2a: Aegislash|1
|-damage|p2a: Aegislash|14/100
|-formechange|p2a: Aegislash|Aegislash-Blade|
|move|p2a: Aegislash|Shadow Ball|p1b: Archaludon
|-damage|p1b: Archaludon|56/100
|-ability|p1b: Archaludon|Stamina|boost
|-boost|p1b: Archaludon|def|1
|
|-heal|p1b: Archaludon|62/100|[from] item: Leftovers
|-heal|p2a: Aegislash|20/100y|[from] item: Leftovers
|upkeep
|turn|5
|
|t:|1782213336
|-formechange|p2a: Aegislash|Aegislash|
|move|p2a: Aegislash|King's Shield|p2a: Aegislash
|-singleturn|p2a: Aegislash|Protect
|move|p2b: Grimmsnarl|Light Screen|p2b: Grimmsnarl
|-sidestart|p2: itsmako psoe|move: Light Screen
|move|p1a: Grimmsnarl|Light Screen|p1a: Grimmsnarl
|-sidestart|p1: OscarPikastri|move: Light Screen
|move|p1b: Archaludon|Flash Cannon|p2b: Grimmsnarl
|-supereffective|p2b: Grimmsnarl|1
|-damage|p2b: Grimmsnarl|0 fnt
|faint|p2b: Grimmsnarl
|
|-heal|p1b: Archaludon|69/100|[from] item: Leftovers
|-heal|p2a: Aegislash|26/100|[from] item: Leftovers
|upkeep
|
|t:|1782213349
|switch|p2b: Garchomp|Garchomp, L50, M|39/100 brn
|turn|6
|
|t:|1782213371
|move|p1a: Grimmsnarl|Parting Shot|p2b: Garchomp
|-unboost|p2b: Garchomp|atk|1
|-unboost|p2b: Garchomp|spa|1
|
|t:|1782213373
|switch|p1a: Sinistcha|Sinistcha, L50|97/100|[from] Parting Shot
|-heal|p1b: Archaludon|93/100|[from] ability: Hospitality|[of] p1a: Sinistcha
|move|p2b: Garchomp|Dragon Claw|p1b: Archaludon
|-damage|p1b: Archaludon|88/100
|-ability|p1b: Archaludon|Stamina|boost
|-boost|p1b: Archaludon|def|1
|-damage|p2b: Garchomp|30/100 brn|[from] item: Life Orb
|move|p1b: Archaludon|Dragon Pulse|p2b: Garchomp
|-supereffective|p2b: Garchomp|1
|-damage|p2b: Garchomp|0 fnt
|faint|p2b: Garchomp
|-formechange|p2a: Aegislash|Aegislash-Blade|
|move|p2a: Aegislash|Flash Cannon|p1a: Sinistcha
|-damage|p1a: Sinistcha|72/100
|-unboost|p1a: Sinistcha|spd|1
|
|-heal|p1b: Archaludon|94/100|[from] item: Leftovers
|-heal|p2a: Aegislash|32/100|[from] item: Leftovers
|upkeep
|
|t:|1782213394
|switch|p2b: Staraptor|Staraptor, L50, M|100/100
|-ability|p2b: Staraptor|Intimidate|boost
|-unboost|p1a: Sinistcha|atk|1
|-unboost|p1b: Archaludon|atk|1
|turn|7
|
|t:|1782213417
|detailschange|p2b: Staraptor|Staraptor-Mega, L50, M
|-mega|p2b: Staraptor|Staraptor|Staraptite
|-formechange|p2a: Aegislash|Aegislash|
|move|p2a: Aegislash|King's Shield|p2a: Aegislash
|-singleturn|p2a: Aegislash|Protect
|move|p1a: Sinistcha|Rage Powder|p1a: Sinistcha
|-singleturn|p1a: Sinistcha|move: Rage Powder
|move|p2b: Staraptor|Close Combat|p1a: Sinistcha
|-immune|p1a: Sinistcha
|move|p1b: Archaludon|Electro Shot||[still]
|-prepare|p1b: Archaludon|Electro Shot
|-boost|p1b: Archaludon|spa|1
|
|-heal|p1b: Archaludon|100/100|[from] item: Leftovers
|-heal|p2a: Aegislash|38/100|[from] item: Leftovers
|upkeep
|turn|8
|
|t:|1782213441
|move|p1a: Sinistcha|Rage Powder|p1a: Sinistcha
|-singleturn|p1a: Sinistcha|move: Rage Powder
|move|p1b: Archaludon|Electro Shot|p2b: Staraptor|[from] lockedmove
|-supereffective|p2b: Staraptor|1
|-damage|p2b: Staraptor|3/100
|-formechange|p2a: Aegislash|Aegislash-Blade|
|move|p2a: Aegislash|Shadow Ball|p1a: Sinistcha
|-supereffective|p1a: Sinistcha|1
|-damage|p1a: Sinistcha|0 fnt
|faint|p1a: Sinistcha
|move|p2b: Staraptor|Whirlwind|p1b: Archaludon
|drag|p1b: Metagross|Metagross-Mega, L50|40/100
|
|-heal|p2a: Aegislash|44/100|[from] item: Leftovers
|-sideend|p1: OscarPikastri|Reflect
|upkeep
|
|t:|1782213453
|switch|p1a: Grimmsnarl|Grimmsnarl, L50, M|44/100
|turn|9
|
|t:|1782213477
|-formechange|p2a: Aegislash|Aegislash|
|move|p2a: Aegislash|King's Shield|p2a: Aegislash
|-singleturn|p2a: Aegislash|Protect
|move|p1b: Metagross|Psychic Fangs|p2b: Staraptor
|-sideend|p2: itsmako psoe|move: Light Screen
|-supereffective|p2b: Staraptor|1
|-damage|p2b: Staraptor|0 fnt
|faint|p2b: Staraptor
|move|p1a: Grimmsnarl|Foul Play|p2a: Aegislash
|-activate|p2a: Aegislash|move: Protect
|-unboost|p1a: Grimmsnarl|atk|1
|
|-heal|p2a: Aegislash|50/100g|[from] item: Leftovers
|upkeep
|turn|10
|
|t:|1782213491
|move|p1a: Grimmsnarl|Reflect|p1a: Grimmsnarl
|-sidestart|p1: OscarPikastri|Reflect
|move|p1b: Metagross|Psychic Fangs|p2a: Aegislash
|-resisted|p2a: Aegislash|1
|-damage|p2a: Aegislash|23/100
|-formechange|p2a: Aegislash|Aegislash-Blade|
|move|p2a: Aegislash|Flash Cannon|p1a: Grimmsnarl
|-supereffective|p1a: Grimmsnarl|1
|-crit|p1a: Grimmsnarl
|-damage|p1a: Grimmsnarl|0 fnt
|faint|p1a: Grimmsnarl
|
|-heal|p2a: Aegislash|29/100|[from] item: Leftovers
|upkeep
|
|t:|1782213495
|switch|p1a: Archaludon|Archaludon, L50, F|100/100
|turn|11
|
|t:|1782213505
|move|p1b: Metagross|Protect|p1b: Metagross
|-singleturn|p1b: Metagross|Protect
|-formechange|p2a: Aegislash|Aegislash|
|move|p2a: Aegislash|King's Shield|p2a: Aegislash
|-singleturn|p2a: Aegislash|Protect
|move|p1a: Archaludon|Electro Shot||[still]
|-prepare|p1a: Archaludon|Electro Shot
|-boost|p1a: Archaludon|spa|1
|
|-heal|p2a: Aegislash|35/100|[from] item: Leftovers
|upkeep
|turn|12
|
|t:|1782213516
|move|p1b: Metagross|Psychic Fangs|p2a: Aegislash
|-resisted|p2a: Aegislash|1
|-damage|p2a: Aegislash|10/100
|move|p1a: Archaludon|Electro Shot|p2a: Aegislash|[from] lockedmove
|-damage|p2a: Aegislash|0 fnt
|faint|p2a: Aegislash
|
|win|OscarPikastri
|raw|OscarPikastri's rating: 1059 → 1093(+34 for winning)
|raw|itsmako psoe's rating: 1086 → 1061(-25 for losing)
|l|☆itsmako psoe
|player|p2|
