|j|☆Chochito Pelao
|j|☆pjoiubhkj
|html|Chochito Pelaopjoiubhkj    
|uhtml|bestof|Game 1 of a best-of-3
|t:|1784658126
|gametype|doubles
|player|p1|Chochito Pelao|striker|1040
|player|p2|pjoiubhkj|pokemonrangerf|1000
|gen|9
|tier|[Gen 9 Champions] VGC 2026 Reg M-B (Bo3)
|rated|
|rule|Species Clause: Limit one of each Pokémon
|rule|Item Clause: Limit 1 of each item
|clearpoke
|poke|p1|Charizard, L50, M|
|poke|p1|Venusaur, L50, M|
|poke|p1|Pelipper, L50, F|
|poke|p1|Grimmsnarl, L50, M|
|poke|p1|Basculegion, L50, M|
|poke|p1|Archaludon, L50, M|
|poke|p2|Raichu, L50, M|
|poke|p2|Basculegion, L50, M|
|poke|p2|Ninetales-Alola, L50, F|
|poke|p2|Incineroar, L50, M|
|poke|p2|Tsareena, L50, F, shiny|
|poke|p2|Chimecho, L50, F|
|teampreview|4
|showteam|p1|Charizard||CharizarditeY|Blaze|HeatWave,WeatherBall,SolarBeam,Protect|Modest||M|||50|]Venusaur||FocusSash|Chlorophyll|SludgeBomb,EarthPower,SleepPowder,Protect|Modest||M|||50|]Pelipper||SitrusBerry|Drizzle|Hurricane,WeatherBall,WideGuard,Tailwind|Modest||F|||50|]Grimmsnarl||LightClay|Prankster|SpiritBreak,Reflect,LightScreen,PartingShot|Sassy||M|||50|]Basculegion||ChoiceScarf|Adaptability|WaveCrash,LastRespects,FlipTurn,AquaJet|Jolly||M|||50|]Archaludon||Leftovers|Stamina|DragonPulse,FlashCannon,ElectroShot,Protect|Calm||M|||50|
|showteam|p2|Raichu||RaichuniteY|LightningRod|FakeOut,ZapCannon,FocusBlast,VoltSwitch|Timid||M|||50|]Basculegion||ChoiceScarf|Adaptability|AquaJet,LastRespects,WaveCrash,FlipTurn|Jolly||M|||50|]Ninetales-Alola||LightClay|SnowWarning|Blizzard,AuroraVeil,Protect,Moonblast|Timid||F|||50|]Incineroar||SitrusBerry|Intimidate|FakeOut,PartingShot,DarkestLariat,FlareBlitz|Adamant||M|||50|]Tsareena||LifeOrb|QueenlyMajesty|PowerWhip,LowKick,Uturn,Protect|Adamant||F|||50|]Chimecho||Chimechite|Levitate|CalmMind,FlashCannon,Recover,Psyshock|Timid||F|||50|
|inactive|Battle timer is ON: inactive players will automatically lose when time's up. (requested by pjoiubhkj)
|inactive|Chochito Pelao has 60 seconds left.
|inactive|Chochito Pelao has 30 seconds left.
|inactive|Chochito Pelao has 20 seconds left.
|inactive|Chochito Pelao has 15 seconds left.
|
|t:|1784658206
|teamsize|p1|4
|teamsize|p2|4
|start
|switch|p1a: Grimmsnarl|Grimmsnarl, L50, M|100/100
|switch|p1b: Archaludon|Archaludon, L50, M|100/100
|switch|p2a: Raichu|Raichu, L50, M|100/100
|switch|p2b: Basculegion|Basculegion, L50, M|100/100
|turn|1
|inactive|Chochito Pelao has 30 seconds left.
|inactive|Chochito Pelao has 20 seconds left.
|inactive|Chochito Pelao has 15 seconds left.
|inactive|Chochito Pelao has 10 seconds left.
|inactive|Chochito Pelao has 5 seconds left.
|
|t:|1784658259
|detailschange|p2a: Raichu|Raichu-Mega-Y, L50, M
|-mega|p2a: Raichu|Raichu|Raichunite Y
|move|p1b: Archaludon|Protect|p1b: Archaludon
|-singleturn|p1b: Archaludon|Protect
|move|p1a: Grimmsnarl|Light Screen|p1a: Grimmsnarl
|-sidestart|p1: Chochito Pelao|move: Light Screen
|move|p2b: Basculegion|Flip Turn|p1a: Grimmsnarl
|-damage|p1a: Grimmsnarl|58/100
|
|t:|1784658266
|switch|p2b: Incineroar|Incineroar, L50, M|100/100|[from] Flip Turn
|-ability|p2b: Incineroar|Intimidate|boost
|-unboost|p1a: Grimmsnarl|atk|1
|-unboost|p1b: Archaludon|atk|1
|move|p2a: Raichu|Focus Blast|p1b: Archaludon
|-activate|p1b: Archaludon|move: Protect
|
|upkeep
|turn|2
|
|t:|1784658281
|move|p2b: Incineroar|Fake Out|p1b: Archaludon
|-resisted|p1b: Archaludon|1
|-damage|p1b: Archaludon|94/100
|-ability|p1b: Archaludon|Stamina|boost
|-boost|p1b: Archaludon|def|1
|move|p1a: Grimmsnarl|Parting Shot|p2a: Raichu
|-unboost|p2a: Raichu|atk|1
|-unboost|p2a: Raichu|spa|1
|
|t:|1784658292
|switch|p1a: Pelipper|Pelipper, L50, F|100/100|[from] Parting Shot
|-weather|RainDance|[from] ability: Drizzle|[of] p1a: Pelipper
|move|p2a: Raichu|Focus Blast|p1b: Archaludon
|-supereffective|p1b: Archaludon|1
|-damage|p1b: Archaludon|61/100
|-ability|p1b: Archaludon|Stamina|boost
|-boost|p1b: Archaludon|def|1
|cant|p1b: Archaludon|flinch
|
|-weather|RainDance|[upkeep]
|-heal|p1b: Archaludon|68/100|[from] item: Leftovers
|upkeep
|turn|3
|
|t:|1784658304
|switch|p2b: Ninetales|Ninetales-Alola, L50, F|100/100
|-weather|Snowscape|[from] ability: Snow Warning|[of] p2b: Ninetales
|move|p2a: Raichu|Focus Blast|p1b: Archaludon
|-supereffective|p1b: Archaludon|1
|-crit|p1b: Archaludon
|-damage|p1b: Archaludon|0 fnt
|faint|p1b: Archaludon
|move|p1a: Pelipper|Tailwind|p1a: Pelipper
|-sidestart|p1: Chochito Pelao|move: Tailwind
|
|-weather|Snowscape|[upkeep]
|upkeep
|
|t:|1784658315
|switch|p1b: Charizard|Charizard, L50, M|100/100
|turn|4
|
|t:|1784658324
|switch|p2a: Incineroar|Incineroar, L50, M|100/100
|-ability|p2a: Incineroar|Intimidate|boost
|-unboost|p1a: Pelipper|atk|1
|-unboost|p1b: Charizard|atk|1
|switch|p1a: Grimmsnarl|Grimmsnarl, L50, M|58/100
|detailschange|p1b: Charizard|Charizard-Mega-Y, L50, M
|-mega|p1b: Charizard|Charizard|Charizardite Y
|-weather|SunnyDay|[from] ability: Drought|[of] p1b: Charizard
|move|p2b: Ninetales|Protect|p2b: Ninetales
|-singleturn|p2b: Ninetales|Protect
|move|p1b: Charizard|Heat Wave|p2a: Incineroar|[spread] 
|-activate|p2b: Ninetales|move: Protect
|-miss|p1b: Charizard|p2a: Incineroar
|
|-weather|SunnyDay|[upkeep]
|upkeep
|turn|5
|
|t:|1784658349
|switch|p2b: Basculegion|Basculegion, L50, M|100/100
|switch|p1a: Pelipper|Pelipper, L50, F|100/100
|-weather|RainDance|[from] ability: Drizzle|[of] p1a: Pelipper
|move|p1b: Charizard|Weather Ball|p2a: Incineroar
|-supereffective|p2a: Incineroar|1
|-damage|p2a: Incineroar|0 fnt
|faint|p2a: Incineroar
|
|-weather|RainDance|[upkeep]
|upkeep
|
|t:|1784658362
|switch|p2a: Raichu|Raichu-Mega-Y, L50, M|100/100
|turn|6
|
|t:|1784658377
|switch|p1b: Grimmsnarl|Grimmsnarl, L50, M|58/100
|move|p2a: Raichu|Fake Out|p1b: Grimmsnarl
|-damage|p1b: Grimmsnarl|50/100y
|move|p2b: Basculegion|Last Respects|p1a: Pelipper
|-damage|p1a: Pelipper|35/100
|-enditem|p1a: Pelipper|Sitrus Berry|[eat]
|-heal|p1a: Pelipper|59/100|[from] item: Sitrus Berry
|move|p1a: Pelipper|Weather Ball|p2a: Raichu
|-damage|p2a: Raichu|20/100y
|
|-weather|RainDance|[upkeep]
|-sideend|p1: Chochito Pelao|move: Tailwind
|upkeep
|turn|7
|inactive|Chochito Pelao has 30 seconds left.
|
|t:|1784658402
|move|p1b: Grimmsnarl|Parting Shot|p2b: Basculegion
|-unboost|p2b: Basculegion|atk|1
|-unboost|p2b: Basculegion|spa|1
|
|t:|1784658404
|switch|p1b: Charizard|Charizard-Mega-Y, L50, M|100/100|[from] Parting Shot
|-weather|SunnyDay|[from] ability: Drought|[of] p1b: Charizard
|move|p2b: Basculegion|Last Respects|p1a: Pelipper
|-damage|p1a: Pelipper|19/100
|move|p2a: Raichu|Volt Switch|p1a: Pelipper
|-supereffective|p1a: Pelipper|2
|-damage|p1a: Pelipper|0 fnt
|faint|p1a: Pelipper
|
|t:|1784658413
|switch|p2a: Ninetales|Ninetales-Alola, L50, F|100/100|[from] Volt Switch
|-weather|Snowscape|[from] ability: Snow Warning|[of] p2a: Ninetales
|
|-weather|Snowscape|[upkeep]
|upkeep
|
|t:|1784658416
|switch|p1a: Grimmsnarl|Grimmsnarl, L50, M|50/100y
|turn|8
|
|t:|1784658422
|switch|p2b: Raichu|Raichu-Mega-Y, L50, M|20/100y
|move|p1a: Grimmsnarl|Reflect|p1a: Grimmsnarl
|-sidestart|p1: Chochito Pelao|Reflect
|move|p2a: Ninetales|Aurora Veil|p2a: Ninetales
|-sidestart|p2: pjoiubhkj|move: Aurora Veil
|move|p1b: Charizard|Heat Wave|p2a: Ninetales|[spread] p2a,p2b
|-supereffective|p2a: Ninetales|1
|-damage|p2a: Ninetales|46/100
|-damage|p2b: Raichu|0 fnt
|-status|p2a: Ninetales|brn
|faint|p2b: Raichu
|
|-weather|Snowscape|[upkeep]
|-damage|p2a: Ninetales|41/100 brn|[from] brn
|-sideend|p1: Chochito Pelao|move: Light Screen
|upkeep
|
|t:|1784658430
|switch|p2b: Basculegion|Basculegion, L50, M|100/100
|turn|9
|
|t:|1784658441
|move|p1b: Charizard|Protect|p1b: Charizard
|-singleturn|p1b: Charizard|Protect
|move|p2b: Basculegion|Wave Crash|p1b: Charizard
|-activate|p1b: Charizard|move: Protect
|move|p2a: Ninetales|Blizzard|p1b: Charizard|[spread] p1a
|-activate|p1b: Charizard|move: Protect
|-damage|p1a: Grimmsnarl|27/100
|move|p1a: Grimmsnarl|Spirit Break|p2b: Basculegion
|-damage|p2b: Basculegion|73/100
|-unboost|p2b: Basculegion|spa|1
|
|-weather|Snowscape|[upkeep]
|-damage|p2a: Ninetales|35/100 brn|[from] brn
|upkeep
|turn|10
|
|t:|1784658457
|move|p1a: Grimmsnarl|Parting Shot|p2b: Basculegion
|-unboost|p2b: Basculegion|atk|1
|-unboost|p2b: Basculegion|spa|1
|move|p2b: Basculegion|Wave Crash|p1b: Charizard
|-supereffective|p1b: Charizard|1
|-damage|p1b: Charizard|32/100
|-damage|p2b: Basculegion|52/100|[from] Recoil
|move|p2a: Ninetales|Moonblast|p1a: Grimmsnarl
|-supereffective|p1a: Grimmsnarl|1
|-damage|p1a: Grimmsnarl|0 fnt
|faint|p1a: Grimmsnarl
|move|p1b: Charizard|Heat Wave|p2a: Ninetales|[spread] p2a,p2b
|-supereffective|p2a: Ninetales|1
|-resisted|p2b: Basculegion|1
|-damage|p2a: Ninetales|0 fnt
|-damage|p2b: Basculegion|36/100
|-status|p2b: Basculegion|brn
|faint|p2a: Ninetales
|
|-weather|Snowscape|[upkeep]
|-damage|p2b: Basculegion|29/100 brn|[from] brn
|upkeep
|turn|11
|
|t:|1784658471
|move|p1b: Charizard|Protect|p1b: Charizard
|-singleturn|p1b: Charizard|Protect
|move|p2b: Basculegion|Wave Crash|p1b: Charizard
|-activate|p1b: Charizard|move: Protect
|
|-weather|none
|-damage|p2b: Basculegion|23/100 brn|[from] brn
|upkeep
|turn|12
|
|t:|1784658480
|move|p2b: Basculegion|Wave Crash|p1b: Charizard
|-supereffective|p1b: Charizard|1
|-damage|p1b: Charizard|4/100
|-damage|p2b: Basculegion|15/100 brn|[from] Recoil
|move|p1b: Charizard|Heat Wave|p2b: Basculegion
|-resisted|p2b: Basculegion|1
|-damage|p2b: Basculegion|0 fnt
|faint|p2b: Basculegion
|
|win|Chochito Pelao
||pjoiubhkj is ready for game 2.
||Chochito Pelao is ready for game 2.
|uhtml|next|Next: Game 2 of 3
|l|☆pjoiubhkj
|player|p2|
