|j|☆erikafan3
|j|☆PaniniWeenie
|html|erikafan3PaniniWeenie    
|uhtml|bestof|Game 2 of a best-of-3
|t:|1756913830
|gametype|doubles
|player|p1|erikafan3|erika|1389
|player|p2|PaniniWeenie|pokemaniac|1410
|gen|9
|tier|[Gen 9] VGC 2025 Reg H (Bo3)
|rated|
|rule|Species Clause: Limit one of each Pokémon
|rule|Item Clause: Limit 1 of each item
|clearpoke
|poke|p1|Murkrow, L50, F|
|poke|p1|Baxcalibur, L50, M|
|poke|p1|Ursaluna-Bloodmoon, L50, M|
|poke|p1|Sneasler, L50, M|
|poke|p1|Indeedee, L50, M|
|poke|p1|Salamence, L50, M|
|poke|p2|Sneasler, L50, F|
|poke|p2|Volcarona, L50, M|
|poke|p2|Dragonite, L50, F|
|poke|p2|Rillaboom, L50, F|
|poke|p2|Electabuzz, L50, F|
|poke|p2|Kingambit, L50, M|
|teampreview|4
|showteam|p1|Murkrow||Eviolite|Prankster|Haze,Tailwind,FoulPlay,SunnyDay|||F|||50|,,,,,Ground]Baxcalibur||LoadedDice|ThermalExchange|IcicleSpear,IceShard,Protect,Earthquake|||M|||50|,,,,,Ground]Ursaluna-Bloodmoon||LifeOrb|MindsEye|HyperVoice,EarthPower,BloodMoon,Protect|||M|||50|,,,,,Normal]Sneasler||PsychicSeed|Unburden|ThroatChop,CloseCombat,DireClaw,Protect|||M|||50|,,,,,Dark]Indeedee||FocusSash|PsychicSurge|ExpandingForce,TrickRoom,Protect,HelpingHand|||M|||50|,,,,,Psychic]Salamence||RockyHelmet|Intimidate|AirSlash,Tailwind,DracoMeteor,Hurricane|||M|||50|,,,,,Fire
|showteam|p2|Sneasler||FocusSash|Unburden|DireClaw,CloseCombat,FakeOut,Coaching|||F|||50|,,,,,Ghost]Volcarona||Leftovers|FlameBody|HeatWave,QuiverDance,Protect,TeraBlast|||M|||50|,,,,,Fairy]Dragonite||LoadedDice|Multiscale|ScaleShot,ExtremeSpeed,Haze,Protect|||F|||50|,,,,,Steel]Rillaboom||AssaultVest|GrassySurge|WoodHammer,GrassyGlide,HighHorsepower,FakeOut|||F|||50|,,,,,Fire]Electabuzz||Eviolite|VitalSpirit|FollowMe,Thunderbolt,Taunt,Protect|||F|||50|,,,,,Fairy]Kingambit||BlackGlasses|Defiant|KowtowCleave,SuckerPunch,SwordsDance,Protect|||M|||50|,,,,,Dark
|inactive|Battle timer is ON: inactive players will automatically lose when time's up. (requested by PaniniWeenie)
|inactive|erikafan3 has 60 seconds left.
|
|t:|1756913893
|teamsize|p1|4
|teamsize|p2|4
|start
|switch|p1a: Riko|Ursaluna-Bloodmoon, L50, M|100/100
|switch|p1b: Arthur|Salamence, L50, M, shiny|100/100
|switch|p2a: Electabuzz|Electabuzz, L50, F|100/100
|switch|p2b: Dragonite|Dragonite, L50, F|100/100
|-ability|p1b: Arthur|Intimidate|boost
|-unboost|p2a: Electabuzz|atk|1
|-unboost|p2b: Dragonite|atk|1
|turn|1
|
|t:|1756913910
|-terastallize|p1a: Riko|Normal
|move|p2a: Electabuzz|Follow Me|p2a: Electabuzz
|-singleturn|p2a: Electabuzz|move: Follow Me
|move|p1b: Arthur|Tailwind|p1b: Arthur
|-sidestart|p1: erikafan3|move: Tailwind
|move|p1a: Riko|Hyper Voice|p2a: Electabuzz|[spread] p2a,p2b
|-damage|p2a: Electabuzz|43/100
|-damage|p2b: Dragonite|62/100
|-damage|p1a: Riko|91/100|[from] item: Life Orb
|move|p2b: Dragonite|Scale Shot|p1b: Arthur
|-supereffective|p1b: Arthur
|-damage|p1b: Arthur|79/100
|-supereffective|p1b: Arthur
|-damage|p1b: Arthur|60/100
|-supereffective|p1b: Arthur
|-damage|p1b: Arthur|38/100
|-supereffective|p1b: Arthur
|-damage|p1b: Arthur|17/100
|-supereffective|p1b: Arthur
|-damage|p1b: Arthur|0 fnt
|faint|p1b: Arthur
|-hitcount|p1: Arthur|5
|-unboost|p2b: Dragonite|def|1
|-boost|p2b: Dragonite|spe|1
|
|upkeep
|inactive|erikafan3 has 30 seconds left.
|
|t:|1756913943
|switch|p1b: Sneasler|Sneasler, L50, M|100/100
|turn|2
|inactive|erikafan3 has 30 seconds left.
|
|t:|1756913983
|move|p2b: Dragonite|Protect|p2b: Dragonite
|-singleturn|p2b: Dragonite|Protect
|move|p2a: Electabuzz|Protect|p2a: Electabuzz
|-singleturn|p2a: Electabuzz|Protect
|move|p1b: Sneasler|Dire Claw|p2a: Electabuzz
|-activate|p2a: Electabuzz|move: Protect
|move|p1a: Riko|Hyper Voice|p2b: Dragonite|[spread] 
|-activate|p2a: Electabuzz|move: Protect
|-activate|p2b: Dragonite|move: Protect
|
|upkeep
|turn|3
|inactive|erikafan3 has 30 seconds left.
|
|t:|1756914012
|switch|p2b: Sneasler|Sneasler, L50, F|100/100
|move|p2a: Electabuzz|Follow Me|p2a: Electabuzz
|-singleturn|p2a: Electabuzz|move: Follow Me
|move|p1b: Sneasler|Dire Claw|p2a: Electabuzz
|-damage|p2a: Electabuzz|6/100
|move|p1a: Riko|Hyper Voice|p2b: Sneasler|[spread] p2a,p2b
|-damage|p2a: Electabuzz|0 fnt
|-enditem|p2b: Sneasler|Focus Sash
|-damage|p2b: Sneasler|1/100
|faint|p2a: Electabuzz
|-damage|p1a: Riko|81/100|[from] item: Life Orb
|
|upkeep
|
|t:|1756914026
|switch|p2a: Dragonite|Dragonite, L50, F|62/100
|turn|4
|inactive|erikafan3 has 30 seconds left.
|inactive|erikafan3 has 20 seconds left.
|inactive|erikafan3 has 15 seconds left.
|inactive|erikafan3 has 10 seconds left.
|
|t:|1756914072
|move|p1b: Sneasler|Protect|p1b: Sneasler
|-singleturn|p1b: Sneasler|Protect
|move|p2b: Sneasler|Close Combat|p1a: Riko
|-supereffective|p1a: Riko
|-damage|p1a: Riko|0 fnt
|-unboost|p2b: Sneasler|def|1
|-unboost|p2b: Sneasler|spd|1
|faint|p1a: Riko
|move|p2a: Dragonite|Scale Shot|p1b: Sneasler
|-activate|p1b: Sneasler|move: Protect
|
|-sideend|p1: erikafan3|move: Tailwind
|upkeep
|
|t:|1756914082
|switch|p1a: Zura|Indeedee, L50, M|100/100
|-fieldstart|move: Psychic Terrain|[from] ability: Psychic Surge|[of] p1a: Zura
|-enditem|p1b: Sneasler|Psychic Seed
|-boost|p1b: Sneasler|spd|1|[from] item: Psychic Seed
|turn|5
|
|t:|1756914094
|move|p2a: Dragonite|Protect|p2a: Dragonite
|-singleturn|p2a: Dragonite|Protect
|move|p2b: Sneasler|Coaching|p2a: Dragonite
|-boost|p2a: Dragonite|atk|1
|-boost|p2a: Dragonite|def|1
|move|p1b: Sneasler|Dire Claw|p2b: Sneasler
|-resisted|p2b: Sneasler
|-damage|p2b: Sneasler|0 fnt
|faint|p2b: Sneasler
|move|p1a: Zura|Expanding Force|p2a: Dragonite
|-activate|p2a: Dragonite|move: Protect
|
|upkeep
|
|t:|1756914104
|switch|p2b: Rillaboom|Rillaboom, L50, F|100/100
|-fieldstart|move: Grassy Terrain|[from] ability: Grassy Surge|[of] p2b: Rillaboom
|turn|6
|
|t:|1756914114
|move|p1b: Sneasler|Protect|p1b: Sneasler
|-singleturn|p1b: Sneasler|Protect
|move|p1a: Zura|Protect|p1a: Zura
|-singleturn|p1a: Zura|Protect
|move|p2b: Rillaboom|Fake Out|p1b: Sneasler
|-activate|p1b: Sneasler|move: Protect
|move|p2a: Dragonite|Scale Shot|p1a: Zura
|-activate|p1a: Zura|move: Protect
|
|upkeep
|turn|7
|inactive|erikafan3 has 30 seconds left.
|inactive|erikafan3 has 20 seconds left.
|inactive|erikafan3 has 15 seconds left.
|inactive|erikafan3 has 10 seconds left.
|
|t:|1756914164
|-terastallize|p2b: Rillaboom|Fire
|move|p2a: Dragonite|Protect|p2a: Dragonite
|-singleturn|p2a: Dragonite|Protect
|move|p1b: Sneasler|Dire Claw|p2a: Dragonite
|-activate|p2a: Dragonite|move: Protect
|move|p1a: Zura|Expanding Force|p2a: Dragonite
|-activate|p2a: Dragonite|move: Protect
|move|p2b: Rillaboom|High Horsepower|p1b: Sneasler
|-supereffective|p1b: Sneasler
|-damage|p1b: Sneasler|0 fnt
|faint|p1b: Sneasler
|
|upkeep
|turn|8
|-message|erikafan3 forfeited.
|
|win|PaniniWeenie
|raw|erikafan3's rating: 1389 → 1370(-19 for losing)
|raw|PaniniWeenie's rating: 1410 → 1429(+19 for winning)
|l|☆erikafan3
|player|p1|
