|j|☆danny2511
|j|☆MessyBench
|html|danny2511MessyBench    
|uhtml|bestof|Game 1 of a best-of-3
|t:|1784909087
|gametype|doubles
|player|p1|danny2511|170|1000
|player|p2|MessyBench|169|1029
|gen|9
|tier|[Gen 9 Champions] VGC 2026 Reg M-B (Bo3)
|rated|
|rule|Species Clause: Limit one of each Pokémon
|rule|Item Clause: Limit 1 of each item
|clearpoke
|poke|p1|Staraptor, L50, F|
|poke|p1|Excadrill, L50, F|
|poke|p1|Gholdengo, L50|
|poke|p1|Tyranitar, L50, F|
|poke|p1|Maushold, L50|
|poke|p1|Sinistcha, L50|
|poke|p2|Raichu, L50, M|
|poke|p2|Pelipper, L50, M|
|poke|p2|Archaludon, L50, M|
|poke|p2|Rhyperior, L50, F|
|poke|p2|Sableye, L50, F|
|poke|p2|Bellibolt, L50, F|
|teampreview|4
|showteam|p1|Staraptor||Staraptite|Intimidate|BraveBird,CloseCombat,Tailwind,Protect|Jolly||F|||50|]Excadrill||FocusSash|SandRush|IronHead,HighHorsepower,RockSlide,Protect|Adamant||F|||50|]Gholdengo||LifeOrb|GoodasGold|ShadowBall,MakeItRain,NastyPlot,Protect|Modest|||||50|]Tyranitar||ChoiceScarf|SandStream|RockSlide,KnockOff,IcePunch,LowKick|Jolly||F|||50|]Maushold||ChopleBerry|FriendGuard|FollowMe,SuperFang,Protect,Charm|Jolly|||||50|]Sinistcha||KasibBerry|Hospitality|MatchaGotcha,RagePowder,TrickRoom,Protect|Bold|||||50|
|showteam|p2|Raichu||RaichuniteX|LightningRod|RisingVoltage,FakeOut,VoltSwitch,AlluringVoice|Timid||M|||50|]Pelipper||ChoiceScarf|Drizzle|WeatherBall,MuddyWater,Uturn,Hurricane|Bold||M|||50|]Archaludon||Leftovers|Stalwart|DracoMeteor,FlashCannon,ElectroShot,Thunderbolt|Modest||M|||50|]Rhyperior||LifeOrb|SolidRock|RockSlide,StompingTantrum,Protect,IcePunch|Adamant||F|||50|]Sableye||RoseliBerry|Prankster|RainDance,LightScreen,FakeOut,Encore|Impish||F|||50|]Bellibolt||SitrusBerry|Electromorphosis|ParabolicCharge,Protect,ChillingWater,Thunderbolt|Calm||F|||50|
|
|t:|1784909136
|teamsize|p1|4
|teamsize|p2|4
|start
|switch|p1a: Staraptor|Staraptor, L50, F|100/100
|switch|p1b: Gholdengo|Gholdengo, L50|100/100
|switch|p2a: Archaludon|Archaludon, L50, M|100/100
|switch|p2b: Raichu|Raichu, L50, M|100/100
|-ability|p1a: Staraptor|Intimidate|boost
|-unboost|p2a: Archaludon|atk|1
|-unboost|p2b: Raichu|atk|1
|turn|1
|inactive|Battle timer is ON: inactive players will automatically lose when time's up. (requested by danny2511)
|
|t:|1784909180
|detailschange|p2b: Raichu|Raichu-Mega-X, L50, M
|-mega|p2b: Raichu|Raichu|Raichunite X
|-fieldstart|move: Electric Terrain|[from] ability: Electric Surge|[of] p2b: Raichu
|move|p1a: Staraptor|Protect|p1a: Staraptor
|-singleturn|p1a: Staraptor|Protect
|move|p2b: Raichu|Fake Out|p1a: Staraptor
|-activate|p1a: Staraptor|move: Protect
|move|p1b: Gholdengo|Nasty Plot|p1b: Gholdengo
|-boost|p1b: Gholdengo|spa|2
|move|p2a: Archaludon|Thunderbolt|p1a: Staraptor
|-activate|p1a: Staraptor|move: Protect
|
|upkeep
|turn|2
|
|t:|1784909214
|switch|p1a: Tyranitar|Tyranitar, L50, F|100/100
|-weather|Sandstorm|[from] ability: Sand Stream|[of] p1a: Tyranitar
|switch|p2a: Bellibolt|Bellibolt, L50, F|100/100
|move|p2b: Raichu|Rising Voltage|p1a: Tyranitar
|-hint|Rising Voltage's BP doubled on grounded target.
|-damage|p1a: Tyranitar|53/100
|move|p1b: Gholdengo|Make It Rain|p2a: Bellibolt|[spread] p2b
|-miss|p1b: Gholdengo|p2a: Bellibolt
|-resisted|p2b: Raichu|1
|-damage|p2b: Raichu|13/100
|-unboost|p1b: Gholdengo|spa|2
|-damage|p1b: Gholdengo|90/100|[from] item: Life Orb
|
|-weather|Sandstorm|[upkeep]
|-damage|p2b: Raichu|7/100|[from] Sandstorm
|-damage|p2a: Bellibolt|93/100|[from] Sandstorm
|upkeep
|turn|3
|inactive|danny2511 has 30 seconds left.
|inactive|danny2511 has 20 seconds left.
|
|t:|1784909251
|switch|p1a: Excadrill|Excadrill, L50, F|100/100
|switch|p2b: Archaludon|Archaludon, L50, M|100/100
|move|p1b: Gholdengo|Nasty Plot|p1b: Gholdengo
|-boost|p1b: Gholdengo|spa|2
|move|p2a: Bellibolt|Chilling Water|p1a: Excadrill
|-supereffective|p1a: Excadrill|1
|-damage|p1a: Excadrill|66/100
|-unboost|p1a: Excadrill|atk|1
|
|-weather|Sandstorm|[upkeep]
|-damage|p2a: Bellibolt|87/100|[from] Sandstorm
|upkeep
|turn|4
|inactive|MessyBench has 30 seconds left.
|inactive|MessyBench has 20 seconds left.
|inactive|MessyBench has 15 seconds left.
|inactive|MessyBench has 10 seconds left.
|inactive|MessyBench has 5 seconds left.
|
|t:|1784909301
|switch|p2b: Pelipper|Pelipper, L50, M|100/100
|-weather|RainDance|[from] ability: Drizzle|[of] p2b: Pelipper
|move|p1a: Excadrill|High Horsepower|p2b: Pelipper
|-immune|p2b: Pelipper
|move|p1b: Gholdengo|Make It Rain|p2a: Bellibolt|[spread] p2a
|-miss|p1b: Gholdengo|p2b: Pelipper
|-resisted|p2a: Bellibolt|1
|-damage|p2a: Bellibolt|45/100
|-unboost|p1b: Gholdengo|spa|2
|-start|p2a: Bellibolt|Charge|Make It Rain|[from] ability: Electromorphosis
|-enditem|p2a: Bellibolt|Sitrus Berry|[eat]
|-heal|p2a: Bellibolt|70/100|[from] item: Sitrus Berry
|-damage|p1b: Gholdengo|81/100|[from] item: Life Orb
|move|p2a: Bellibolt|Thunderbolt|p1b: Gholdengo
|-damage|p1b: Gholdengo|0 fnt
|faint|p1b: Gholdengo
|-end|p2a: Bellibolt|Charge|[silent]
|
|-weather|RainDance|[upkeep]
|upkeep
|
|t:|1784909324
|switch|p1b: Tyranitar|Tyranitar, L50, F|53/100
|-weather|Sandstorm|[from] ability: Sand Stream|[of] p1b: Tyranitar
|turn|5
|inactive|MessyBench has 30 seconds left.
|inactive|MessyBench has 20 seconds left.
|
|t:|1784909362
|switch|p2b: Archaludon|Archaludon, L50, M|100/100
|move|p1a: Excadrill|High Horsepower|p2a: Bellibolt
|-supereffective|p2a: Bellibolt|1
|-damage|p2a: Bellibolt|8/100
|-start|p2a: Bellibolt|Charge|High Horsepower|[from] ability: Electromorphosis
|move|p1b: Tyranitar|Rock Slide|p2b: Archaludon|[spread] p2a
|-miss|p1b: Tyranitar|p2b: Archaludon
|-crit|p2a: Bellibolt
|-damage|p2a: Bellibolt|0 fnt
|faint|p2a: Bellibolt
|
|-weather|Sandstorm|[upkeep]
|-fieldend|move: Electric Terrain
|upkeep
|
|t:|1784909368
|switch|p2a: Pelipper|Pelipper, L50, M|100/100
|-weather|RainDance|[from] ability: Drizzle|[of] p2a: Pelipper
|turn|6
|
|t:|1784909383
|switch|p1b: Staraptor|Staraptor, L50, F|100/100
|-ability|p1b: Staraptor|Intimidate|boost
|-unboost|p2a: Pelipper|atk|1
|-unboost|p2b: Archaludon|atk|1
|move|p1a: Excadrill|Protect|p1a: Excadrill
|-singleturn|p1a: Excadrill|Protect
|move|p2a: Pelipper|Muddy Water|p1a: Excadrill|[spread] p1b
|-activate|p1a: Excadrill|move: Protect
|-damage|p1b: Staraptor|52/100
|move|p2b: Archaludon|Flash Cannon|p1a: Excadrill
|-activate|p1a: Excadrill|move: Protect
|
|-weather|RainDance|[upkeep]
|upkeep
|turn|7
|
|t:|1784909401
|switch|p1a: Tyranitar|Tyranitar, L50, F|53/100
|-weather|Sandstorm|[from] ability: Sand Stream|[of] p1a: Tyranitar
|switch|p2a: Raichu|Raichu-Mega-X, L50, M|7/100
|-fieldstart|move: Electric Terrain|[from] ability: Electric Surge|[of] p2a: Raichu
|detailschange|p1b: Staraptor|Staraptor-Mega, L50, F
|-mega|p1b: Staraptor|Staraptor|Staraptite
|move|p1b: Staraptor|Close Combat|p2b: Archaludon
|-supereffective|p2b: Archaludon|1
|-damage|p2b: Archaludon|16/100
|-boost|p1b: Staraptor|def|1
|-boost|p1b: Staraptor|spd|1
|move|p2b: Archaludon|Draco Meteor|p1b: Staraptor
|-crit|p1b: Staraptor
|-damage|p1b: Staraptor|0 fnt
|-unboost|p2b: Archaludon|spa|2
|faint|p1b: Staraptor
|
|-weather|Sandstorm|[upkeep]
|-damage|p2a: Raichu|1/100|[from] Sandstorm
|-heal|p2b: Archaludon|22/100|[from] item: Leftovers
|upkeep
|
|t:|1784909425
|switch|p1b: Excadrill|Excadrill, L50, F|66/100
|turn|8
|
|t:|1784909438
|switch|p2a: Pelipper|Pelipper, L50, M|100/100
|-weather|RainDance|[from] ability: Drizzle|[of] p2a: Pelipper
|move|p1a: Tyranitar|Rock Slide|p2b: Archaludon|[spread] p2a
|-miss|p1a: Tyranitar|p2b: Archaludon
|-supereffective|p2a: Pelipper|1
|-damage|p2a: Pelipper|49/100
|move|p1b: Excadrill|Rock Slide|p2a: Pelipper|[spread] p2a,p2b
|-supereffective|p2a: Pelipper|1
|-resisted|p2b: Archaludon|1
|-damage|p2a: Pelipper|7/100
|-damage|p2b: Archaludon|14/100
|move|p2b: Archaludon|Flash Cannon|p1a: Tyranitar
|-supereffective|p1a: Tyranitar|1
|-damage|p1a: Tyranitar|15/100
|-unboost|p1a: Tyranitar|spd|1
|
|-weather|RainDance|[upkeep]
|-heal|p2b: Archaludon|20/100y|[from] item: Leftovers
|upkeep
|turn|9
|
|t:|1784909460
|move|p1a: Tyranitar|Rock Slide|p2b: Archaludon|[spread] p2a,p2b
|-supereffective|p2a: Pelipper|1
|-resisted|p2b: Archaludon|1
|-damage|p2a: Pelipper|0 fnt
|-damage|p2b: Archaludon|10/100
|faint|p2a: Pelipper
|move|p1b: Excadrill|High Horsepower|p2b: Archaludon
|-supereffective|p2b: Archaludon|1
|-damage|p2b: Archaludon|0 fnt
|faint|p2b: Archaludon
|
|-weather|RainDance|[upkeep]
|upkeep
|-message|MessyBench forfeited.
|
|win|danny2511
|l|☆MessyBench
|player|p2|
|raw|danny2511's rating: 1000 → 1043(+43 for winning)
|raw|MessyBench's rating: 1029 → 1013(-16 for losing)
