|j|☆da poyo
|j|☆jiaco5
|html|da poyojiaco5    
|uhtml|bestof|Game 3 of a best-of-3
|t:|1783998876
|gametype|doubles
|player|p1|da poyo|101|1187
|player|p2|jiaco5|102|1263
|gen|9
|tier|[Gen 9 Champions] VGC 2026 Reg M-B (Bo3)
|rated|
|rule|Species Clause: Limit one of each Pokémon
|rule|Item Clause: Limit 1 of each item
|clearpoke
|poke|p1|Aerodactyl, L50, M, shiny|
|poke|p1|Kingambit, L50, M, shiny|
|poke|p1|Charizard, L50, M, shiny|
|poke|p1|Garchomp, L50, F, shiny|
|poke|p1|Farigiraf, L50, M, shiny|
|poke|p1|Sylveon, L50, F, shiny|
|poke|p2|Blastoise, L50, M|
|poke|p2|Sinistcha, L50|
|poke|p2|Delphox, L50, M|
|poke|p2|Sneasler, L50, F|
|poke|p2|Incineroar, L50, M|
|poke|p2|Kingambit, L50, F|
|teampreview|4
|showteam|p1|Aerodactyl||Aerodactylite|Unnerve|Tailwind,DualWingbeat,RockSlide,WideGuard|Jolly||M|||50|]Kingambit||FocusSash|Defiant|KowtowCleave,SuckerPunch,IronHead,LowKick|Adamant||M|||50|]Charizard||CharizarditeY|Blaze|HeatWave,Protect,SolarBeam,WeatherBall|Modest||M|||50|]Garchomp||LifeOrb|RoughSkin|Earthquake,Protect,DragonClaw,RockSlide|Jolly||F|||50|]Farigiraf||SitrusBerry|ArmorTail|TrickRoom,Psychic,AllySwitch,HelpingHand|Calm||M|||50|]Sylveon||FairyFeather|Pixilate|HyperBeam,HyperVoice,QuickAttack,Protect|Modest||F|||50|
|showteam|p2|Blastoise||Blastoisinite|RainDish|WaterSpout,DarkPulse,ShellSmash,Protect|Modest||M|||50|]Sinistcha||OccaBerry|Hospitality|MatchaGotcha,TrickRoom,RagePowder,Protect|Relaxed|||||50|]Delphox||Delphoxite|Blaze|HeatWave,Psyshock,NastyPlot,Protect|Timid||M|||50|]Sneasler||FocusSash|PoisonTouch|CloseCombat,DireClaw,FakeOut,QuickGuard|Jolly||F|||50|]Incineroar||SitrusBerry|Intimidate|FlareBlitz,FakeOut,ThroatChop,PartingShot|Impish||M|||50|]Kingambit||BlackGlasses|Defiant|KowtowCleave,SuckerPunch,SwordsDance,Protect|Adamant||F|||50|
|inactive|Battle timer is ON: inactive players will automatically lose when time's up. (requested by da poyo)
|inactive|jiaco5 has 60 seconds left.
|
|t:|1783998930
|teamsize|p1|4
|teamsize|p2|4
|start
|switch|p1a: Aerodactyl|Aerodactyl, L50, M, shiny|100/100
|switch|p1b: Kingambit|Kingambit, L50, M, shiny|100/100
|switch|p2a: Incineroar|Incineroar, L50, M|100/100
|switch|p2b: Sinistcha|Sinistcha, L50|100/100
|-ability|p1a: Aerodactyl|Unnerve
|-ability|p2a: Incineroar|Intimidate|boost
|-unboost|p1a: Aerodactyl|atk|1
|-unboost|p1b: Kingambit|atk|1
|-ability|p1b: Kingambit|Defiant|boost
|-boost|p1b: Kingambit|atk|2
|turn|1
|
|t:|1783998946
|detailschange|p1a: Aerodactyl|Aerodactyl-Mega, L50, M, shiny
|-mega|p1a: Aerodactyl|Aerodactyl|Aerodactylite
|move|p2a: Incineroar|Fake Out|p1b: Kingambit
|-resisted|p1b: Kingambit|1
|-damage|p1b: Kingambit|94/100
|move|p1a: Aerodactyl|Dual Wingbeat|p2b: Sinistcha
|-supereffective|p2b: Sinistcha|1
|-damage|p2b: Sinistcha|66/100
|-supereffective|p2b: Sinistcha|1
|-damage|p2b: Sinistcha|34/100
|-hitcount|p2b: Sinistcha|2
|cant|p1b: Kingambit|flinch
|move|p2b: Sinistcha|Trick Room|p2b: Sinistcha
|-fieldstart|move: Trick Room|[of] p2b: Sinistcha
|
|upkeep
|turn|2
|
|t:|1783998963
|move|p2b: Sinistcha|Matcha Gotcha|p1b: Kingambit|[spread] p1b
|-miss|p2b: Sinistcha|p1a: Aerodactyl
|-resisted|p1b: Kingambit|1
|-damage|p1b: Kingambit|79/100
|-heal|p2b: Sinistcha|42/100|[from] drain|[of] p1b: Kingambit
|move|p2a: Incineroar|Flare Blitz|p1b: Kingambit
|-supereffective|p1b: Kingambit|1
|-damage|p1b: Kingambit|1/100
|-damage|p2a: Incineroar|77/100|[from] Recoil
|move|p1b: Kingambit|Low Kick|p2a: Incineroar
|-supereffective|p2a: Incineroar|1
|-damage|p2a: Incineroar|5/100
|-enditem|p2a: Incineroar|Sitrus Berry|[eat]
|-heal|p2a: Incineroar|30/100|[from] item: Sitrus Berry
|move|p1a: Aerodactyl|Rock Slide|p2a: Incineroar|[spread] p2a,p2b
|-supereffective|p2a: Incineroar|1
|-damage|p2a: Incineroar|1/100
|-damage|p2b: Sinistcha|25/100
|
|upkeep
|turn|3
|
|t:|1783998987
|move|p2b: Sinistcha|Protect|p2b: Sinistcha
|-singleturn|p2b: Sinistcha|Protect
|move|p1b: Kingambit|Sucker Punch||[still]
|-fail|p1b: Kingambit
|move|p2a: Incineroar|Flare Blitz|p1b: Kingambit
|-supereffective|p1b: Kingambit|1
|-damage|p1b: Kingambit|0 fnt
|faint|p1b: Kingambit
|-damage|p2a: Incineroar|1/100|[from] Recoil
|move|p1a: Aerodactyl|Dual Wingbeat|p2a: Incineroar|[miss]
|-miss|p1a: Aerodactyl|p2a: Incineroar
|
|upkeep
|
|t:|1783998999
|switch|p1b: Farigiraf|Farigiraf, L50, M, shiny|100/100
|turn|4
|
|t:|1783999008
|move|p2b: Sinistcha|Matcha Gotcha|p1b: Farigiraf|[spread] p1a,p1b
|-damage|p1a: Aerodactyl|69/100
|-heal|p2b: Sinistcha|38/100|[from] drain|[of] p1a: Aerodactyl
|-damage|p1b: Farigiraf|78/100
|-heal|p2b: Sinistcha|52/100|[from] drain|[of] p1b: Farigiraf
|move|p2a: Incineroar|Parting Shot|p1a: Aerodactyl
|-unboost|p1a: Aerodactyl|atk|1
|-unboost|p1a: Aerodactyl|spa|1
|
|t:|1783999020
|switch|p2a: Blastoise|Blastoise, L50, M|100/100|[from] Parting Shot
|move|p1a: Aerodactyl|Rock Slide|p2b: Sinistcha|[spread] p2a,p2b
|-damage|p2a: Blastoise|83/100
|-damage|p2b: Sinistcha|38/100
|move|p1b: Farigiraf|Trick Room|p1b: Farigiraf
|-fieldend|move: Trick Room
|
|upkeep
|turn|5
|
|t:|1783999033
|switch|p2b: Incineroar|Incineroar, L50, M|1/100
|-ability|p2b: Incineroar|Intimidate|boost
|-unboost|p1a: Aerodactyl|atk|1
|-unboost|p1b: Farigiraf|atk|1
|detailschange|p2a: Blastoise|Blastoise-Mega, L50, M
|-mega|p2a: Blastoise|Blastoise|Blastoisinite
|move|p1a: Aerodactyl|Dual Wingbeat|p2b: Incineroar
|-damage|p2b: Incineroar|0 fnt
|faint|p2b: Incineroar
|-hitcount|p2: Incineroar|1
|move|p2a: Blastoise|Dark Pulse|p1b: Farigiraf
|-supereffective|p1b: Farigiraf|1
|-crit|p1b: Farigiraf
|-damage|p1b: Farigiraf|0 fnt
|faint|p1b: Farigiraf
|
|upkeep
|
|t:|1783999048
|switch|p2b: Kingambit|Kingambit, L50, F|100/100
|switch|p1b: Sylveon|Sylveon, L50, F, shiny|100/100
|turn|6
|
|t:|1783999063
|move|p2a: Blastoise|Protect|p2a: Blastoise
|-singleturn|p2a: Blastoise|Protect
|move|p1a: Aerodactyl|Wide Guard|p1a: Aerodactyl
|-singleturn|p1a: Aerodactyl|Wide Guard
|move|p1b: Sylveon|Hyper Beam|p2b: Kingambit
|-damage|p2b: Kingambit|0 fnt
|-mustrecharge|p1b: Sylveon
|faint|p2b: Kingambit
|
|upkeep
|
|t:|1783999071
|switch|p2b: Sinistcha|Sinistcha, L50|38/100
|-heal|p2a: Blastoise|100/100|[from] ability: Hospitality|[of] p2b: Sinistcha
|turn|7
|
|t:|1783999085
|move|p1a: Aerodactyl|Dual Wingbeat|p2a: Blastoise
|-damage|p2a: Blastoise|86/100
|-damage|p2a: Blastoise|74/100
|-hitcount|p2a: Blastoise|2
|move|p2a: Blastoise|Dark Pulse|p1a: Aerodactyl
|-damage|p1a: Aerodactyl|8/100
|cant|p1b: Sylveon|recharge
|move|p2b: Sinistcha|Matcha Gotcha|p1a: Aerodactyl|[spread] p1a,p1b
|-crit|p1a: Aerodactyl
|-crit|p1b: Sylveon
|-damage|p1a: Aerodactyl|0 fnt
|-heal|p2b: Sinistcha|42/100|[from] drain|[of] p1a: Aerodactyl
|-damage|p1b: Sylveon|68/100
|-heal|p2b: Sinistcha|58/100|[from] drain|[of] p1b: Sylveon
|faint|p1a: Aerodactyl
|
|upkeep
|turn|8
|
|t:|1783999106
|move|p1b: Sylveon|Protect|p1b: Sylveon
|-singleturn|p1b: Sylveon|Protect
|move|p2a: Blastoise|Water Spout|p1b: Sylveon
|-activate|p1b: Sylveon|move: Protect
|move|p2b: Sinistcha|Matcha Gotcha|p1b: Sylveon
|-activate|p1b: Sylveon|move: Protect
|
|upkeep
|turn|9
|
|t:|1783999119
|move|p2a: Blastoise|Water Spout|p1b: Sylveon
|-damage|p1b: Sylveon|9/100
|move|p1b: Sylveon|Hyper Voice|p2a: Blastoise|[spread] p2a,p2b
|-damage|p2a: Blastoise|25/100
|-damage|p2b: Sinistcha|14/100
|move|p2b: Sinistcha|Matcha Gotcha|p1b: Sylveon
|-damage|p1b: Sylveon|0 fnt
|-heal|p2b: Sinistcha|19/100|[from] drain|[of] p1b: Sylveon
|faint|p1b: Sylveon
|
|win|jiaco5
|raw|da poyo's rating: 1187 → 1167(-20 for losing)
|raw|jiaco5's rating: 1263 → 1283(+20 for winning)
|l|☆da poyo
|player|p1|
