|j|☆15Hugs
|j|☆0fro
|html|15Hugs0fro    
|uhtml|bestof|Game 1 of a best-of-3
|t:|1786040131
|gametype|doubles
|player|p1|15Hugs|ingo|1178
|player|p2|0fro|volkner|1139
|gen|9
|tier|[Gen 9 Champions] VGC 2026 Reg M-B (Bo3)
|rated|
|rule|Species Clause: Limit one of each Pokémon
|rule|Item Clause: Limit 1 of each item
|clearpoke
|poke|p1|Mawile, L50, F|
|poke|p1|Sneasler, L50, M|
|poke|p1|Raichu, L50, M|
|poke|p1|Hydreigon, L50, F|
|poke|p1|Farigiraf, L50, F, shiny|
|poke|p1|Sinistcha, L50|
|poke|p2|Mawile, L50, M|
|poke|p2|Talonflame, L50, F|
|poke|p2|Garchomp, L50, M|
|poke|p2|Sinistcha, L50|
|poke|p2|Tyranitar, L50, M|
|poke|p2|Incineroar, L50, M, shiny|
|teampreview|4
|showteam|p1|Mawile||Mawilite|Intimidate|Protect,PlayRough,IronHead,SuckerPunch|Brave||F|||50|]Sneasler||WhiteHerb|Unburden|FakeOut,RockTomb,CloseCombat,DireClaw|Jolly||M|||50|]Raichu||RaichuniteY|LightningRod|Protect,FakeOut,ZapCannon,FocusBlast|Timid||M|||50|]Hydreigon||ChoiceScarf|Levitate|DracoMeteor,Snarl,DarkPulse,EarthPower|Timid||F|||50|]Farigiraf||SitrusBerry|ArmorTail|TrickRoom,HelpingHand,FoulPlay,Psychic|Quiet||F|||50|]Sinistcha||KasibBerry|Hospitality|TrickRoom,Hex,MatchaGotcha,RagePowder|Modest|||||50|
|showteam|p2|Mawile||Mawilite|HyperCutter|SwordsDance,Protect,PlayRough,SuckerPunch|Adamant||M|||50|]Talonflame||SharpBeak|GaleWings|Tailwind,DualWingbeat,FlareBlitz,Protect|Jolly||F|||50|]Garchomp||LifeOrb|RoughSkin|DragonClaw,Earthquake,RockSlide,Protect|Adamant||M|||50|]Sinistcha||KasibBerry|Hospitality|Protect,MatchaGotcha,TrickRoom,RagePowder|Calm|||||50|]Tyranitar||Tyranitarite|SandStream|KnockOff,RockSlide,LowKick,Protect|Adamant||M|||50|]Incineroar||SitrusBerry|Intimidate|FakeOut,FlareBlitz,ThroatChop,PartingShot|Impish||M|||50|
|
|t:|1786040188
|teamsize|p1|4
|teamsize|p2|4
|start
|switch|p1a: Farigiraf|Farigiraf, L50, F, shiny|100/100
|switch|p1b: Sneasler|Sneasler, L50, M|100/100
|switch|p2a: Incineroar|Incineroar, L50, M, shiny|100/100
|switch|p2b: Mawile|Mawile, L50, M|100/100
|-ability|p2a: Incineroar|Intimidate|boost
|-unboost|p1a: Farigiraf|atk|1
|-unboost|p1b: Sneasler|atk|1
|-enditem|p1b: Sneasler|White Herb
|-clearnegativeboost|p1b: Sneasler|[silent]
|turn|1
|inactive|Battle timer is ON: inactive players will automatically lose when time's up. (requested by 15Hugs)
|inactive|0fro has 60 seconds left.
|
|t:|1786040231
|switch|p2a: Sinistcha|Sinistcha, L50|100/100
|detailschange|p2b: Mawile|Mawile-Mega, L50, M
|-mega|p2b: Mawile|Mawile|Mawilite
|move|p1a: Farigiraf|Helping Hand|p1b: Sneasler
|-singleturn|p1b: Sneasler|Helping Hand|[of] p1a: Farigiraf
|move|p1b: Sneasler|Dire Claw|p2a: Sinistcha
|-crit|p2a: Sinistcha
|-damage|p2a: Sinistcha|15/100
|move|p2b: Mawile|Play Rough|p1b: Sneasler
|-damage|p1b: Sneasler|0 fnt
|faint|p1b: Sneasler
|
|upkeep
|
|t:|1786040243
|switch|p1b: Mawile|Mawile, L50, F|100/100
|-ability|p1b: Mawile|Intimidate|boost
|-unboost|p2a: Sinistcha|atk|1
|-unboost|p2b: Mawile|atk|1
|turn|2
|
|t:|1786040260
|switch|p2a: Incineroar|Incineroar, L50, M, shiny|100/100
|-ability|p2a: Incineroar|Intimidate|boost
|-unboost|p1a: Farigiraf|atk|1
|-unboost|p1b: Mawile|atk|1
|move|p1b: Mawile|Protect|p1b: Mawile
|-singleturn|p1b: Mawile|Protect
|move|p2b: Mawile|Swords Dance|p2b: Mawile
|-boost|p2b: Mawile|atk|2
|move|p1a: Farigiraf|Foul Play|p2a: Incineroar
|-resisted|p2a: Incineroar|1
|-damage|p2a: Incineroar|88/100
|
|upkeep
|turn|3
|
|t:|1786040280
|detailschange|p1b: Mawile|Mawile-Mega, L50, F
|-mega|p1b: Mawile|Mawile|Mawilite
|move|p2a: Incineroar|Flare Blitz|p1b: Mawile
|-supereffective|p1b: Mawile|1
|-damage|p1b: Mawile|1/100
|-damage|p2a: Incineroar|59/100|[from] Recoil
|move|p2b: Mawile|Play Rough|p1a: Farigiraf|[miss]
|-miss|p2b: Mawile|p1a: Farigiraf
|move|p1a: Farigiraf|Foul Play|p2b: Mawile
|-resisted|p2b: Mawile|1
|-damage|p2b: Mawile|78/100
|move|p1b: Mawile|Iron Head|p2b: Mawile
|-damage|p2b: Mawile|23/100
|
|upkeep
|turn|4
|
|t:|1786040302
|switch|p1a: Sinistcha|Sinistcha, L50|100/100
|-heal|p1b: Mawile|25/100|[from] ability: Hospitality|[of] p1a: Sinistcha
|move|p1b: Mawile|Protect|p1b: Mawile
|-singleturn|p1b: Mawile|Protect
|move|p2a: Incineroar|Throat Chop|p1b: Mawile
|-activate|p1b: Mawile|move: Protect
|move|p2b: Mawile|Play Rough|p1a: Sinistcha
|-damage|p1a: Sinistcha|0 fnt
|faint|p1a: Sinistcha
|
|upkeep
|
|t:|1786040313
|switch|p1a: Farigiraf|Farigiraf, L50, F, shiny|100/100
|turn|5
|
|t:|1786040326
|move|p1a: Farigiraf|Helping Hand|p1b: Mawile
|-singleturn|p1b: Mawile|Helping Hand|[of] p1a: Farigiraf
|move|p1b: Mawile|Sucker Punch|p2b: Mawile
|-resisted|p2b: Mawile|1
|-damage|p2b: Mawile|3/100
|move|p2a: Incineroar|Flare Blitz|p1b: Mawile
|-supereffective|p1b: Mawile|1
|-crit|p1b: Mawile
|-damage|p1b: Mawile|0 fnt
|faint|p1b: Mawile
|-damage|p2a: Incineroar|51/100|[from] Recoil
|move|p2b: Mawile|Play Rough|p1a: Farigiraf
|-damage|p1a: Farigiraf|0 fnt
|faint|p1a: Farigiraf
|
|win|0fro
||0fro is ready for game 2.
