|j|☆homerj71
|j|☆sr. sotomonte
|html|homerj71sr. sotomonte    
|uhtml|bestof|Game 3 of a best-of-3
|t:|1784226736
|gametype|doubles
|player|p1|homerj71|265|1094
|player|p2|sr. sotomonte|wattson|1183
|gen|9
|tier|[Gen 9 Champions] VGC 2026 Reg M-B (Bo3)
|rated|
|rule|Species Clause: Limit one of each Pokémon
|rule|Item Clause: Limit 1 of each item
|clearpoke
|poke|p1|Sneasler, L50, F|
|poke|p1|Sinistcha, L50|
|poke|p1|Incineroar, L50, F|
|poke|p1|Kingambit, L50, M|
|poke|p1|Delphox, L50, M|
|poke|p1|Blastoise, L50, F|
|poke|p2|Froslass, L50, F|
|poke|p2|Scovillain, L50, M|
|poke|p2|Lycanroc-Dusk, L50, M|
|poke|p2|Kingambit, L50, F|
|poke|p2|Basculegion, L50, M|
|poke|p2|Sneasler, L50, M|
|teampreview|4
|showteam|p1|Sneasler||FocusSash|PoisonTouch|QuickGuard,FakeOut,DireClaw,CloseCombat|Jolly||F|||50|]Sinistcha||OccaBerry|Hospitality|Protect,RagePowder,MatchaGotcha,TrickRoom|Relaxed|||||50|]Incineroar||SitrusBerry|Intimidate|FakeOut,FlareBlitz,ThroatChop,PartingShot|Careful||F|||50|]Kingambit||BlackGlasses|Defiant|KowtowCleave,SwordsDance,SuckerPunch,Protect|Adamant||M|||50|]Delphox||Delphoxite|Blaze|Protect,NastyPlot,HeatWave,Psyshock|Timid||M|||50|]Blastoise||Blastoisinite|RainDish|WaterSpout,DarkPulse,ShellSmash,Protect|Modest||F|||50|
|showteam|p2|Froslass||Froslassite|CursedBody|Blizzard,ShadowBall,AuroraVeil,Protect|Modest||F|||50|]Scovillain||Scovillainite|Moody|Overheat,GigaDrain,RagePowder,Protect|Modest||M|||50|]Lycanroc-Dusk||FocusSash|ToughClaws|RockSlide,CloseCombat,Accelerock,Protect|Adamant||M|||50|]Kingambit||BlackGlasses|Defiant|KowtowCleave,SuckerPunch,SwordsDance,Protect|Adamant||F|||50|]Basculegion||SitrusBerry|Adaptability|WaveCrash,LastRespects,AquaJet,Protect|Adamant||M|||50|]Sneasler||WhiteHerb|Unburden|CloseCombat,GunkShot,FakeOut,Protect|Adamant||M|||50|
|inactive|Battle timer is ON: inactive players will automatically lose when time's up. (requested by homerj71)
|inactive|sr. sotomonte has 60 seconds left.
|
|t:|1784226768
|teamsize|p1|4
|teamsize|p2|4
|start
|switch|p1a: Delphox|Delphox, L50, M|100/100
|switch|p1b: Sneasler|Sneasler, L50, F|100/100
|switch|p2a: Sneasler|Sneasler, L50, M|100/100
|switch|p2b: Froslass|Froslass, L50, F|100/100
|turn|1
|
|t:|1784226781
|detailschange|p1a: Delphox|Delphox-Mega, L50, M
|-mega|p1a: Delphox|Delphox|Delphoxite
|detailschange|p2b: Froslass|Froslass-Mega, L50, F
|-mega|p2b: Froslass|Froslass|Froslassite
|-weather|Snowscape|[from] ability: Snow Warning|[of] p2b: Froslass
|move|p1b: Sneasler|Fake Out|p2a: Sneasler
|-damage|p2a: Sneasler|81/100
|cant|p2a: Sneasler|flinch
|move|p1a: Delphox|Nasty Plot|p1a: Delphox
|-boost|p1a: Delphox|spa|2
|move|p2b: Froslass|Aurora Veil|p2b: Froslass
|-sidestart|p2: sr. sotomonte|move: Aurora Veil
|
|-weather|Snowscape|[upkeep]
|upkeep
|turn|2
|inactive|homerj71 has 30 seconds left.
|inactive|sr. sotomonte has 30 seconds left.
|inactive|homerj71 has 20 seconds left.
|inactive|homerj71 has 15 seconds left.
|
|t:|1784226823
|switch|p1b: Sinistcha|Sinistcha, L50|100/100
|move|p1a: Delphox|Protect|p1a: Delphox
|-singleturn|p1a: Delphox|Protect
|move|p2a: Sneasler|Close Combat|p1a: Delphox
|-activate|p1a: Delphox|move: Protect
|move|p2b: Froslass|Blizzard|p1b: Sinistcha|[spread] p1b
|-activate|p1a: Delphox|move: Protect
|-supereffective|p1b: Sinistcha|1
|-damage|p1b: Sinistcha|18/100
|
|-weather|Snowscape|[upkeep]
|upkeep
|turn|3
|inactive|sr. sotomonte has 30 seconds left.
|
|t:|1784226854
|switch|p2a: Basculegion|Basculegion, L50, M|100/100
|move|p1b: Sinistcha|Rage Powder|p1b: Sinistcha
|-singleturn|p1b: Sinistcha|move: Rage Powder
|move|p1a: Delphox|Heat Wave|p2a: Basculegion|[spread] p2a,p2b
|-resisted|p2a: Basculegion|1
|-supereffective|p2b: Froslass|1
|-damage|p2a: Basculegion|72/100
|-damage|p2b: Froslass|0 fnt
|faint|p2b: Froslass
|
|-weather|Snowscape|[upkeep]
|upkeep
|
|t:|1784226874
|switch|p2b: Sneasler|Sneasler, L50, M|81/100
|turn|4
|
|t:|1784226883
|move|p1a: Delphox|Protect|p1a: Delphox
|-singleturn|p1a: Delphox|Protect
|move|p1b: Sinistcha|Protect|p1b: Sinistcha
|-singleturn|p1b: Sinistcha|Protect
|move|p2b: Sneasler|Fake Out|p1a: Delphox
|-activate|p1a: Delphox|move: Protect
|move|p2a: Basculegion|Last Respects|p1b: Sinistcha
|-activate|p1b: Sinistcha|move: Protect
|
|-weather|Snowscape|[upkeep]
|upkeep
|turn|5
|
|t:|1784226901
|switch|p2b: Kingambit|Kingambit, L50, F|100/100
|move|p1b: Sinistcha|Rage Powder|p1b: Sinistcha
|-singleturn|p1b: Sinistcha|move: Rage Powder
|move|p1a: Delphox|Psyshock|p2b: Kingambit
|-immune|p2b: Kingambit
|move|p2a: Basculegion|Last Respects|p1b: Sinistcha
|-supereffective|p1b: Sinistcha|1
|-damage|p1b: Sinistcha|0 fnt
|faint|p1b: Sinistcha
|
|-weather|none
|-sideend|p2: sr. sotomonte|move: Aurora Veil
|upkeep
|
|t:|1784226905
|switch|p1b: Sneasler|Sneasler, L50, F|100/100
|turn|6
|
|t:|1784226928
|switch|p2b: Sneasler|Sneasler, L50, M|81/100
|move|p1b: Sneasler|Fake Out|p2b: Sneasler
|-damage|p2b: Sneasler|61/100
|move|p1a: Delphox|Psyshock|p2a: Basculegion
|-damage|p2a: Basculegion|0 fnt
|faint|p2a: Basculegion
|
|upkeep
|
|t:|1784226935
|switch|p2a: Kingambit|Kingambit, L50, F|100/100
|turn|7
|
|t:|1784226950
|move|p1a: Delphox|Protect|p1a: Delphox
|-singleturn|p1a: Delphox|Protect
|move|p2b: Sneasler|Fake Out|p1b: Sneasler
|-damage|p1b: Sneasler|75/100
|cant|p1b: Sneasler|flinch
|move|p2a: Kingambit|Swords Dance|p2a: Kingambit
|-boost|p2a: Kingambit|atk|2
|
|upkeep
|turn|8
|inactive|sr. sotomonte has 30 seconds left.
|
|t:|1784226976
|move|p1b: Sneasler|Quick Guard|p1b: Sneasler
|-singleturn|p1b: Sneasler|Quick Guard
|move|p2a: Kingambit|Sucker Punch|p1a: Delphox
|-activate|p1a: Delphox|move: Quick Guard
|move|p1a: Delphox|Heat Wave|p2b: Sneasler|[spread] p2a,p2b
|-supereffective|p2a: Kingambit|1
|-damage|p2a: Kingambit|0 fnt
|-damage|p2b: Sneasler|0 fnt
|faint|p2a: Kingambit
|faint|p2b: Sneasler
|
|win|homerj71
|raw|homerj71's rating: 1094 → 1126(+32 for winning)
|raw|sr. sotomonte's rating: 1183 → 1152(-31 for losing)
