|j|☆teriso169
|j|☆Ronansting
|html|teriso169Ronansting    
|uhtml|bestof|Game 2 of a best-of-3
|t:|1754907023
|gametype|doubles
|player|p1|teriso169|anabel-gen7|1217
|player|p2|Ronansting|baker|1420
|gen|9
|tier|[Gen 9] VGC 2025 Reg H (Bo3)
|rated|
|rule|Species Clause: Limit one of each Pokémon
|rule|Item Clause: Limit 1 of each item
|clearpoke
|poke|p1|Blaziken, L50, M|
|poke|p1|Dragonite, L50, M|
|poke|p1|Primarina, L50, F|
|poke|p1|Rillaboom, L50, M|
|poke|p1|Ninetales-Alola, L50, F|
|poke|p1|Gholdengo, L50|
|poke|p2|Archaludon, L50, M|
|poke|p2|Pelipper, L50, M|
|poke|p2|Indeedee, L50, M|
|poke|p2|Amoonguss, L50, F|
|poke|p2|Basculegion, L50, M|
|poke|p2|Hydreigon, L50, M|
|teampreview|4
|showteam|p1|Blaziken||ClearAmulet|SpeedBoost|Protect,CloseCombat,FlareBlitz,Coaching|||M|||50|,,,,,Ghost]Dragonite||LoadedDice|Multiscale|ScaleShot,Protect,Tailwind,LowKick|||M|||50|,,,,,Fairy]Primarina||LifeOrb|LiquidVoice|HyperVoice,Moonblast,Protect,Haze|||F|||50|,,,,,Steel]Rillaboom||AssaultVest|GrassySurge|WoodHammer,FakeOut,Uturn,GrassyGlide|||M|||50|,,,,,Ghost]Ninetales-Alola||ChoiceSpecs|SnowWarning|Blizzard,FreezeDry,Moonblast,IcyWind|||F|||50|,,,,,Ice]Gholdengo||IronPlate|GoodasGold|NastyPlot,MakeItRain,ShadowBall,Protect||||||50|,,,,,Water
|showteam|p2|Archaludon||AssaultVest|Stamina|ElectroShot,DracoMeteor,BodyPress,FlashCannon|||M|||50|,,,,,Grass]Pelipper||FocusSash|Drizzle|WeatherBall,Hurricane,Tailwind,Protect|||M|||50|,,,,,Ghost]Indeedee||ChoiceScarf|PsychicSurge|ExpandingForce,TeraBlast,Trick,DazzlingGleam|||M|||50|,,,,,Ground]Amoonguss||SitrusBerry|Regenerator|Spore,SludgeBomb,Protect,RagePowder|||F|||50|,,,,,Water]Basculegion||ChoiceBand|SwiftSwim|FlipTurn,WaveCrash,LastRespects,AquaJet|||M|||50|,,,,,Poison]Hydreigon||CovertCloak|Levitate|Taunt,Snarl,DracoMeteor,EarthPower|||M|||50|,,,,,Fairy
|inactive|Battle timer is ON: inactive players will automatically lose when time's up. (requested by teriso169)
|c|☆Ronansting|i did beat wolfe glick once
|c|☆Ronansting|as trannel likes to say
|c|☆teriso169|Lmao
|
|t:|1754907050
|teamsize|p1|4
|teamsize|p2|4
|start
|switch|p1a: Blaziken|Blaziken, L50, M, shiny|100/100
|switch|p1b: Sam Bankman|Gholdengo, L50, shiny|100/100
|switch|p2a: Piedragon|Hydreigon, L50, M|100/100
|switch|p2b: Empire|Basculegion, L50, M|100/100
|turn|1
|
|t:|1754907071
|-terastallize|p1b: Sam Bankman|Water
|move|p1a: Blaziken|Protect|p1a: Blaziken
|-singleturn|p1a: Blaziken|Protect
|move|p2a: Piedragon|Snarl|p1b: Sam Bankman|[spread] p1b
|-activate|p1a: Blaziken|move: Protect
|-damage|p1b: Sam Bankman|81/100
|-unboost|p1b: Sam Bankman|spa|1
|move|p1b: Sam Bankman|Nasty Plot|p1b: Sam Bankman
|-boost|p1b: Sam Bankman|spa|2
|move|p2b: Empire|Flip Turn|p1a: Blaziken
|-activate|p1a: Blaziken|move: Protect
|
|-ability|p1a: Blaziken|Speed Boost|boost
|-boost|p1a: Blaziken|spe|1
|upkeep
|turn|2
|
|t:|1754907090
|-terastallize|p2a: Piedragon|Fairy
|move|p1a: Blaziken|Close Combat|p2a: Piedragon
|-resisted|p2a: Piedragon
|-damage|p2a: Piedragon|70/100
|-unboost|p1a: Blaziken|def|1
|-unboost|p1a: Blaziken|spd|1
|move|p2a: Piedragon|Snarl|p1a: Blaziken|[spread] p1a,p1b
|-resisted|p1a: Blaziken
|-damage|p1a: Blaziken|80/100
|-damage|p1b: Sam Bankman|61/100
|-unboost|p1b: Sam Bankman|spa|1
|move|p1b: Sam Bankman|Make It Rain|p2b: Empire|[spread] p2a,p2b
|-supereffective|p2a: Piedragon
|-resisted|p2b: Empire
|-damage|p2a: Piedragon|0 fnt
|-damage|p2b: Empire|68/100
|-unboost|p1b: Sam Bankman|spa|1
|faint|p2a: Piedragon
|move|p2b: Empire|Flip Turn|p1a: Blaziken
|-supereffective|p1a: Blaziken
|-damage|p1a: Blaziken|0 fnt
|faint|p1a: Blaziken
|
|t:|1754907109
|switch|p2b: Arching|Archaludon, L50, M|100/100|[from] Flip Turn
|
|upkeep
|
|t:|1754907114
|switch|p2a: Empire|Basculegion, L50, M|68/100
|switch|p1a: Joe Rogan|Rillaboom, L50, M, shiny|100/100
|-fieldstart|move: Grassy Terrain|[from] ability: Grassy Surge|[of] p1a: Joe Rogan
|turn|3
|
|t:|1754907136
|switch|p2a: Smellypper|Pelipper, L50, M|100/100
|-weather|RainDance|[from] ability: Drizzle|[of] p2a: Smellypper
|move|p1b: Sam Bankman|Protect|p1b: Sam Bankman
|-singleturn|p1b: Sam Bankman|Protect
|move|p1a: Joe Rogan|Grassy Glide|p2a: Smellypper
|-damage|p2a: Smellypper|50/100
|move|p2b: Arching|Electro Shot||[still]
|-prepare|p2b: Arching|Electro Shot
|-boost|p2b: Arching|spa|1
|-anim|p2b: Arching|Electro Shot|p1b: Sam Bankman
|-activate|p1b: Sam Bankman|move: Protect
|
|-weather|RainDance|[upkeep]
|-heal|p1b: Sam Bankman|67/100|[from] Grassy Terrain
|upkeep
|turn|4
|
|t:|1754907151
|switch|p1a: Xin Xianying|Ninetales-Alola, L50, F, shiny|100/100
|-weather|Snowscape|[from] ability: Snow Warning|[of] p1a: Xin Xianying
|switch|p2a: Empire|Basculegion, L50, M|68/100
|move|p1b: Sam Bankman|Nasty Plot|p1b: Sam Bankman
|-boost|p1b: Sam Bankman|spa|2
|move|p2b: Arching|Flash Cannon|p1a: Xin Xianying
|-supereffective|p1a: Xin Xianying
|-damage|p1a: Xin Xianying|0 fnt
|faint|p1a: Xin Xianying
|
|-weather|Snowscape|[upkeep]
|-heal|p1b: Sam Bankman|73/100|[from] Grassy Terrain
|-heal|p2a: Empire|74/100|[from] Grassy Terrain
|upkeep
|
|t:|1754907154
|switch|p1a: Joe Rogan|Rillaboom, L50, M, shiny|100/100
|turn|5
|
|t:|1754907168
|move|p1a: Joe Rogan|Fake Out|p2b: Arching
|-resisted|p2b: Arching
|-damage|p2b: Arching|95/100
|-ability|p2b: Arching|Stamina|boost
|-boost|p2b: Arching|def|1
|move|p1b: Sam Bankman|Shadow Ball|p2b: Arching
|-damage|p2b: Arching|59/100
|-ability|p2b: Arching|Stamina|boost
|-boost|p2b: Arching|def|1
|move|p2a: Empire|Last Respects|p1b: Sam Bankman
|-damage|p1b: Sam Bankman|0 fnt
|faint|p1b: Sam Bankman
|cant|p2b: Arching|flinch
|
|-weather|Snowscape|[upkeep]
|-heal|p2a: Empire|81/100|[from] Grassy Terrain
|-heal|p2b: Arching|65/100|[from] Grassy Terrain
|upkeep
|turn|6
|c|☆teriso169|Gg
|c|☆teriso169|Misplayed a lot
|c|☆Ronansting|gg
|-message|teriso169 forfeited.
|
|win|Ronansting
|raw|teriso169's rating: 1217 → 1205(-12 for losing)
|raw|Ronansting's rating: 1420 → 1429(+9 for winning)
|l|☆teriso169
|player|p1|
