|j|☆x-demon18
|j|☆JLUKES
|html|x-demon18JLUKES    
|uhtml|bestof|Game 1 of a best-of-3
|t:|1784246734
|gametype|doubles
|player|p1|x-demon18|lucas|1050
|player|p2|JLUKES|102|1040
|gen|9
|tier|[Gen 9 Champions] VGC 2026 Reg M-B (Bo3)
|rated|
|rule|Species Clause: Limit one of each Pokémon
|rule|Item Clause: Limit 1 of each item
|clearpoke
|poke|p1|Incineroar, L50, F|
|poke|p1|Rotom-Wash, L50|
|poke|p1|Venusaur, L50, F|
|poke|p1|Garchomp, L50, M|
|poke|p1|Corviknight, L50, M|
|poke|p1|Sylveon, L50, F|
|poke|p2|Scrafty, L50, F|
|poke|p2|Torkoal, L50, F|
|poke|p2|Farigiraf, L50, M|
|poke|p2|Sylveon, L50, M|
|poke|p2|Garchomp, L50, F|
|poke|p2|Pyroar, L50, M|
|teampreview|4
|showteam|p1|Incineroar||ExpertBelt|Intimidate|FakeOut,TemperFlare,ThroatChop,PartingShot|Adamant||F|||50|]Rotom-Wash||RindoBerry|Levitate|HydroPump,Electroweb,WillOWisp,VoltSwitch|Modest|||||50|]Venusaur||Venusaurite|Chlorophyll|GigaDrain,SludgeBomb,EarthPower,Protect|Modest||F|||50|]Garchomp||LifeOrb|RoughSkin|RockSlide,DragonClaw,StompingTantrum,Protect|Jolly||M|||50|]Corviknight||OccaBerry|MirrorArmor|Tailwind,BraveBird,IronHead,BodyPress|Careful||M|||50|]Sylveon||FairyFeather|Pixilate|HyperVoice,QuickAttack,Yawn,Detect|Modest||F|||50|
|showteam|p2|Scrafty||Scraftinite|Intimidate|FakeOut,KnockOff,DrainPunch,Protect|Brave||F|||50|]Torkoal||LifeOrb|Drought|EarthPower,Eruption,WeatherBall,Protect|Quiet||F|||50|]Farigiraf||SitrusBerry|ArmorTail|Thunderbolt,GrassKnot,Psychic,TrickRoom|Quiet||M|||50|]Sylveon||FairyFeather|Pixilate|HyperBeam,HyperVoice,QuickAttack,Protect|Quiet||M|||50|]Garchomp||FocusSash|RoughSkin|DragonClaw,StompingTantrum,RockSlide,Protect|Jolly||F|||50|]Pyroar||Pyroarite|Rivalry|Overheat,HeatWave,SolarBeam,Protect|Timid||M|||50|
|inactive|Battle timer is ON: inactive players will automatically lose when time's up. (requested by JLUKES)
|inactive|JLUKES has 60 seconds left.
|inactive|JLUKES has 30 seconds left.
|inactive|JLUKES has 20 seconds left.
|inactive|JLUKES has 15 seconds left.
|inactive|JLUKES has 10 seconds left.
|inactive|JLUKES has 5 seconds left.
|
|t:|1784246828
|teamsize|p1|4
|teamsize|p2|4
|start
|switch|p1a: Frieren|Sylveon, L50, F|100/100
|switch|p1b: Berserk|Garchomp, L50, M|100/100
|switch|p2a: Farigiraf|Farigiraf, L50, M|100/100
|switch|p2b: Torkoal|Torkoal, L50, F|100/100
|-weather|SunnyDay|[from] ability: Drought|[of] p2b: Torkoal
|turn|1
|inactive|JLUKES has 30 seconds left.
|inactive|JLUKES has 20 seconds left.
|inactive|JLUKES has 15 seconds left.
|inactive|JLUKES has 10 seconds left.
|inactive|JLUKES has 5 seconds left.
|
|t:|1784246882
|move|p1b: Berserk|Rock Slide|p2b: Torkoal|[spread] p2a,p2b
|-supereffective|p2b: Torkoal|1
|-damage|p2a: Farigiraf|75/100
|-damage|p2b: Torkoal|60/100
|-damage|p1b: Berserk|90/100|[from] item: Life Orb
|move|p1a: Frieren|Hyper Voice|p2a: Farigiraf|[spread] p2a,p2b
|-resisted|p2b: Torkoal|1
|-damage|p2a: Farigiraf|37/100
|-damage|p2b: Torkoal|30/100
|-enditem|p2a: Farigiraf|Sitrus Berry|[eat]
|-heal|p2a: Farigiraf|61/100|[from] item: Sitrus Berry
|move|p2b: Torkoal|Weather Ball|p1b: Berserk
|-resisted|p1b: Berserk|1
|-damage|p1b: Berserk|49/100
|-damage|p2b: Torkoal|20/100y|[from] item: Life Orb
|move|p2a: Farigiraf|Trick Room|p2a: Farigiraf
|-fieldstart|move: Trick Room|[of] p2a: Farigiraf
|
|-weather|SunnyDay|[upkeep]
|upkeep
|turn|2
|inactive|JLUKES has 30 seconds left.
|inactive|JLUKES has 20 seconds left.
|inactive|JLUKES has 15 seconds left.
|inactive|JLUKES has 10 seconds left.
|inactive|JLUKES has 5 seconds left.
|
|t:|1784246934
|switch|p1b: Wolverine|Incineroar, L50, F|100/100
|-ability|p1b: Wolverine|Intimidate|boost
|-unboost|p2a: Farigiraf|atk|1
|-unboost|p2b: Torkoal|atk|1
|move|p2b: Torkoal|Weather Ball|p1b: Wolverine
|-resisted|p1b: Wolverine|1
|-damage|p1b: Wolverine|66/100
|-damage|p2b: Torkoal|11/100|[from] item: Life Orb
|move|p2a: Farigiraf|Psychic|p1b: Wolverine
|-immune|p1b: Wolverine
|move|p1a: Frieren|Hyper Voice|p2a: Farigiraf|[spread] p2a,p2b
|-resisted|p2b: Torkoal|1
|-damage|p2a: Farigiraf|22/100
|-damage|p2b: Torkoal|0 fnt
|faint|p2b: Torkoal
|
|-weather|SunnyDay|[upkeep]
|upkeep
|inactive|JLUKES has 30 seconds left.
|inactive|JLUKES has 20 seconds left.
|inactive|JLUKES has 15 seconds left.
|inactive|JLUKES has 10 seconds left.
|
|t:|1784246984
|switch|p2b: Scrafty|Scrafty, L50, F|100/100
|-ability|p2b: Scrafty|Intimidate|boost
|-unboost|p1a: Frieren|atk|1
|-unboost|p1b: Wolverine|atk|1
|turn|3
|inactive|JLUKES has 30 seconds left.
|inactive|JLUKES has 20 seconds left.
|inactive|JLUKES has 15 seconds left.
|inactive|JLUKES has 10 seconds left.
|
|t:|1784247031
|switch|p1b: HydroVolt|Rotom-Wash, L50|100/100
|move|p2b: Scrafty|Fake Out|p1a: Frieren
|-damage|p1a: Frieren|87/100
|move|p2a: Farigiraf|Psychic|p1a: Frieren
|-damage|p1a: Frieren|56/100
|cant|p1a: Frieren|flinch
|
|-weather|SunnyDay|[upkeep]
|upkeep
|turn|4
|inactive|JLUKES has 30 seconds left.
|inactive|JLUKES has 20 seconds left.
|inactive|JLUKES has 15 seconds left.
|inactive|JLUKES has 10 seconds left.
|inactive|JLUKES has 5 seconds left.
|
|t:|1784247082
|detailschange|p2b: Scrafty|Scrafty-Mega, L50, F
|-mega|p2b: Scrafty|Scrafty|Scraftinite
|-ability|p2b: Scrafty|Intimidate|boost
|-unboost|p1a: Frieren|atk|1
|-unboost|p1b: HydroVolt|atk|1
|move|p2a: Farigiraf|Grass Knot|p1b: HydroVolt
|-supereffective|p1b: HydroVolt|1
|-enditem|p1b: HydroVolt|Rindo Berry|[eat]
|-enditem|p1b: HydroVolt|Rindo Berry|[weaken]
|-damage|p1b: HydroVolt|93/100
|move|p2b: Scrafty|Knock Off|p1a: Frieren
|-resisted|p1a: Frieren|1
|-damage|p1a: Frieren|30/100
|-enditem|p1a: Frieren|Fairy Feather|[from] move: Knock Off|[of] p2b: Scrafty
|move|p1a: Frieren|Hyper Voice|p2a: Farigiraf|[spread] p2a,p2b
|-supereffective|p2b: Scrafty|2
|-damage|p2a: Farigiraf|0 fnt
|-damage|p2b: Scrafty|0 fnt
|faint|p2a: Farigiraf
|faint|p2b: Scrafty
|move|p1b: HydroVolt|Volt Switch|p2: Farigiraf|[notarget]
|-fail|p1b: HydroVolt
|
|-weather|SunnyDay|[upkeep]
|upkeep
|
|t:|1784247099
|switch|p2a: Pyroar|Pyroar, L50, M|100/100
|turn|5
|
|t:|1784247108
|switch|p1b: Wolverine|Incineroar, L50, F|66/100
|-ability|p1b: Wolverine|Intimidate|boost
|-unboost|p2a: Pyroar|atk|1
|move|p2a: Pyroar|Protect|p2a: Pyroar
|-singleturn|p2a: Pyroar|Protect
|move|p1a: Frieren|Yawn|p2a: Pyroar
|-activate|p2a: Pyroar|move: Protect
|
|-weather|none
|-fieldend|move: Trick Room
|upkeep
|turn|6
|-message|JLUKES forfeited.
|
|win|x-demon18
|l|☆JLUKES
|player|p2|
||JLUKES is ready for game 2.
