|j|ŌśåZaVGC
|j|Ōśåignorance1sbliss
|html|ZaVGCignorance1sbliss    
|uhtml|bestof|Game 1 of a best-of-3
|t:|1783398375
|gametype|doubles
|player|p1|ZaVGC|steven|1031
|player|p2|ignorance1sbliss|170|1000
|gen|9
|tier|[Gen 9 Champions] VGC 2026 Reg M-B (Bo3)
|rated|
|rule|Species Clause: Limit one of each Pok├®mon
|rule|Item Clause: Limit 1 of each item
|clearpoke
|poke|p1|Pyroar, L50, F|
|poke|p1|Whimsicott, L50, M|
|poke|p1|Ninetales, L50, M|
|poke|p1|Farigiraf, L50, M|
|poke|p1|Basculegion, L50, M|
|poke|p1|Gardevoir, L50, F|
|poke|p2|Meowstic, L50, M, shiny|
|poke|p2|Flapple, L50, M, shiny|
|poke|p2|Milotic, L50, M, shiny|
|poke|p2|Delphox, L50, M, shiny|
|poke|p2|Garchomp, L50, F|
|poke|p2|Kingambit, L50, M, shiny|
|teampreview|4
|showteam|p1|Pyroar||Pyroarite|Unnerve|Flamethrower,BurningJealousy,SolarBeam,Protect|Timid||F|||50|]Whimsicott||FocusSash|Prankster|Moonblast,Tailwind,SunnyDay,Protect|Timid||M|||50|]Ninetales||ChoiceScarf|Drought|Flamethrower,BurningJealousy,SolarBeam,FakeTears|Modest||M|||50|]Farigiraf||SitrusBerry|ArmorTail|Thunderbolt,TwinBeam,TrickRoom,HelpingHand|Bold||M|||50|]Basculegion||LifeOrb|Adaptability|WaveCrash,LastRespects,AquaJet,Protect|Adamant||M|||50|]Gardevoir||Gardevoirite|Synchronize|HyperVoice,Moonblast,Psyshock,Protect|Modest||F|||50|
|showteam|p2|Meowstic||FocusSash|Prankster|Gravity,PsychicTerrain,TrickRoom,HelpingHand|Calm||M|||50|]Flapple||ChoiceScarf|Hustle|GravApple,DualWingbeat,SuckerPunch,Uturn|Jolly||M|||50|]Milotic||Leftovers|Competitive|Hypnosis,Recover,Protect,Scald|Bold||M|||50|]Delphox||Delphoxite|Magician|ExpandingForce,HeatWave,Protect,Hypnosis|Modest||M|||50|]Garchomp||LifeOrb|SandVeil|DragonClaw,Protect,RockSlide,StompingTantrum|Jolly||F|||50|]Kingambit||ChopleBerry|Defiant|KowtowCleave,SuckerPunch,Protect,IronHead|Adamant||M|||50|
|inactive|Battle timer is ON: inactive players will automatically lose when time's up. (requested by ignorance1sbliss)
|inactive|ignorance1sbliss has 60 seconds left.
|
|t:|1783398512
|teamsize|p1|4
|teamsize|p2|4
|start
|switch|p1a: Gardevoir|Gardevoir, L50, F|100/100
|switch|p1b: Ninetales|Ninetales, L50, M|100/100
|switch|p2a: cat :3|Meowstic, L50, M, shiny|100/100
|switch|p2b: apple cat|Flapple, L50, M, shiny|100/100
|-weather|SunnyDay|[from] ability: Drought|[of] p1b: Ninetales
|turn|1
|c|ŌśåZaVGC|!dt hustle
|c|ŌśåZaVGC|/raw Hustle This Pokemon's Attack is 1.5x and accuracy of its physical attacks is 0.8x. 
|c|ŌśåZaVGC|/raw Gen: 3

|inactive|ZaVGC has 30 seconds left.
|inactive|ZaVGC has 20 seconds left.
|inactive|ZaVGC has 15 seconds left.
|
|t:|1783398552
|detailschange|p1a: Gardevoir|Gardevoir-Mega, L50, F
|-mega|p1a: Gardevoir|Gardevoir|Gardevoirite
|move|p2a: cat :3|Gravity|p2a: cat :3
|-fieldstart|move: Gravity
|move|p1b: Ninetales|Burning Jealousy|p2a: cat :3|[spread] p2a,p2b
|-damage|p2a: cat :3|70/100
|-damage|p2b: apple cat|36/100
|move|p2b: apple cat|Grav Apple|p1a: Gardevoir
|-damage|p1a: Gardevoir|0 fnt
|faint|p1a: Gardevoir
|
|-weather|SunnyDay|[upkeep]
|upkeep
|
|t:|1783398566
|switch|p1a: Farigiraf|Farigiraf, L50, M|100/100
|turn|2
|
|t:|1783398589
|switch|p2b: snek cat|Milotic, L50, M, shiny|100/100
|move|p2a: cat :3|Psychic Terrain|p2a: cat :3
|-fieldstart|move: Psychic Terrain
|move|p1b: Ninetales|Burning Jealousy|p2a: cat :3|[spread] p2a,p2b
|-resisted|p2b: snek cat|1
|-damage|p2a: cat :3|39/100
|-damage|p2b: snek cat|88/100
|move|p1a: Farigiraf|Trick Room|p1a: Farigiraf
|-fieldstart|move: Trick Room|[of] p1a: Farigiraf
|
|-weather|SunnyDay|[upkeep]
|-heal|p2b: snek cat|94/100|[from] item: Leftovers
|upkeep
|turn|3
|inactive|ignorance1sbliss has 30 seconds left.
|inactive|ignorance1sbliss has 20 seconds left.
|inactive|ignorance1sbliss has 15 seconds left.
|
|t:|1783398630
|switch|p2a: magic cat|Delphox, L50, M, shiny|100/100
|switch|p1b: Basculegion|Basculegion, L50, M|100/100
|move|p1a: Farigiraf|Thunderbolt|p2b: snek cat
|-supereffective|p2b: snek cat|1
|-damage|p2b: snek cat|62/100
|move|p2b: snek cat|Hypnosis|p1b: Basculegion
|-status|p1b: Basculegion|slp|[from] move: Hypnosis
|
|-weather|SunnyDay|[upkeep]
|-heal|p2b: snek cat|68/100|[from] item: Leftovers
|upkeep
|turn|4
|
|t:|1783398651
|detailschange|p2a: magic cat|Delphox-Mega, L50, M, shiny
|-mega|p2a: magic cat|Delphox|Delphoxite
|cant|p1b: Basculegion|slp
|move|p1a: Farigiraf|Thunderbolt|p2b: snek cat
|-supereffective|p2b: snek cat|1
|-damage|p2b: snek cat|36/100
|move|p2b: snek cat|Hypnosis|p1a: Farigiraf
|-status|p1a: Farigiraf|slp|[from] move: Hypnosis
|move|p2a: magic cat|Expanding Force|p1b: Basculegion|[spread] p1a,p1b
|-resisted|p1a: Farigiraf|1
|-damage|p1a: Farigiraf|68/100 slp
|-damage|p1b: Basculegion|20/100y slp
|
|-weather|SunnyDay|[upkeep]
|-heal|p2b: snek cat|42/100|[from] item: Leftovers
|upkeep
|turn|5
|
|t:|1783398670
|cant|p1a: Farigiraf|slp
|move|p2b: snek cat|Recover|p2b: snek cat
|-heal|p2b: snek cat|92/100
|cant|p1b: Basculegion|slp
|move|p2a: magic cat|Expanding Force|p1a: Farigiraf|[spread] p1a,p1b
|-resisted|p1a: Farigiraf|1
|-damage|p1a: Farigiraf|34/100 slp
|-damage|p1b: Basculegion|0 fnt
|-enditem|p1a: Farigiraf|Sitrus Berry|[eat]
|-heal|p1a: Farigiraf|59/100 slp|[from] item: Sitrus Berry
|faint|p1b: Basculegion
|
|-weather|none
|-heal|p2b: snek cat|98/100|[from] item: Leftovers
|-fieldend|move: Gravity
|upkeep
|-message|ZaVGC forfeited.
|
|win|ignorance1sbliss
||ZaVGC is ready for game 2.
|inactive|ignorance1sbliss has 30 seconds to confirm battle start!
|l|Ōśåignorance1sbliss
|player|p2|
||ignorance1sbliss is ready for game 2.
|uhtml|next|Next: Game 2 of 3
