|j|☆I am the Sweeper
|j|☆mygreat
|html|I am the Sweepermygreat    
|uhtml|bestof|Game 2 of a best-of-3
|t:|1755894960
|gametype|doubles
|player|p1|I am the Sweeper|janitor|1120
|player|p2|mygreat|veteran|1244
|gen|9
|tier|[Gen 9] VGC 2025 Reg H (Bo3)
|rated|
|rule|Species Clause: Limit one of each Pokémon
|rule|Item Clause: Limit 1 of each item
|clearpoke
|poke|p1|Garganacl, L50, F|
|poke|p1|Dondozo, L50, F|
|poke|p1|Sneasler, L50, M|
|poke|p1|Gholdengo, L50|
|poke|p1|Ninetales-Alola, L50, M|
|poke|p1|Incineroar, L50, F|
|poke|p2|Jumpluff, L50, F|
|poke|p2|Torkoal, L50, M|
|poke|p2|Charizard, L50, F|
|poke|p2|Incineroar, L50, M|
|poke|p2|Porygon2, L50|
|poke|p2|Ursaluna, L50, M|
|teampreview|4
|showteam|p1|Garganacl||MarangaBerry|PurifyingSalt|SaltCure,StealthRock,Protect,Recover|||F|||50|,,,,,Flying]Dondozo||Leftovers|Unaware|Liquidation,Yawn,Curse,Protect|||F|||50|,,,,,Poison]Sneasler||FocusSash|PoisonTouch|DireClaw,CloseCombat,Coaching,Protect|||M|||50|,,,,,Ghost]Gholdengo||ChoiceScarf|GoodasGold|MakeItRain,ShadowBall,Trick,PowerGem||||||50|,,,,,Steel]Ninetales-Alola||NeverMeltIce|SnowWarning|Blizzard,FreezeDry,Protect,AuroraVeil|||M|||50|,,,,,Ice]Incineroar||AssaultVest|Intimidate|FlareBlitz,KnockOff,FakeOut,DrainPunch|||F|||50|,,,,,Grass
|showteam|p2|Jumpluff||CovertCloak|Chlorophyll|SleepPowder,SunnyDay,RagePowder,Tailwind|||F|||50|,,,,,Water]Torkoal||EjectPack|Drought|Eruption,Overheat,HelpingHand,Protect|||M|||50|,,,,,Fire]Charizard||ChoiceSpecs|SolarPower|HeatWave,Overheat,WeatherBall,AirSlash|||F|||50|,,,,,Ghost]Incineroar||SitrusBerry|Intimidate|FlareBlitz,KnockOff,FakeOut,PartingShot|||M|||50|,,,,,Ghost]Porygon2||Eviolite|Download|IceBeam,TeraBlast,TrickRoom,Recover||||||50|,,,,,Fighting]Ursaluna||FlameOrb|Guts|HeadlongRush,Facade,Earthquake,Protect|||M|||50|,,,,,Ghost
|
|t:|1755894984
|teamsize|p1|4
|teamsize|p2|4
|start
|switch|p1a: Garganacl|Garganacl, L50, F|100/100
|switch|p1b: Dondozo|Dondozo, L50, F|100/100
|switch|p2a: Jumpluff|Jumpluff, L50, F|100/100
|switch|p2b: Charizard|Charizard, L50, F|100/100
|turn|1
|
|t:|1755895020
|-terastallize|p2b: Charizard|Ghost
|move|p1a: Garganacl|Protect|p1a: Garganacl
|-singleturn|p1a: Garganacl|Protect
|move|p2a: Jumpluff|Sleep Powder|p1b: Dondozo|[miss]
|-miss|p2a: Jumpluff|p1b: Dondozo
|move|p2b: Charizard|Heat Wave|p1a: Garganacl|[spread] p1b
|-activate|p1a: Garganacl|move: Protect
|-resisted|p1b: Dondozo
|-damage|p1b: Dondozo|82/100
|-status|p1b: Dondozo|brn
|move|p1b: Dondozo|Yawn|p2b: Charizard
|-start|p2b: Charizard|move: Yawn|[of] p1b: Dondozo
|
|-heal|p1b: Dondozo|88/100 brn|[from] item: Leftovers
|-damage|p1b: Dondozo|82/100 brn|[from] brn
|upkeep
|turn|2
|
|t:|1755895061
|switch|p2b: Incineroar|Incineroar, L50, M|100/100
|-ability|p2b: Incineroar|Intimidate|boost
|-unboost|p1a: Garganacl|atk|1
|-unboost|p1b: Dondozo|atk|1
|move|p2a: Jumpluff|Sunny Day|p2a: Jumpluff
|-weather|SunnyDay
|move|p1b: Dondozo|Yawn|p2a: Jumpluff
|-start|p2a: Jumpluff|move: Yawn|[of] p1b: Dondozo
|move|p1a: Garganacl|Salt Cure|p2b: Incineroar
|-supereffective|p2b: Incineroar
|-damage|p2b: Incineroar|82/100
|-start|p2b: Incineroar|Salt Cure
|
|-weather|SunnyDay|[upkeep]
|-heal|p1b: Dondozo|88/100 brn|[from] item: Leftovers
|-damage|p1b: Dondozo|82/100 brn|[from] brn
|-damage|p2b: Incineroar|69/100|[from] Salt Cure
|upkeep
|turn|3
|
|t:|1755895110
|move|p1a: Garganacl|Protect|p1a: Garganacl
|-singleturn|p1a: Garganacl|Protect
|move|p2a: Jumpluff|Tailwind|p2a: Jumpluff
|-sidestart|p2: mygreat|move: Tailwind
|move|p2b: Incineroar|Knock Off|p1a: Garganacl
|-activate|p1a: Garganacl|move: Protect
|move|p1b: Dondozo|Yawn|p2b: Incineroar
|-start|p2b: Incineroar|move: Yawn|[of] p1b: Dondozo
|
|-weather|SunnyDay|[upkeep]
|-heal|p1b: Dondozo|88/100 brn|[from] item: Leftovers
|-damage|p1b: Dondozo|82/100 brn|[from] brn
|-damage|p2b: Incineroar|57/100|[from] Salt Cure
|-end|p2a: Jumpluff|move: Yawn|[silent]
|-status|p2a: Jumpluff|slp
|upkeep
|turn|4
|
|t:|1755895162
|switch|p1a: Incineroar|Incineroar, L50, F|100/100
|-ability|p1a: Incineroar|Intimidate|boost
|-unboost|p2a: Jumpluff|atk|1
|-unboost|p2b: Incineroar|atk|1
|cant|p2a: Jumpluff|slp
|move|p2b: Incineroar|Parting Shot|p1a: Incineroar
|-unboost|p1a: Incineroar|atk|1
|-unboost|p1a: Incineroar|spa|1
|
|t:|1755895170
|switch|p2b: Charizard|Charizard, L50, F, tera:Ghost|100/100|[from] Parting Shot
|move|p1b: Dondozo|Curse|p1b: Dondozo
|-unboost|p1b: Dondozo|spe|1
|-boost|p1b: Dondozo|atk|1
|-boost|p1b: Dondozo|def|1
|
|-weather|SunnyDay|[upkeep]
|-damage|p2b: Charizard|88/100|[from] ability: Solar Power|[of] p2b: Charizard
|-heal|p1b: Dondozo|88/100 brn|[from] item: Leftovers
|-damage|p1b: Dondozo|82/100 brn|[from] brn
|upkeep
|turn|5
|
|t:|1755895196
|switch|p2b: Incineroar|Incineroar, L50, M|57/100
|-ability|p2b: Incineroar|Intimidate|boost
|-unboost|p1a: Incineroar|atk|1
|-unboost|p1b: Dondozo|atk|1
|-curestatus|p2a: Jumpluff|slp|[msg]
|move|p2a: Jumpluff|Sleep Powder|p1a: Incineroar
|-status|p1a: Incineroar|slp|[from] move: Sleep Powder
|cant|p1a: Incineroar|slp
|move|p1b: Dondozo|Yawn|p2b: Incineroar
|-start|p2b: Incineroar|move: Yawn|[of] p1b: Dondozo
|
|-weather|SunnyDay|[upkeep]
|-heal|p1b: Dondozo|88/100 brn|[from] item: Leftovers
|-damage|p1b: Dondozo|82/100 brn|[from] brn
|upkeep
|turn|6
|
|t:|1755895249
|move|p1b: Dondozo|Protect|p1b: Dondozo
|-singleturn|p1b: Dondozo|Protect
|move|p2a: Jumpluff|Rage Powder|p2a: Jumpluff
|-singleturn|p2a: Jumpluff|move: Rage Powder
|move|p2b: Incineroar|Parting Shot|p1a: Incineroar
|-unboost|p1a: Incineroar|atk|1
|-unboost|p1a: Incineroar|spa|1
|
|t:|1755895254
|switch|p2b: Charizard|Charizard, L50, F, tera:Ghost|88/100|[from] Parting Shot
|-curestatus|p1a: Incineroar|slp|[msg]
|move|p1a: Incineroar|Flare Blitz|p2a: Jumpluff
|-supereffective|p2a: Jumpluff
|-damage|p2a: Jumpluff|29/100
|-damage|p1a: Incineroar|80/100|[from] Recoil
|
|-weather|none
|-heal|p1b: Dondozo|88/100 brn|[from] item: Leftovers
|-damage|p1b: Dondozo|82/100 brn|[from] brn
|-sideend|p2: mygreat|move: Tailwind
|upkeep
|turn|7
|
|t:|1755895289
|move|p2a: Jumpluff|Sunny Day|p2a: Jumpluff
|-weather|SunnyDay
|move|p2b: Charizard|Air Slash|p1b: Dondozo
|-damage|p1b: Dondozo|26/100 brn
|move|p1a: Incineroar|Knock Off|p2b: Charizard
|-supereffective|p2b: Charizard
|-damage|p2b: Charizard|32/100
|-enditem|p2b: Charizard|Choice Specs|[from] move: Knock Off|[of] p1a: Incineroar
|move|p1b: Dondozo|Yawn|p2b: Charizard
|-start|p2b: Charizard|move: Yawn|[of] p1b: Dondozo
|
|-weather|SunnyDay|[upkeep]
|-damage|p2b: Charizard|19/100|[from] ability: Solar Power|[of] p2b: Charizard
|-heal|p1b: Dondozo|32/100 brn|[from] item: Leftovers
|-damage|p1b: Dondozo|26/100 brn|[from] brn
|upkeep
|turn|8
|
|t:|1755895319
|switch|p2b: Incineroar|Incineroar, L50, M|57/100
|-ability|p2b: Incineroar|Intimidate|boost
|-unboost|p1a: Incineroar|atk|1
|-unboost|p1b: Dondozo|atk|1
|move|p1b: Dondozo|Protect|p1b: Dondozo
|-singleturn|p1b: Dondozo|Protect
|move|p2a: Jumpluff|Sleep Powder|p1a: Incineroar
|-status|p1a: Incineroar|slp|[from] move: Sleep Powder
|cant|p1a: Incineroar|slp
|
|-weather|SunnyDay|[upkeep]
|-heal|p1b: Dondozo|32/100 brn|[from] item: Leftovers
|-damage|p1b: Dondozo|26/100 brn|[from] brn
|upkeep
|turn|9
|
|t:|1755895348
|switch|p1a: Garganacl|Garganacl, L50, F|100/100
|move|p2a: Jumpluff|Tailwind|p2a: Jumpluff
|-sidestart|p2: mygreat|move: Tailwind
|move|p2b: Incineroar|Knock Off|p1b: Dondozo
|-damage|p1b: Dondozo|6/100 brn
|-enditem|p1b: Dondozo|Leftovers|[from] move: Knock Off|[of] p2b: Incineroar
|move|p1b: Dondozo|Yawn|p2b: Incineroar
|-start|p2b: Incineroar|move: Yawn|[of] p1b: Dondozo
|
|-weather|SunnyDay|[upkeep]
|-damage|p1b: Dondozo|0 fnt|[from] brn
|faint|p1b: Dondozo
|upkeep
|
|t:|1755895363
|switch|p1b: Incineroar|Incineroar, L50, F|80/100 slp
|-ability|p1b: Incineroar|Intimidate|boost
|-unboost|p2a: Jumpluff|atk|1
|-unboost|p2b: Incineroar|atk|1
|turn|10
|
|t:|1755895390
|cant|p1b: Incineroar|slp
|move|p2a: Jumpluff|Rage Powder|p2a: Jumpluff
|-singleturn|p2a: Jumpluff|move: Rage Powder
|move|p2b: Incineroar|Parting Shot|p1a: Garganacl
|-unboost|p1a: Garganacl|atk|1
|-unboost|p1a: Garganacl|spa|1
|
|t:|1755895401
|switch|p2b: Ursaluna|Ursaluna, L50, M|100/100|[from] Parting Shot
|move|p1a: Garganacl|Stealth Rock|p2a: Jumpluff
|-sidestart|p2: mygreat|move: Stealth Rock
|
|-weather|SunnyDay|[upkeep]
|-status|p2b: Ursaluna|brn|[from] item: Flame Orb
|upkeep
|turn|11
|
|t:|1755895425
|-terastallize|p1a: Garganacl|Flying
|move|p2a: Jumpluff|Rage Powder|p2a: Jumpluff
|-singleturn|p2a: Jumpluff|move: Rage Powder
|move|p2b: Ursaluna|Earthquake|p1a: Garganacl|[spread] p1b
|-immune|p2a: Jumpluff
|-immune|p1a: Garganacl
|-supereffective|p1b: Incineroar
|-damage|p1b: Incineroar|0 fnt
|faint|p1b: Incineroar
|move|p1a: Garganacl|Salt Cure|p2a: Jumpluff
|-supereffective|p2a: Jumpluff
|-damage|p2a: Jumpluff|7/100
|
|-weather|none
|-damage|p2b: Ursaluna|95/100 brn|[from] brn
|upkeep
|
|t:|1755895439
|switch|p1b: Sneasler|Sneasler, L50, M|100/100
|turn|12
|
|t:|1755895493
|move|p2a: Jumpluff|Rage Powder|p2a: Jumpluff
|-singleturn|p2a: Jumpluff|move: Rage Powder
|move|p1b: Sneasler|Coaching|p1a: Garganacl
|-boost|p1a: Garganacl|atk|1
|-boost|p1a: Garganacl|def|1
|move|p2b: Ursaluna|Facade|p1a: Garganacl
|-damage|p1a: Garganacl|45/100
|move|p1a: Garganacl|Salt Cure|p2a: Jumpluff
|-supereffective|p2a: Jumpluff
|-damage|p2a: Jumpluff|0 fnt
|faint|p2a: Jumpluff
|
|-damage|p2b: Ursaluna|89/100 brn|[from] brn
|-sideend|p2: mygreat|move: Tailwind
|upkeep
|
|t:|1755895502
|switch|p2a: Charizard|Charizard, L50, F, tera:Ghost|19/100
|-damage|p2a: Charizard|7/100|[from] Stealth Rock
|turn|13
|
|t:|1755895536
|move|p1b: Sneasler|Dire Claw|p2a: Charizard
|-resisted|p2a: Charizard
|-damage|p2a: Charizard|0 fnt
|faint|p2a: Charizard
|move|p2b: Ursaluna|Facade|p1b: Sneasler
|-enditem|p1b: Sneasler|Focus Sash
|-damage|p1b: Sneasler|1/100
|move|p1a: Garganacl|Recover|p1a: Garganacl
|-heal|p1a: Garganacl|95/100
|
|-damage|p2b: Ursaluna|83/100 brn|[from] brn
|upkeep
|
|t:|1755895540
|switch|p2a: Incineroar|Incineroar, L50, M|57/100
|-damage|p2a: Incineroar|32/100|[from] Stealth Rock
|-ability|p2a: Incineroar|Intimidate|boost
|-unboost|p1a: Garganacl|atk|1
|-unboost|p1b: Sneasler|atk|1
|-enditem|p2a: Incineroar|Sitrus Berry|[eat]
|-heal|p2a: Incineroar|57/100|[from] item: Sitrus Berry
|turn|14
|
|t:|1755895559
|move|p1b: Sneasler|Protect|p1b: Sneasler
|-singleturn|p1b: Sneasler|Protect
|move|p1a: Garganacl|Protect|p1a: Garganacl
|-singleturn|p1a: Garganacl|Protect
|move|p2a: Incineroar|Fake Out|p1b: Sneasler
|-activate|p1b: Sneasler|move: Protect
|move|p2b: Ursaluna|Facade|p1a: Garganacl
|-activate|p1a: Garganacl|move: Protect
|
|-damage|p2b: Ursaluna|77/100 brn|[from] brn
|upkeep
|turn|15
|
|t:|1755895592
|move|p1b: Sneasler|Close Combat|p2b: Ursaluna
|-supereffective|p2b: Ursaluna
|-damage|p2b: Ursaluna|10/100 brn
|-unboost|p1b: Sneasler|def|1
|-unboost|p1b: Sneasler|spd|1
|move|p2a: Incineroar|Knock Off|p1b: Sneasler
|-resisted|p1b: Sneasler
|-damage|p1b: Sneasler|0 fnt
|faint|p1b: Sneasler
|move|p2b: Ursaluna|Facade|p1a: Garganacl
|-damage|p1a: Garganacl|39/100
|move|p1a: Garganacl|Salt Cure|p2b: Ursaluna
|-resisted|p2b: Ursaluna
|-damage|p2b: Ursaluna|6/100 brn
|-start|p2b: Ursaluna|Salt Cure
|
|-damage|p2b: Ursaluna|0 fnt|[from] brn
|faint|p2b: Ursaluna
|upkeep
|turn|16
|
|t:|1755895614
|move|p2a: Incineroar|Knock Off|p1a: Garganacl
|-damage|p1a: Garganacl|19/100
|-enditem|p1a: Garganacl|Maranga Berry|[from] move: Knock Off|[of] p2a: Incineroar
|move|p1a: Garganacl|Recover|p1a: Garganacl
|-heal|p1a: Garganacl|70/100
|
|upkeep
|turn|17
|
|t:|1755895622
|move|p2a: Incineroar|Flare Blitz|p1a: Garganacl
|-damage|p1a: Garganacl|47/100
|-damage|p2a: Incineroar|50/100|[from] Recoil
|move|p1a: Garganacl|Salt Cure|p2a: Incineroar
|-supereffective|p2a: Incineroar
|-damage|p2a: Incineroar|32/100
|-start|p2a: Incineroar|Salt Cure
|
|-damage|p2a: Incineroar|19/100|[from] Salt Cure
|upkeep
|turn|18
|-message|mygreat forfeited.
|
|win|I am the Sweeper
|raw|I am the Sweeper's rating: 1120 → 1154(+34 for winning)
|raw|mygreat's rating: 1244 → 1210(-34 for losing)
|l|☆mygreat
|player|p2|
