|j|☆jebward1234
|j|☆gundnub
|html|jebward1234gundnub    
|uhtml|bestof|Game 3 of a best-of-3
|t:|1783474294
|gametype|doubles
|player|p1|jebward1234|ethan|
|player|p2|gundnub|pokemonranger-gen4|
|gen|9
|tier|[Gen 9 Champions] VGC 2026 Reg M-B (Bo3)
|rule|Species Clause: Limit one of each Pokémon
|rule|Item Clause: Limit 1 of each item
|clearpoke
|poke|p1|Altaria, L50, M|
|poke|p1|Skeledirge, L50, F|
|poke|p1|Empoleon, L50, F|
|poke|p1|Wyrdeer, L50, M|
|poke|p1|Gliscor, L50, M|
|poke|p1|Toxicroak, L50, M|
|poke|p2|Pidgeot, L50, M|
|poke|p2|Krookodile, L50, M|
|poke|p2|Floette-Eternal, L50, F|
|poke|p2|Toxicroak, L50, M|
|poke|p2|Chandelure, L50, F|
|poke|p2|Vaporeon, L50, F|
|teampreview|4
|showteam|p1|Altaria||Altarianite|NaturalCure|HyperVoice,Moonblast,Tailwind,Protect|Modest||M|||50|]Skeledirge||Leftovers|Unaware|TorchSong,ShadowBall,SlackOff,Protect|Modest||F|||50|]Empoleon||LifeOrb|Competitive|HydroPump,FlashCannon,IceBeam,Protect|Modest||F|||50|]Wyrdeer||SitrusBerry|Intimidate|PsyshieldBash,Hypnosis,Gravity,TrickRoom|Adamant||M|||50|]Gliscor||ExpertBelt|HyperCutter|HighHorsepower,DualWingbeat,SwordsDance,Protect|Adamant||M|||50|]Toxicroak||FocusSash|PoisonTouch|FakeOut,CloseCombat,PoisonJab,Protect|Adamant||M|||50|
|showteam|p2|Pidgeot||Pidgeotite|BigPecks|Protect,Hurricane,HeatWave,Tailwind|Timid||M|||50|]Krookodile||PasshoBerry|Intimidate|Protect,HighHorsepower,LashOut,Earthquake|Adamant||M|||50|]Floette-Eternal||FairyFeather|FlowerVeil|Protect,Moonblast,DazzlingGleam,LightofRuin|Modest||F|||50|]Toxicroak||FocusSash|DrySkin|Protect,PoisonJab,CloseCombat,FakeOut|Jolly||M|||50|]Chandelure||Chandelurite|FlashFire|HeatWave,ShadowBall,EnergyBall,TrickRoom|Modest||F|||50|]Vaporeon||Leftovers|WaterAbsorb|Protect,MuddyWater,AlluringVoice,CalmMind|Modest||F|||50|
|inactive|Battle timer is ON: inactive players will automatically lose when time's up. (requested by gundnub)
|inactive|jebward1234 has 60 seconds left.
|inactive|jebward1234 has 30 seconds left.
|inactive|jebward1234 has 20 seconds left.
|inactive|jebward1234 has 15 seconds left.
|
|t:|1783474371
|teamsize|p1|4
|teamsize|p2|4
|start
|switch|p1a: Toxicroak|Toxicroak, L50, M|100/100
|switch|p1b: Altaria|Altaria, L50, M|100/100
|switch|p2a: Vaporeon|Vaporeon, L50, F|100/100
|switch|p2b: Toxicroak|Toxicroak, L50, M|100/100
|turn|1
|inactive|gundnub has 30 seconds left.
|inactive|gundnub has 20 seconds left.
|
|t:|1783474408
|move|p1b: Altaria|Protect|p1b: Altaria
|-singleturn|p1b: Altaria|Protect
|move|p2b: Toxicroak|Fake Out|p1a: Toxicroak
|-damage|p1a: Toxicroak|80/100
|cant|p1a: Toxicroak|flinch
|move|p2a: Vaporeon|Calm Mind|p2a: Vaporeon
|-boost|p2a: Vaporeon|spa|1
|-boost|p2a: Vaporeon|spd|1
|
|upkeep
|turn|2
|c|☆jebward1234|i cooked myself
|inactive|jebward1234 has 30 seconds left.
|inactive|gundnub has 30 seconds left.
|inactive|jebward1234 has 20 seconds left.
|inactive|gundnub has 20 seconds left.
|inactive|jebward1234 has 15 seconds left.
|inactive|gundnub has 15 seconds left.
|
|t:|1783474452
|move|p2b: Toxicroak|Close Combat|p1a: Toxicroak
|-resisted|p1a: Toxicroak|1
|-damage|p1a: Toxicroak|40/100
|-unboost|p2b: Toxicroak|def|1
|-unboost|p2b: Toxicroak|spd|1
|move|p1a: Toxicroak|Poison Jab|p2a: Vaporeon
|-damage|p2a: Vaporeon|69/100
|move|p1b: Altaria|Tailwind|p1b: Altaria
|-sidestart|p1: jebward1234|move: Tailwind
|move|p2a: Vaporeon|Alluring Voice|p1a: Toxicroak
|-damage|p1a: Toxicroak|0 fnt
|faint|p1a: Toxicroak
|
|-heal|p2a: Vaporeon|75/100|[from] item: Leftovers
|upkeep
|
|t:|1783474467
|switch|p1a: Empoleon|Empoleon, L50, F|100/100
|turn|3
|inactive|gundnub has 30 seconds left.
|
|t:|1783474494
|detailschange|p1b: Altaria|Altaria-Mega, L50, M
|-mega|p1b: Altaria|Altaria|Altarianite
|move|p2b: Toxicroak|Protect|p2b: Toxicroak
|-singleturn|p2b: Toxicroak|Protect
|move|p1b: Altaria|Hyper Voice|p2a: Vaporeon|[spread] p2a
|-activate|p2b: Toxicroak|move: Protect
|-damage|p2a: Vaporeon|54/100
|move|p1a: Empoleon|Flash Cannon|p2b: Toxicroak
|-activate|p2b: Toxicroak|move: Protect
|move|p2a: Vaporeon|Alluring Voice|p1b: Altaria
|-supereffective|p1b: Altaria|1
|-damage|p1b: Altaria|41/100
|
|-heal|p2a: Vaporeon|59/100|[from] item: Leftovers
|upkeep
|turn|4
|
|t:|1783474512
|switch|p2b: Chandelure|Chandelure, L50, F|100/100
|move|p1b: Altaria|Hyper Voice|p2a: Vaporeon|[spread] p2a,p2b
|-resisted|p2b: Chandelure|1
|-damage|p2a: Vaporeon|39/100
|-damage|p2b: Chandelure|75/100
|move|p1a: Empoleon|Flash Cannon|p2b: Chandelure
|-resisted|p2b: Chandelure|1
|-damage|p2b: Chandelure|44/100
|-damage|p1a: Empoleon|90/100|[from] item: Life Orb
|move|p2a: Vaporeon|Alluring Voice|p1b: Altaria
|-supereffective|p1b: Altaria|1
|-damage|p1b: Altaria|0 fnt
|faint|p1b: Altaria
|
|-heal|p2a: Vaporeon|45/100|[from] item: Leftovers
|upkeep
|
|t:|1783474526
|switch|p1b: Skeledirge|Skeledirge, L50, F|100/100
|turn|5
|
|t:|1783474547
|switch|p2b: Toxicroak|Toxicroak, L50, M|100/100
|move|p2a: Vaporeon|Protect|p2a: Vaporeon
|-singleturn|p2a: Vaporeon|Protect
|move|p1b: Skeledirge|Shadow Ball|p2b: Toxicroak
|-damage|p2b: Toxicroak|43/100
|-unboost|p2b: Toxicroak|spd|1
|move|p1a: Empoleon|Flash Cannon|p2a: Vaporeon
|-activate|p2a: Vaporeon|move: Protect
|
|-heal|p2a: Vaporeon|51/100|[from] item: Leftovers
|-sideend|p1: jebward1234|move: Tailwind
|upkeep
|turn|6
|
|t:|1783474567
|move|p1a: Empoleon|Protect|p1a: Empoleon
|-singleturn|p1a: Empoleon|Protect
|move|p2b: Toxicroak|Close Combat|p1a: Empoleon
|-activate|p1a: Empoleon|move: Protect
|move|p2a: Vaporeon|Muddy Water|p1a: Empoleon|[spread] p1b
|-activate|p1a: Empoleon|move: Protect
|-supereffective|p1b: Skeledirge|1
|-damage|p1b: Skeledirge|50/100y
|move|p1b: Skeledirge|Torch Song|p2b: Toxicroak
|-damage|p2b: Toxicroak|0 fnt
|-boost|p1b: Skeledirge|spa|1
|faint|p2b: Toxicroak
|
|-heal|p1b: Skeledirge|56/100|[from] item: Leftovers
|-heal|p2a: Vaporeon|56/100|[from] item: Leftovers
|upkeep
|
|t:|1783474576
|switch|p2b: Krookodile|Krookodile, L50, M|100/100
|-ability|p2b: Krookodile|Intimidate|boost
|-unboost|p1a: Empoleon|atk|1
|-ability|p1a: Empoleon|Competitive|boost
|-boost|p1a: Empoleon|spa|2
|-unboost|p1b: Skeledirge|atk|1
|turn|7
|inactive|jebward1234 has 30 seconds left.
|
|t:|1783474605
|move|p1b: Skeledirge|Protect|p1b: Skeledirge
|-singleturn|p1b: Skeledirge|Protect
|move|p2b: Krookodile|High Horsepower|p1a: Empoleon
|-supereffective|p1a: Empoleon|1
|-damage|p1a: Empoleon|0 fnt
|faint|p1a: Empoleon
|move|p2a: Vaporeon|Muddy Water|p1b: Skeledirge
|-activate|p1b: Skeledirge|move: Protect
|
|-heal|p1b: Skeledirge|62/100|[from] item: Leftovers
|-heal|p2a: Vaporeon|62/100|[from] item: Leftovers
|upkeep
|turn|8
|c|☆gundnub|ggwp
|c|☆jebward1234|gg
|c|☆jebward1234|i should maybe consider dry skin
|inactive|jebward1234 has 30 seconds left.
|inactive|jebward1234 has 20 seconds left.
|inactive|jebward1234 has 15 seconds left.
|-message|jebward1234 forfeited.
|
|win|gundnub
|l|☆jebward1234
|player|p1|
