|j|☆Yamei
|j|☆MaxUtrecht
|html|YameiMaxUtrecht    
|uhtml|bestof|Game 1 of a best-of-3
|t:|1783535594
|gametype|doubles
|player|p1|Yamei|170|1161
|player|p2|MaxUtrecht|lucas|1129
|gen|9
|tier|[Gen 9 Champions] VGC 2026 Reg M-B (Bo3)
|rated|
|rule|Species Clause: Limit one of each Pokémon
|rule|Item Clause: Limit 1 of each item
|clearpoke
|poke|p1|Staraptor, L50, M|
|poke|p1|Tsareena, L50, F|
|poke|p1|Zoroark-Hisui, L50, F|
|poke|p1|Incineroar, L50, M|
|poke|p1|Grimmsnarl, L50, M|
|poke|p1|Chimecho, L50, F|
|poke|p2|Charizard, L50, F|
|poke|p2|Basculegion, L50, M|
|poke|p2|Farigiraf, L50, F|
|poke|p2|Scrafty, L50, F|
|poke|p2|Bellibolt, L50, M|
|poke|p2|Decidueye-Hisui, L50, F|
|teampreview|4
|showteam|p1|Staraptor||Staraptite|Intimidate|CloseCombat,BraveBird,Roost,Protect|Adamant||M|||50|]Tsareena||ChoiceScarf|QueenlyMajesty|TripleAxel,TropKick,Uturn,LowKick|Jolly||F|||50|]Zoroark-Hisui||FocusSash|Illusion|HyperVoice,ShadowBall,Flamethrower,Protect|Timid||F|||50|]Incineroar||LifeOrb|Intimidate|CloseCombat,FlareBlitz,Protect,PartingShot|Jolly||M|||50|]Grimmsnarl||MentalHerb|Prankster|FakeTears,PartingShot,FakeOut,ScaryFace|Careful||M|||50|]Chimecho||Chimechite|Levitate|FlashCannon,Psychic,TrickRoom,AllySwitch|Timid||F|||50|
|showteam|p2|Charizard||CharizarditeX|SolarPower|FlareBlitz,DragonClaw,DragonDance,Protect|Jolly||F|||50|]Basculegion||ChoiceScarf|Adaptability|AquaJet,FlipTurn,WaveCrash,LastRespects|Jolly||M|||50|]Farigiraf||SitrusBerry|ArmorTail|Psychic,HyperVoice,HelpingHand,TrickRoom|Quiet||F|||50|]Scrafty||Scraftinite|Intimidate|DrainPunch,KnockOff,FakeOut,Protect|Brave||F|||50|]Bellibolt||Leftovers|Electromorphosis|Soak,ParabolicCharge,Thunderbolt,Protect|Bold||M|||50|]Decidueye-Hisui||FocusSash|Scrappy|TripleArrows,LeafBlade,KnockOff,Protect|Adamant||F|||50|
|inactive|Battle timer is ON: inactive players will automatically lose when time's up. (requested by Yamei)
|inactive|MaxUtrecht has 60 seconds left.
|
|t:|1783535636
|teamsize|p1|4
|teamsize|p2|4
|start
|switch|p1a: Chimecho|Chimecho, L50, F|100/100
|switch|p1b: Tsareena|Tsareena, L50, F|100/100
|switch|p2a: Farigiraf|Farigiraf, L50, F|100/100
|switch|p2b: Bellibolt|Bellibolt, L50, M|100/100
|turn|1
|inactive|Yamei has 30 seconds left.
|inactive|MaxUtrecht has 30 seconds left.
|
|t:|1783535667
|detailschange|p1a: Chimecho|Chimecho-Mega, L50, F
|-mega|p1a: Chimecho|Chimecho|Chimechite
|move|p1b: Tsareena|Hyper Voice|p2b: Bellibolt|[spread] p2a,p2b
|-damage|p2a: Farigiraf|62/100
|-damage|p2b: Bellibolt|69/100
|-start|p2b: Bellibolt|Charge|Hyper Voice|[from] ability: Electromorphosis
|move|p2b: Bellibolt|Soak|p1b: Tsareena
|-start|p1b: Tsareena|typechange|Water
|move|p1a: Chimecho|Trick Room|p1a: Chimecho
|-fieldstart|move: Trick Room|[of] p1a: Chimecho
|move|p2a: Farigiraf|Trick Room|p2a: Farigiraf
|-fieldend|move: Trick Room
|
|-heal|p2b: Bellibolt|75/100|[from] item: Leftovers
|upkeep
|turn|2
|
|t:|1783535690
|move|p2a: Farigiraf|Helping Hand|p2b: Bellibolt
|-singleturn|p2b: Bellibolt|Helping Hand|[of] p2a: Farigiraf
|move|p1b: Tsareena|Hyper Voice|p2b: Bellibolt|[spread] p2a,p2b
|-damage|p2a: Farigiraf|39/100
|-damage|p2b: Bellibolt|53/100
|-start|p2b: Bellibolt|Charge|Hyper Voice|[from] ability: Electromorphosis
|-enditem|p2a: Farigiraf|Sitrus Berry|[eat]
|-heal|p2a: Farigiraf|64/100|[from] item: Sitrus Berry
|move|p1a: Chimecho|Psychic|p2b: Bellibolt
|-damage|p2b: Bellibolt|7/100
|-start|p2b: Bellibolt|Charge|Psychic|[from] ability: Electromorphosis
|move|p2b: Bellibolt|Parabolic Charge|p1a: Chimecho|[spread] p2a,p1a,p1b
|-supereffective|p1b: Tsareena|1
|-damage|p2a: Farigiraf|12/100
|-heal|p2b: Bellibolt|34/100|[from] drain|[of] p2a: Farigiraf
|-damage|p1a: Chimecho|47/100
|-heal|p2b: Bellibolt|53/100|[from] drain|[of] p1a: Chimecho
|-enditem|p1b: Tsareena|Focus Sash
|-damage|p1b: Tsareena|1/100
|-heal|p2b: Bellibolt|83/100|[from] drain|[of] p1b: Tsareena
|replace|p1b: Zoroark|Zoroark-Hisui, L50, F
|-end|p1b: Zoroark|Illusion
|-end|p2b: Bellibolt|Charge|[silent]
|
|-heal|p2b: Bellibolt|89/100|[from] item: Leftovers
|upkeep
|turn|3
|inactive|Yamei has 30 seconds left.
|inactive|MaxUtrecht has 30 seconds left.
|
|t:|1783535724
|move|p1b: Zoroark|Shadow Ball|p2b: Bellibolt
|-damage|p2b: Bellibolt|64/100
|-start|p2b: Bellibolt|Charge|Shadow Ball|[from] ability: Electromorphosis
|move|p1a: Chimecho|Psychic|p2b: Bellibolt
|-damage|p2b: Bellibolt|18/100
|-start|p2b: Bellibolt|Charge|Psychic|[from] ability: Electromorphosis
|move|p2a: Farigiraf|Hyper Voice|p1a: Chimecho|[spread] p1a,p1b
|-resisted|p1a: Chimecho|1
|-damage|p1a: Chimecho|29/100
|-damage|p1b: Zoroark|0 fnt
|faint|p1b: Zoroark
|move|p2b: Bellibolt|Parabolic Charge|p1a: Chimecho|[spread] p2a,p1a
|-damage|p2a: Farigiraf|0 fnt
|-heal|p2b: Bellibolt|24/100|[from] drain|[of] p2a: Farigiraf
|-damage|p1a: Chimecho|0 fnt
|-heal|p2b: Bellibolt|34/100|[from] drain|[of] p1a: Chimecho
|faint|p2a: Farigiraf
|faint|p1a: Chimecho
|-end|p2b: Bellibolt|Charge|[silent]
|
|-heal|p2b: Bellibolt|40/100|[from] item: Leftovers
|upkeep
|inactive|MaxUtrecht has 30 seconds left.
|
|t:|1783535752
|switch|p1b: Tsareena|Tsareena, L50, F|100/100
|switch|p1a: Incineroar|Incineroar, L50, M|100/100
|switch|p2a: Charizard|Charizard, L50, F|100/100
|-ability|p1a: Incineroar|Intimidate|boost
|-unboost|p2a: Charizard|atk|1
|-unboost|p2b: Bellibolt|atk|1
|turn|4
|inactive|MaxUtrecht has 30 seconds left.
|
|t:|1783535781
|detailschange|p2a: Charizard|Charizard-Mega-X, L50, F
|-mega|p2a: Charizard|Charizard|Charizardite X
|move|p1b: Tsareena|Triple Axel|p2a: Charizard
|-damage|p2a: Charizard|94/100
|-hitcount|p2a: Charizard|1
|move|p2a: Charizard|Dragon Dance|p2a: Charizard
|-boost|p2a: Charizard|atk|1
|-boost|p2a: Charizard|spe|1
|move|p1a: Incineroar|Close Combat|p2b: Bellibolt
|-damage|p2b: Bellibolt|11/100
|-unboost|p1a: Incineroar|def|1
|-unboost|p1a: Incineroar|spd|1
|-start|p2b: Bellibolt|Charge|Close Combat|[from] ability: Electromorphosis
|-damage|p1a: Incineroar|90/100|[from] item: Life Orb
|move|p2b: Bellibolt|Parabolic Charge|p1b: Tsareena|[spread] p2a,p1a,p1b
|-resisted|p2a: Charizard|1
|-resisted|p1b: Tsareena|1
|-damage|p2a: Charizard|75/100
|-heal|p2b: Bellibolt|18/100|[from] drain|[of] p2a: Charizard
|-damage|p1a: Incineroar|34/100
|-heal|p2b: Bellibolt|41/100|[from] drain|[of] p1a: Incineroar
|-damage|p1b: Tsareena|78/100
|-heal|p2b: Bellibolt|48/100|[from] drain|[of] p1b: Tsareena
|-end|p2b: Bellibolt|Charge|[silent]
|
|-heal|p2b: Bellibolt|54/100|[from] item: Leftovers
|upkeep
|turn|5
|inactive|Yamei has 30 seconds left.
|inactive|MaxUtrecht has 30 seconds left.
|
|t:|1783535813
|move|p2a: Charizard|Flare Blitz|p1b: Tsareena
|-supereffective|p1b: Tsareena|1
|-damage|p1b: Tsareena|0 fnt
|faint|p1b: Tsareena
|-damage|p2a: Charizard|54/100|[from] Recoil
|move|p1a: Incineroar|Flare Blitz|p2a: Charizard
|-resisted|p2a: Charizard|2
|-damage|p2a: Charizard|40/100
|-damage|p1a: Incineroar|29/100|[from] Recoil
|-damage|p1a: Incineroar|19/100|[from] item: Life Orb
|move|p2b: Bellibolt|Thunderbolt|p1a: Incineroar
|-damage|p1a: Incineroar|0 fnt
|faint|p1a: Incineroar
|
|win|MaxUtrecht
||Yamei is ready for game 2.
|inactive|MaxUtrecht has 30 seconds to confirm battle start!
