|j|☆ScuffedMike
|j|☆Aaksu
|html|ScuffedMikeAaksu    
|uhtml|bestof|Game 1 of a best-of-3
|t:|1782530114
|gametype|doubles
|player|p1|ScuffedMike|hilbert-wonderlauncher|1034
|player|p2|Aaksu|skier|1056
|gen|9
|tier|[Gen 9 Champions] VGC 2026 Reg M-B (Bo3)
|rated|
|rule|Species Clause: Limit one of each Pokémon
|rule|Item Clause: Limit 1 of each item
|clearpoke
|poke|p1|Ninetales-Alola, L50, M|
|poke|p1|Eelektross, L50, F|
|poke|p1|Talonflame, L50, M|
|poke|p1|Tsareena, L50, F|
|poke|p1|Gholdengo, L50|
|poke|p1|Garchomp, L50, F|
|poke|p2|Sinistcha, L50|
|poke|p2|Pelipper, L50, M|
|poke|p2|Palafin, L50, M|
|poke|p2|Kingambit, L50, M|
|poke|p2|Basculegion, L50, M|
|poke|p2|Incineroar, L50, M|
|teampreview|4
|showteam|p1|Ninetales-Alola||LightClay|SnowWarning|AuroraVeil,Blizzard,DazzlingGleam,Protect|Timid||M|||50|]Eelektross||Eelektrossite|Levitate|Discharge,GigaDrain,Hex,Protect|Modest||F|||50|]Talonflame|||GaleWings|Tailwind,Acrobatics,TemperFlare,Protect|Jolly||M|||50|]Tsareena||OccaBerry|QueenlyMajesty|TropKick,LowKick,TripleAxel,Taunt|Adamant||F|||50|]Gholdengo||LifeOrb|GoodasGold|MakeItRain,ShadowBall,PowerGem,Protect|Timid|||||50|]Garchomp||SitrusBerry|RoughSkin|Earthquake,DragonClaw,RockTomb,Protect|Jolly||F|||50|
|showteam|p2|Sinistcha||KasibBerry|Hospitality|RagePowder,MatchaGotcha,LifeDew,Scald|Bold|||||50|]Pelipper||FocusSash|Drizzle|Hurricane,WeatherBall,Tailwind,WideGuard|Modest||M|||50|]Palafin||MysticWater|ZerotoHero|JetPunch,FlipTurn,Protect,CloseCombat|Jolly||M|||50|]Kingambit||BlackGlasses|Defiant|SuckerPunch,KowtowCleave,Protect,IronHead|Adamant||M|||50|]Basculegion||ChoiceScarf|Adaptability|LastRespects,WaveCrash,AquaJet,FlipTurn|Jolly||M|||50|]Incineroar||SitrusBerry|Intimidate|ThroatChop,PartingShot,FakeOut,FlareBlitz|Adamant||M|||50|
|inactive|Battle timer is ON: inactive players will automatically lose when time's up. (requested by Aaksu)
|
|t:|1782530138
|teamsize|p1|4
|teamsize|p2|4
|start
|switch|p1a: Eelektross|Eelektross, L50, F|100/100
|switch|p1b: Garchomp|Garchomp, L50, F|100/100
|switch|p2a: Kingambit|Kingambit, L50, M|100/100
|switch|p2b: Incineroar|Incineroar, L50, M|100/100
|-ability|p2b: Incineroar|Intimidate|boost
|-unboost|p1a: Eelektross|atk|1
|-unboost|p1b: Garchomp|atk|1
|turn|1
|inactive|Aaksu has 30 seconds left.
|inactive|Aaksu has 20 seconds left.
|
|t:|1782530176
|detailschange|p1a: Eelektross|Eelektross-Mega, L50, F
|-mega|p1a: Eelektross|Eelektross|Eelektrossite
|move|p1b: Garchomp|Earthquake|p2a: Kingambit|[spread] p2a,p2b
|-immune|p1a: Eelektross|[from] ability: Levitate
|-supereffective|p2a: Kingambit|1
|-supereffective|p2b: Incineroar|1
|-damage|p2a: Kingambit|65/100
|-damage|p2b: Incineroar|51/100
|move|p1a: Eelektross|Discharge|p2b: Incineroar|[spread] p2a,p2b
|-immune|p1b: Garchomp
|-damage|p2a: Kingambit|31/100
|-damage|p2b: Incineroar|17/100
|-status|p2a: Kingambit|par
|-enditem|p2b: Incineroar|Sitrus Berry|[eat]
|-heal|p2b: Incineroar|42/100|[from] item: Sitrus Berry
|move|p2b: Incineroar|Flare Blitz|p1a: Eelektross
|-damage|p1a: Eelektross|24/100
|-damage|p2b: Incineroar|18/100|[from] Recoil
|move|p2a: Kingambit|Kowtow Cleave|p1a: Eelektross
|-damage|p1a: Eelektross|0 fnt
|faint|p1a: Eelektross
|
|upkeep
|
|t:|1782530194
|switch|p1a: Ninetales|Ninetales-Alola, L50, M|100/100
|-weather|Snowscape|[from] ability: Snow Warning|[of] p1a: Ninetales
|turn|2
|
|t:|1782530207
|move|p1a: Ninetales|Protect|p1a: Ninetales
|-singleturn|p1a: Ninetales|Protect
|move|p2a: Kingambit|Protect|p2a: Kingambit
|-singleturn|p2a: Kingambit|Protect
|move|p1b: Garchomp|Earthquake|p2b: Incineroar|[spread] p2b
|-activate|p1a: Ninetales|move: Protect
|-activate|p2a: Kingambit|move: Protect
|-supereffective|p2b: Incineroar|1
|-damage|p2b: Incineroar|0 fnt
|faint|p2b: Incineroar
|
|-weather|Snowscape|[upkeep]
|upkeep
|
|t:|1782530216
|switch|p2b: Sinistcha|Sinistcha, L50|100/100
|-heal|p2a: Kingambit|56/100 par|[from] ability: Hospitality|[of] p2b: Sinistcha
|turn|3
|inactive|Aaksu has 30 seconds left.
|
|t:|1782530244
|switch|p1b: Tsareena|Tsareena, L50, F|100/100
|move|p1a: Ninetales|Aurora Veil|p1a: Ninetales
|-sidestart|p1: ScuffedMike|move: Aurora Veil
|move|p2b: Sinistcha|Scald|p1b: Tsareena
|-resisted|p1b: Tsareena|1
|-damage|p1b: Tsareena|92/100
|move|p2a: Kingambit|Kowtow Cleave|p1b: Tsareena
|-damage|p1b: Tsareena|48/100
|
|-weather|Snowscape|[upkeep]
|upkeep
|turn|4
|
|t:|1782530258
|move|p2b: Sinistcha|Rage Powder|p2b: Sinistcha
|-singleturn|p2b: Sinistcha|move: Rage Powder
|move|p1a: Ninetales|Blizzard|p2b: Sinistcha|[spread] p2a,p2b
|-resisted|p2a: Kingambit|1
|-supereffective|p2b: Sinistcha|1
|-damage|p2a: Kingambit|40/100 par
|-damage|p2b: Sinistcha|21/100
|move|p1b: Tsareena|Low Kick|p2a: Kingambit
|-supereffective|p2a: Kingambit|2
|-damage|p2a: Kingambit|0 fnt
|faint|p2a: Kingambit
|
|-weather|Snowscape|[upkeep]
|upkeep
|
|t:|1782530266
|switch|p2a: Basculegion|Basculegion, L50, M|100/100
|turn|5
|
|t:|1782530280
|move|p2a: Basculegion|Last Respects|p1b: Tsareena
|-damage|p1b: Tsareena|0 fnt
|faint|p1b: Tsareena
|move|p1a: Ninetales|Blizzard|p2b: Sinistcha|[spread] p2a,p2b
|-resisted|p2a: Basculegion|1
|-supereffective|p2b: Sinistcha|1
|-damage|p2a: Basculegion|81/100
|-damage|p2b: Sinistcha|0 fnt
|faint|p2b: Sinistcha
|
|-weather|Snowscape|[upkeep]
|upkeep
|
|t:|1782530283
|switch|p1b: Garchomp|Garchomp, L50, F|100/100
|turn|6
|
|t:|1782530291
|move|p2a: Basculegion|Last Respects|p1b: Garchomp
|-damage|p1b: Garchomp|13/100
|-enditem|p1b: Garchomp|Sitrus Berry|[eat]
|-heal|p1b: Garchomp|38/100|[from] item: Sitrus Berry
|move|p1a: Ninetales|Blizzard|p2a: Basculegion
|-resisted|p2a: Basculegion|1
|-damage|p2a: Basculegion|55/100
|move|p1b: Garchomp|Dragon Claw|p2a: Basculegion
|-damage|p2a: Basculegion|3/100
|
|-weather|none
|upkeep
|turn|7
|
|t:|1782530296
|move|p2a: Basculegion|Last Respects|p1b: Garchomp
|-damage|p1b: Garchomp|0 fnt
|faint|p1b: Garchomp
|move|p1a: Ninetales|Dazzling Gleam|p2a: Basculegion
|-damage|p2a: Basculegion|0 fnt
|faint|p2a: Basculegion
|
|win|ScuffedMike
||Aaksu is ready for game 2.
||ScuffedMike is ready for game 2.
|uhtml|next|Next: Game 2 of 3
|l|☆Aaksu
|player|p2|
