|j|☆AtomicTwilight
|j|☆ceruleancrow
|html|AtomicTwilightceruleancrow    
|uhtml|bestof|Game 1 of a best-of-3
|t:|1783537446
|gametype|doubles
|player|p1|AtomicTwilight|canari|
|player|p2|ceruleancrow|266|
|gen|9
|tier|[Gen 9 Champions] VGC 2026 Reg M-B (Bo3)
|rule|Species Clause: Limit one of each Pokémon
|rule|Item Clause: Limit 1 of each item
|clearpoke
|poke|p1|Greninja, L50, M|
|poke|p1|Slowking-Galar, L50, F|
|poke|p1|Rotom-Frost, L50|
|poke|p1|Klefki, L50, F|
|poke|p1|Krookodile, L50, M|
|poke|p1|Floette-Eternal, L50, F|
|poke|p2|Steelix, L50, F|
|poke|p2|Hydrapple, L50, F|
|poke|p2|Cofagrigus, L50, M|
|poke|p2|Hippowdon, L50, M|
|poke|p2|Chandelure, L50, M|
|poke|p2|Ariados, L50, F|
|teampreview|4
|showteam|p1|Greninja||Greninjite|Protean|Blizzard,DarkPulse,Extrasensory,Protect|Modest||M|||50|]Slowking-Galar||Leftovers|Regenerator|ChillyReception,Protect,Toxic,ChillingWater|Calm||F|||50|]Rotom-Frost||ChoiceScarf|Levitate|VoltSwitch,Blizzard,Discharge,Electroweb|Timid|||||50|]Klefki||FocusSash|Prankster|ThunderWave,Reflect,LightScreen,DazzlingGleam|Timid||F|||50|]Krookodile||LifeOrb|Intimidate|Earthquake,KnockOff,CloseCombat,Protect|Jolly||M|||50|]Floette-Eternal||FairyFeather|FlowerVeil|Protect,DazzlingGleam,Moonblast,LightofRuin|Timid||F|||50|
|showteam|p2|Steelix||Steelixite|Sturdy|Protect,HeavySlam,RockSlide,HighHorsepower|Brave||F|||50|]Hydrapple||LifeOrb|Regenerator|Protect,FickleBeam,GigaDrain,PollenPuff|Quiet||F|||50|]Cofagrigus||MentalHerb|Mummy|Protect,TrickRoom,WillOWisp,NightShade|Relaxed||M|||50|]Hippowdon||Leftovers|SandStream|Protect,Yawn,SlackOff,HighHorsepower|Relaxed||M|||50|]Chandelure||Chandelurite|FlashFire|Protect,HeatWave,ShadowBall,TrickRoom|Modest||M|||50|]Ariados||CobaBerry|Insomnia|RagePowder,Electroweb,KnockOff,AcidSpray|Sassy||F|||50|
|
|t:|1783537515
|teamsize|p1|4
|teamsize|p2|4
|start
|switch|p1a: Slowking|Slowking-Galar, L50, F|100/100
|switch|p1b: Rotom|Rotom-Frost, L50|100/100
|switch|p2a: Ariados|Ariados, L50, F|100/100
|switch|p2b: Cofagrigus|Cofagrigus, L50, M|100/100
|turn|1
|
|t:|1783537546
|move|p1b: Rotom|Volt Switch|p2b: Cofagrigus
|-damage|p2b: Cofagrigus|75/100
|
|t:|1783537559
|switch|p1b: Greninja|Greninja, L50, M|100/100|[from] Volt Switch
|move|p2a: Ariados|Knock Off|p1a: Slowking
|-supereffective|p1a: Slowking|1
|-damage|p1a: Slowking|60/100
|-enditem|p1a: Slowking|Leftovers|[from] move: Knock Off|[of] p2a: Ariados
|-prepare|p1a: Slowking|Chilly Reception|[premajor]
|move|p1a: Slowking|Chilly Reception|p1a: Slowking
|-weather|Snowscape
|
|t:|1783537570
|-heal|p1a: Slowking|93/100|[from] ability: Regenerator|[silent]
|switch|p1a: Klefki|Klefki, L50, F|100/100|[from] Chilly Reception
|move|p2b: Cofagrigus|Trick Room|p2b: Cofagrigus
|-fieldstart|move: Trick Room|[of] p2b: Cofagrigus
|
|-weather|Snowscape|[upkeep]
|upkeep
|turn|2
|
|t:|1783537601
|switch|p2a: Hippowdon|Hippowdon, L50, M|100/100
|-weather|Sandstorm|[from] ability: Sand Stream|[of] p2a: Hippowdon
|detailschange|p1b: Greninja|Greninja-Mega, L50, M
|-mega|p1b: Greninja|Greninja|Greninjite
|move|p1a: Klefki|Light Screen|p1a: Klefki
|-sidestart|p1: AtomicTwilight|move: Light Screen
|move|p2b: Cofagrigus|Night Shade|p1a: Klefki
|-damage|p1a: Klefki|69/100
|move|p1b: Greninja|Blizzard|p2a: Hippowdon|[spread] 
|-start|p1b: Greninja|typechange|Ice|[from] ability: Protean
|-miss|p1b: Greninja|p2a: Hippowdon
|-miss|p1b: Greninja|p2b: Cofagrigus
|
|-weather|Sandstorm|[upkeep]
|-damage|p2b: Cofagrigus|69/100|[from] Sandstorm
|-damage|p1b: Greninja|93/100|[from] Sandstorm
|upkeep
|turn|3
|
|t:|1783537647
|switch|p1a: Slowking|Slowking-Galar, L50, F|93/100
|move|p1b: Greninja|Protect|p1b: Greninja
|-singleturn|p1b: Greninja|Protect
|move|p2b: Cofagrigus|Night Shade|p1a: Slowking
|-damage|p1a: Slowking|68/100
|move|p2a: Hippowdon|Yawn|p1b: Greninja
|-activate|p1b: Greninja|move: Protect
|
|-weather|Sandstorm|[upkeep]
|-damage|p2b: Cofagrigus|63/100|[from] Sandstorm
|-damage|p1a: Slowking|62/100|[from] Sandstorm
|-damage|p1b: Greninja|87/100|[from] Sandstorm
|upkeep
|turn|4
|
|t:|1783537697
|switch|p2b: Ariados|Ariados, L50, F|100/100
|-prepare|p1a: Slowking|Chilly Reception|[premajor]
|move|p1a: Slowking|Chilly Reception|p1a: Slowking
|-weather|Snowscape
|
|t:|1783537704
|-heal|p1a: Slowking|96/100|[from] ability: Regenerator|[silent]
|switch|p1a: Rotom|Rotom-Frost, L50|100/100|[from] Chilly Reception
|move|p2a: Hippowdon|Yawn|p1b: Greninja
|-start|p1b: Greninja|move: Yawn|[of] p2a: Hippowdon
|move|p1b: Greninja|Blizzard|p2b: Ariados|[spread] p2a,p2b
|-supereffective|p2a: Hippowdon|1
|-damage|p2a: Hippowdon|24/100
|-damage|p2b: Ariados|60/100
|
|-weather|Snowscape|[upkeep]
|-heal|p2a: Hippowdon|30/100|[from] item: Leftovers
|upkeep
|turn|5
|
|t:|1783537753
|switch|p2a: Cofagrigus|Cofagrigus, L50, M|63/100
|switch|p1b: Slowking|Slowking-Galar, L50, F|96/100
|move|p2b: Ariados|Knock Off|p1a: Rotom
|-damage|p1a: Rotom|81/100
|-enditem|p1a: Rotom|Choice Scarf|[from] move: Knock Off|[of] p2b: Ariados
|move|p1a: Rotom|Volt Switch|p2b: Ariados
|-damage|p2b: Ariados|31/100
|
|t:|1783537764
|switch|p1a: Greninja|Greninja-Mega, L50, M|87/100|[from] Volt Switch
|
|-weather|Snowscape|[upkeep]
|-fieldend|move: Trick Room
|upkeep
|turn|6
|
|t:|1783537783
|move|p2b: Ariados|Rage Powder|p2b: Ariados
|-singleturn|p2b: Ariados|move: Rage Powder
|move|p1a: Greninja|Dark Pulse|p2b: Ariados
|-start|p1a: Greninja|typechange|Dark|[from] ability: Protean
|-damage|p2b: Ariados|0 fnt
|faint|p2b: Ariados
|-prepare|p1b: Slowking|Chilly Reception|[premajor]
|move|p1b: Slowking|Chilly Reception|p1b: Slowking
|
|t:|1783537795
|-heal|p1b: Slowking|100/100|[from] ability: Regenerator|[silent]
|switch|p1b: Klefki|Klefki, L50, F|69/100|[from] Chilly Reception
|move|p2a: Cofagrigus|Trick Room|p2a: Cofagrigus
|-fieldstart|move: Trick Room|[of] p2a: Cofagrigus
|
|-weather|Snowscape|[upkeep]
|-sideend|p1: AtomicTwilight|move: Light Screen
|upkeep
|
|t:|1783537802
|switch|p2b: Steelix|Steelix, L50, F|100/100
|turn|7
|
|t:|1783537839
|switch|p2a: Hippowdon|Hippowdon, L50, M|30/100
|-weather|Sandstorm|[from] ability: Sand Stream|[of] p2a: Hippowdon
|switch|p1a: Rotom|Rotom-Frost, L50|81/100
|detailschange|p2b: Steelix|Steelix-Mega, L50, F
|-mega|p2b: Steelix|Steelix|Steelixite
|move|p1b: Klefki|Reflect|p1b: Klefki
|-sidestart|p1: AtomicTwilight|Reflect
|move|p2b: Steelix|Heavy Slam|p1b: Klefki
|-damage|p1b: Klefki|4/100
|
|-weather|Sandstorm|[upkeep]
|-damage|p1a: Rotom|75/100|[from] Sandstorm
|-heal|p2a: Hippowdon|36/100|[from] item: Leftovers
|upkeep
|turn|8
|
|t:|1783537861
|move|p1b: Klefki|Light Screen|p1b: Klefki
|-sidestart|p1: AtomicTwilight|move: Light Screen
|move|p2b: Steelix|Heavy Slam|p1a: Rotom
|-damage|p1a: Rotom|0 fnt
|faint|p1a: Rotom
|move|p2a: Hippowdon|Slack Off|p2a: Hippowdon
|-heal|p2a: Hippowdon|86/100
|
|-weather|Sandstorm|[upkeep]
|-heal|p2a: Hippowdon|93/100|[from] item: Leftovers
|upkeep
|
|t:|1783537870
|switch|p1a: Slowking|Slowking-Galar, L50, F|100/100
|turn|9
|
|t:|1783537892
|move|p2b: Steelix|High Horsepower|p1a: Slowking
|-supereffective|p1a: Slowking|1
|-damage|p1a: Slowking|0 fnt
|faint|p1a: Slowking
|move|p2a: Hippowdon|High Horsepower|p1b: Klefki|[miss]
|-miss|p2a: Hippowdon|p1b: Klefki
|move|p1b: Klefki|Dazzling Gleam|p2b: Steelix|[spread] p2a,p2b
|-resisted|p2b: Steelix|1
|-damage|p2a: Hippowdon|80/100
|-damage|p2b: Steelix|90/100
|
|-weather|Sandstorm|[upkeep]
|-heal|p2a: Hippowdon|86/100|[from] item: Leftovers
|upkeep
|
|t:|1783537922
|switch|p1a: Greninja|Greninja-Mega, L50, M|87/100
|turn|10
|
|t:|1783537971
|switch|p2a: Cofagrigus|Cofagrigus, L50, M|63/100
|move|p1a: Greninja|Protect|p1a: Greninja
|-start|p1a: Greninja|typechange|Normal|[from] ability: Protean
|-singleturn|p1a: Greninja|Protect
|move|p2b: Steelix|High Horsepower|p1a: Greninja
|-activate|p1a: Greninja|move: Protect
|move|p1b: Klefki|Dazzling Gleam|p2b: Steelix|[spread] p2a,p2b
|-resisted|p2b: Steelix|1
|-damage|p2a: Cofagrigus|48/100
|-damage|p2b: Steelix|82/100
|
|-weather|Sandstorm|[upkeep]
|-damage|p2a: Cofagrigus|42/100|[from] Sandstorm
|-damage|p1a: Greninja|81/100|[from] Sandstorm
|-fieldend|move: Trick Room
|upkeep
|turn|11
|
|t:|1783537996
|move|p1b: Klefki|Thunder Wave|p2a: Cofagrigus
|-status|p2a: Cofagrigus|par
|move|p1a: Greninja|Dark Pulse|p2b: Steelix
|-crit|p2b: Steelix
|-damage|p2b: Steelix|36/100
|cant|p2b: Steelix|flinch
|move|p2a: Cofagrigus|Trick Room|p2a: Cofagrigus
|-fieldstart|move: Trick Room|[of] p2a: Cofagrigus
|
|-weather|none
|-sideend|p1: AtomicTwilight|Reflect
|upkeep
|turn|12
|
|t:|1783538031
|switch|p2a: Hippowdon|Hippowdon, L50, M|86/100
|-weather|Sandstorm|[from] ability: Sand Stream|[of] p2a: Hippowdon
|move|p1b: Klefki|Reflect|p1b: Klefki
|-sidestart|p1: AtomicTwilight|Reflect
|move|p2b: Steelix|Heavy Slam|p1a: Greninja
|-damage|p1a: Greninja|1/100
|move|p1a: Greninja|Dark Pulse|p2b: Steelix
|-damage|p2b: Steelix|4/100
|
|-weather|Sandstorm|[upkeep]
|-damage|p1a: Greninja|0 fnt|[from] Sandstorm
|faint|p1a: Greninja
|-heal|p2a: Hippowdon|92/100|[from] item: Leftovers
|-sideend|p1: AtomicTwilight|move: Light Screen
|upkeep
|turn|13
|
|t:|1783538049
|move|p2b: Steelix|Heavy Slam|p1b: Klefki
|-damage|p1b: Klefki|0 fnt
|faint|p1b: Klefki
|
|win|ceruleancrow
|c|☆ceruleancrow|gg
|c|☆AtomicTwilight|gg
||AtomicTwilight is ready for game 2.
|inactive|ceruleancrow has 30 seconds to confirm battle start!
||ceruleancrow is ready for game 2.
|uhtml|next|Next: Game 2 of 3
