|j|☆ConnorClub
|j|☆ShottsFired
|html|ConnorClubShottsFired    
|uhtml|bestof|Game 2 of a best-of-3
|t:|1756601177
|gametype|doubles
|player|p1|ConnorClub|marnie-masters3|
|player|p2|ShottsFired|caitlin|
|gen|9
|tier|[Gen 9] VGC 2025 Reg H (Bo3)
|rule|Species Clause: Limit one of each Pokémon
|rule|Item Clause: Limit 1 of each item
|clearpoke
|poke|p1|Dragonite, L50, F|
|poke|p1|Ursaluna-Bloodmoon, L50, M|
|poke|p1|Gholdengo, L50|
|poke|p1|Incineroar, L50, M|
|poke|p1|Amoonguss, L50, M|
|poke|p1|Sneasler, L50, M|
|poke|p2|Ursaluna-Bloodmoon, L50, M|
|poke|p2|Porygon2, L50|
|poke|p2|Amoonguss, L50, M|
|poke|p2|Incineroar, L50, M|
|poke|p2|Dragapult, L50, F|
|poke|p2|Sneasler, L50, M|
|teampreview|4
|showteam|p1|Dragonite||LoadedDice|Multiscale|ScaleShot,Tailwind,Haze,Protect|||F|||50|,,,,,Fairy]Ursaluna-Bloodmoon||AssaultVest|MindsEye|HyperVoice,BloodMoon,EarthPower,VacuumWave|||M|||50|,,,,,Water]Gholdengo||LifeOrb|GoodasGold|MakeItRain,ShadowBall,NastyPlot,Protect||||||50|,,,,,Water]Incineroar||SafetyGoggles|Intimidate|FlareBlitz,KnockOff,PartingShot,FakeOut|||M|||50|,,,,,Ghost]Amoonguss||SitrusBerry|Regenerator|Spore,RagePowder,PollenPuff,Protect|||M|||50|,,,,,Psychic]Sneasler||FocusSash|Unburden|CloseCombat,DireClaw,ThroatChop,Protect|||M|||50|,,,,,Stellar
|showteam|p2|Ursaluna-Bloodmoon||AssaultVest|MindsEye|BloodMoon,HyperVoice,EarthPower,VacuumWave|||M|||50|,,,,,Normal]Porygon2||Eviolite|Trace|IceBeam,Thunderbolt,Recover,TrickRoom||||||50|,,,,,Ghost]Amoonguss||CovertCloak|Regenerator|Spore,RagePowder,PollenPuff,SludgeBomb|||M|||50|,,,,,Water]Incineroar||SafetyGoggles|Intimidate|KnockOff,FakeOut,PartingShot,FlareBlitz|||M|||50|,,,,,Ghost]Dragapult||ChoiceBand|ClearBody|DragonDarts,Outrage,PhantomForce,Uturn|||F|||50|,,,,,Dragon]Sneasler||FocusSash|PoisonTouch|CloseCombat,DireClaw,ThroatChop,FakeOut|||M|||50|,,,,,Dark
|j| doritodealer
|j| sharkssss
|j| teeheenero
|j| Adam2Big
|j| rangersxx30
|j| sh4rkb41tftw
|j| Sogerto
|c| Sogerto|Connors a sleeper agent
|
|t:|1756601233
|teamsize|p1|4
|teamsize|p2|4
|start
|switch|p1a: Ursaluna|Ursaluna-Bloodmoon, L50, M|100/100
|switch|p1b: Gholdengo|Gholdengo, L50|100/100
|switch|p2a: Porygon2|Porygon2, L50|100/100
|switch|p2b: Sneasler|Sneasler, L50, M|100/100
|-ability|p2a: Porygon2|Good as Gold|Trace|[from] ability: Trace|[of] p1b: Gholdengo
|turn|1
|
|t:|1756601303
|switch|p1b: Incineroar|Incineroar, L50, M|100/100
|-ability|p1b: Incineroar|Intimidate|boost
|-unboost|p2a: Porygon2|atk|1
|-unboost|p2b: Sneasler|atk|1
|move|p2b: Sneasler|Dire Claw|p1a: Ursaluna
|-resisted|p1a: Ursaluna
|-damage|p1a: Ursaluna|90/100
|move|p2a: Porygon2|Recover||[still]
|-fail|p2a: Porygon2|heal
|move|p1a: Ursaluna|Blood Moon|p2b: Sneasler
|-enditem|p2b: Sneasler|Focus Sash
|-damage|p2b: Sneasler|1/100
|
|upkeep
|turn|2
|c| rangersxx30|im dizzy.
|c| Adam2Big|why is that star english
|c| rangersxx30|my lawyers have advised me to bite my tongue.
|c| Sogerto|Top 10 turn 1s
|
|t:|1756601373
|switch|p2b: Ursaluna|Ursaluna-Bloodmoon, L50, M|100/100
|move|p1b: Incineroar|Fake Out|p2a: Porygon2
|-damage|p2a: Porygon2|93/100
|move|p1a: Ursaluna|Vacuum Wave|p2b: Ursaluna
|-supereffective|p2b: Ursaluna
|-damage|p2b: Ursaluna|80/100
|cant|p2a: Porygon2|flinch
|
|upkeep
|turn|3
|j| Kekerzz
|
|t:|1756601419
|move|p1b: Incineroar|Knock Off|p2b: Ursaluna
|-damage|p2b: Ursaluna|50/100
|-enditem|p2b: Ursaluna|Assault Vest|[from] move: Knock Off|[of] p1b: Incineroar
|move|p1a: Ursaluna|Blood Moon|p2b: Ursaluna
|-damage|p2b: Ursaluna|0 fnt
|faint|p2b: Ursaluna
|move|p2a: Porygon2|Trick Room|p2a: Porygon2
|-fieldstart|move: Trick Room|[of] p2a: Porygon2
|
|upkeep
|
|t:|1756601423
|switch|p2b: Amoonguss|Amoonguss, L50, M|100/100
|turn|4
|c|☆ShottsFired|gg
|
|t:|1756601462
|switch|p1a: Gholdengo|Gholdengo, L50|100/100
|move|p2b: Amoonguss|Spore|p1a: Gholdengo
|-immune|p1a: Gholdengo|[from] ability: Good as Gold
|move|p2a: Porygon2|Thunderbolt|p1b: Incineroar
|-damage|p1b: Incineroar|82/100
|move|p1b: Incineroar|Knock Off|p2a: Porygon2
|-damage|p2a: Porygon2|71/100
|-enditem|p2a: Porygon2|Eviolite|[from] move: Knock Off|[of] p1b: Incineroar
|
|upkeep
|turn|5
|
|t:|1756601481
|move|p2b: Amoonguss|Pollen Puff|p1b: Incineroar
|-damage|p1b: Incineroar|65/100
|move|p2a: Porygon2|Thunderbolt|p1b: Incineroar
|-damage|p1b: Incineroar|48/100
|move|p1b: Incineroar|Flare Blitz|p2b: Amoonguss
|-supereffective|p2b: Amoonguss
|-damage|p2b: Amoonguss|13/100
|-damage|p1b: Incineroar|16/100|[from] Recoil
|move|p1a: Gholdengo|Make It Rain|p2a: Porygon2|[spread] p2a,p2b
|-damage|p2a: Porygon2|14/100
|-damage|p2b: Amoonguss|0 fnt
|-unboost|p1a: Gholdengo|spa|1
|faint|p2b: Amoonguss
|-damage|p1a: Gholdengo|91/100|[from] item: Life Orb
|
|upkeep
|
|t:|1756601494
|switch|p2b: Sneasler|Sneasler, L50, M|1/100
|turn|6
|l| Kekerzz
|
|t:|1756601504
|move|p2a: Porygon2|Thunderbolt|p1b: Incineroar
|-damage|p1b: Incineroar|0 fnt
|faint|p1b: Incineroar
|move|p1a: Gholdengo|Make It Rain|p2a: Porygon2|[spread] p2a,p2b
|-damage|p2a: Porygon2|0 fnt
|-damage|p2b: Sneasler|0 fnt
|-unboost|p1a: Gholdengo|spa|1
|faint|p2a: Porygon2
|faint|p2b: Sneasler
|-damage|p1a: Gholdengo|81/100|[from] item: Life Orb
|
|win|ConnorClub
|l|☆ShottsFired
|player|p2|
|c|☆ConnorClub|gg
|l| sharkssss
|l| teeheenero
|l| doritodealer
|l| Sogerto
|c| rangersxx30|airport speedrun any% wr
