|j|☆pkojlkhbj
|j|☆Galaxyanimegod
|html|pkojlkhbjGalaxyanimegod    
|uhtml|bestof|Game 1 of a best-of-3
|t:|1785830568
|gametype|doubles
|player|p1|pkojlkhbj|pokemonrangerf|1000
|player|p2|Galaxyanimegod|265|1028
|gen|9
|tier|[Gen 9 Champions] VGC 2026 Reg M-B (Bo3)
|rated|
|rule|Species Clause: Limit one of each Pokémon
|rule|Item Clause: Limit 1 of each item
|clearpoke
|poke|p1|Staraptor, L50, M|
|poke|p1|Farigiraf, L50, M|
|poke|p1|Incineroar, L50, M|
|poke|p1|Floette-Eternal, L50, F|
|poke|p1|Excadrill, L50, F|
|poke|p1|Milotic, L50, M|
|poke|p2|Metagross, L50, shiny|
|poke|p2|Garchomp, L50, M|
|poke|p2|Incineroar, L50, M|
|poke|p2|Charizard, L50, M, shiny|
|poke|p2|Venusaur, L50, F, shiny|
|poke|p2|Basculegion, L50, M, shiny|
|teampreview|4
|showteam|p1|Staraptor||ChoiceScarf|Intimidate|FinalGambit,CloseCombat,Uturn,BraveBird|Jolly||M|||50|]Farigiraf||SitrusBerry|ArmorTail|TrickRoom,Psychic,Thunderbolt,HelpingHand|Bold||M|||50|]Incineroar||FocusSash|Intimidate|FakeOut,PartingShot,FlareBlitz,ThroatChop|Adamant||M|||50|]Floette-Eternal||Floettite|FlowerVeil|DazzlingGleam,Protect,CalmMind,DrainingKiss|Modest||F|||50|]Excadrill||LifeOrb|MoldBreaker|IronHead,HighHorsepower,Protect,RockSlide|Jolly||F|||50|]Milotic||Leftovers|Competitive|MuddyWater,Hypnosis,Coil,Recover|Calm||M|||50|
|showteam|p2|Metagross||Metagrossite|LightMetal|IronHead,IcePunch,StompingTantrum,Protect|Jolly|||||50|]Garchomp||LifeOrb|RoughSkin|DragonClaw,Earthquake,SwordsDance,Protect|Jolly||M|||50|]Incineroar||ExpertBelt|Intimidate|LowKick,DarkestLariat,FlareBlitz,FakeOut|Adamant||M|||50|]Charizard||CharizarditeY|Blaze|HeatWave,SolarBeam,WeatherBall,Protect|Timid||M|||50|]Venusaur||MiracleSeed|Chlorophyll|GigaDrain,SludgeBomb,EarthPower,SleepPowder|Modest||F|||50|]Basculegion||SpellTag|Adaptability|LastRespects,WaveCrash,AquaJet,FlipTurn|Adamant||M|||50|
|inactive|Battle timer is ON: inactive players will automatically lose when time's up. (requested by pkojlkhbj)
|inactive|pkojlkhbj has 60 seconds left.
|inactive|Galaxyanimegod has 60 seconds left.
|
|t:|1785830605
|teamsize|p1|4
|teamsize|p2|4
|start
|switch|p1a: Staraptor|Staraptor, L50, M|100/100
|switch|p1b: Incineroar|Incineroar, L50, M|100/100
|switch|p2a: Metagross|Metagross, L50, shiny|100/100
|switch|p2b: Garchomp|Garchomp, L50, M|100/100
|-ability|p1a: Staraptor|Intimidate|boost
|-unboost|p2a: Metagross|atk|1
|-unboost|p2b: Garchomp|atk|1
|-ability|p1b: Incineroar|Intimidate|boost
|-unboost|p2a: Metagross|atk|1
|-unboost|p2b: Garchomp|atk|1
|turn|1
|inactive|pkojlkhbj has 30 seconds left.
|inactive|Galaxyanimegod has 30 seconds left.
|
|t:|1785830636
|switch|p1a: Milotic|Milotic, L50, M|100/100
|switch|p2a: Basculegion|Basculegion, L50, M, shiny|100/100
|move|p2b: Garchomp|Dragon Claw|p1a: Milotic
|-damage|p1a: Milotic|76/100
|-damage|p2b: Garchomp|90/100|[from] item: Life Orb
|move|p1b: Incineroar|Parting Shot|p2b: Garchomp
|-unboost|p2b: Garchomp|atk|1
|-unboost|p2b: Garchomp|spa|1
|
|t:|1785830646
|switch|p1b: Staraptor|Staraptor, L50, M|100/100|[from] Parting Shot
|-ability|p1b: Staraptor|Intimidate|boost
|-unboost|p2a: Basculegion|atk|1
|-unboost|p2b: Garchomp|atk|1
|
|-heal|p1a: Milotic|82/100|[from] item: Leftovers
|upkeep
|turn|2
|
|t:|1785830665
|switch|p1b: Incineroar|Incineroar, L50, M|100/100
|-ability|p1b: Incineroar|Intimidate|boost
|-unboost|p2a: Basculegion|atk|1
|-unboost|p2b: Garchomp|atk|1
|move|p2b: Garchomp|Swords Dance|p2b: Garchomp
|-boost|p2b: Garchomp|atk|2
|move|p1a: Milotic|Coil|p1a: Milotic
|-boost|p1a: Milotic|atk|1
|-boost|p1a: Milotic|def|1
|-boost|p1a: Milotic|accuracy|1
|move|p2a: Basculegion|Flip Turn|p1b: Incineroar
|-supereffective|p1b: Incineroar|1
|-damage|p1b: Incineroar|53/100
|
|t:|1785830679
|switch|p2a: Incineroar|Incineroar, L50, M|100/100|[from] Flip Turn
|-ability|p2a: Incineroar|Intimidate|boost
|-unboost|p1a: Milotic|atk|1
|-ability|p1a: Milotic|Competitive|boost
|-boost|p1a: Milotic|spa|2
|-unboost|p1b: Incineroar|atk|1
|
|-heal|p1a: Milotic|88/100|[from] item: Leftovers
|upkeep
|turn|3
|
|t:|1785830691
|move|p2a: Incineroar|Fake Out|p1b: Incineroar
|-damage|p1b: Incineroar|38/100
|move|p2b: Garchomp|Dragon Claw|p1a: Milotic
|-damage|p1a: Milotic|75/100
|-damage|p2b: Garchomp|80/100|[from] item: Life Orb
|cant|p1b: Incineroar|flinch
|move|p1a: Milotic|Muddy Water|p2b: Garchomp|[spread] p2a,p2b
|-supereffective|p2a: Incineroar|1
|-crit|p2a: Incineroar
|-damage|p2a: Incineroar|0 fnt
|-damage|p2b: Garchomp|32/100
|faint|p2a: Incineroar
|
|-heal|p1a: Milotic|81/100|[from] item: Leftovers
|upkeep
|
|t:|1785830707
|switch|p2a: Metagross|Metagross, L50, shiny|100/100
|turn|4
|
|t:|1785830717
|switch|p1b: Staraptor|Staraptor, L50, M|100/100
|-ability|p1b: Staraptor|Intimidate|boost
|-unboost|p2a: Metagross|atk|1
|-unboost|p2b: Garchomp|atk|1
|move|p2b: Garchomp|Dragon Claw|p1b: Staraptor
|-damage|p1b: Staraptor|79/100
|-damage|p2b: Garchomp|23/100|[from] item: Life Orb
|move|p2a: Metagross|Ice Punch|p1a: Milotic
|-resisted|p1a: Milotic|1
|-damage|p1a: Milotic|76/100
|move|p1a: Milotic|Muddy Water|p2a: Metagross|[spread] p2a,p2b
|-damage|p2a: Metagross|38/100
|-damage|p2b: Garchomp|0 fnt
|faint|p2b: Garchomp
|
|-heal|p1a: Milotic|82/100|[from] item: Leftovers
|upkeep
|
|t:|1785830733
|switch|p2b: Basculegion|Basculegion, L50, M, shiny|100/100
|turn|5
|
|t:|1785830752
|switch|p1b: Incineroar|Incineroar, L50, M|38/100
|-ability|p1b: Incineroar|Intimidate|boost
|-unboost|p2a: Metagross|atk|1
|-unboost|p2b: Basculegion|atk|1
|detailschange|p2a: Metagross|Metagross-Mega, L50, shiny
|-mega|p2a: Metagross|Metagross|Metagrossite
|move|p2a: Metagross|Ice Punch|p1b: Incineroar
|-resisted|p1b: Incineroar|1
|-damage|p1b: Incineroar|27/100
|move|p1a: Milotic|Hypnosis|p2b: Basculegion
|-status|p2b: Basculegion|slp|[from] move: Hypnosis
|cant|p2b: Basculegion|slp
|
|-heal|p1a: Milotic|88/100|[from] item: Leftovers
|upkeep
|turn|6
|inactive|pkojlkhbj has 30 seconds left.
|
|t:|1785830779
|move|p1b: Incineroar|Fake Out|p2a: Metagross
|-resisted|p2a: Metagross|1
|-damage|p2a: Metagross|33/100
|cant|p2a: Metagross|flinch
|move|p1a: Milotic|Muddy Water|p2a: Metagross|[spread] p2a,p2b
|-resisted|p2b: Basculegion|1
|-damage|p2a: Metagross|0 fnt
|-damage|p2b: Basculegion|76/100 slp
|faint|p2a: Metagross
|-curestatus|p2b: Basculegion|slp|[msg]
|move|p2b: Basculegion|Last Respects|p1a: Milotic
|-damage|p1a: Milotic|29/100
|
|-heal|p1a: Milotic|35/100|[from] item: Leftovers
|upkeep
|turn|7
|
|t:|1785830798
|move|p1b: Incineroar|Throat Chop|p2b: Basculegion
|-supereffective|p2b: Basculegion|1
|-damage|p2b: Basculegion|0 fnt
|faint|p2b: Basculegion
|
|win|pkojlkhbj
||Galaxyanimegod is ready for game 2.
