|j|☆friendofkingambit
|j|☆Prepucio Santos
|html|friendofkingambitPrepucio Santos    
|uhtml|bestof|Game 1 of a best-of-3
|t:|1783536370
|gametype|doubles
|player|p1|friendofkingambit|170|1246
|player|p2|Prepucio Santos|striker|1351
|gen|9
|tier|[Gen 9 Champions] VGC 2026 Reg M-B (Bo3)
|rated|
|rule|Species Clause: Limit one of each Pokémon
|rule|Item Clause: Limit 1 of each item
|clearpoke
|poke|p1|Kingambit, L50, M, shiny|
|poke|p1|Aerodactyl, L50, M|
|poke|p1|Charizard, L50, F|
|poke|p1|Metagross, L50|
|poke|p1|Incineroar, L50, M|
|poke|p1|Ninetales-Alola, L50, F|
|poke|p2|Incineroar, L50, M|
|poke|p2|Sinistcha-Masterpiece, L50, shiny|
|poke|p2|Floette-Eternal, L50, F|
|poke|p2|Kingambit, L50, M|
|poke|p2|Sneasler, L50, F|
|poke|p2|Delphox, L50, M, shiny|
|teampreview|4
|showteam|p1|Kingambit||BlackGlasses|Defiant|Protect,SwordsDance,SuckerPunch,KowtowCleave|Adamant||M|||50|]Aerodactyl||FocusSash|Unnerve|Tailwind,DualWingbeat,RockSlide,Protect|Jolly||M|||50|]Charizard||CharizarditeY|Blaze|HeatWave,WeatherBall,SolarBeam,Protect|Modest||F|||50|]Metagross||Metagrossite|ClearBody|BodyPress,PsychicFangs,MeteorMash,Protect|Jolly|||||50|]Incineroar||SitrusBerry|Intimidate|FakeOut,ThroatChop,PartingShot,FlareBlitz|Adamant||M|||50|]Ninetales-Alola||LightClay|SnowWarning|AuroraVeil,Blizzard,FreezeDry,Protect|Timid||F|||50|
|showteam|p2|Incineroar||SitrusBerry|Intimidate|FakeOut,PartingShot,ThroatChop,FlareBlitz|Careful||M|||50|]Sinistcha-Masterpiece||KasibBerry|Hospitality|MatchaGotcha,LifeDew,RagePowder,TrickRoom|Bold|||||50|]Floette-Eternal||Floettite|FlowerVeil|Moonblast,DazzlingGleam,CalmMind,Protect|Modest||F|||50|]Kingambit||BlackGlasses|Defiant|KowtowCleave,SuckerPunch,SwordsDance,Protect|Adamant||M|||50|]Sneasler||FocusSash|PoisonTouch|FakeOut,CloseCombat,DireClaw,QuickGuard|Jolly||F|||50|]Delphox||Delphoxite|Blaze|HeatWave,Psyshock,NastyPlot,Protect|Timid||M|||50|
|inactive|Battle timer is ON: inactive players will automatically lose when time's up. (requested by friendofkingambit)
|inactive|Prepucio Santos has 60 seconds left.
|inactive|Prepucio Santos has 30 seconds left.
|
|t:|1783536443
|teamsize|p1|4
|teamsize|p2|4
|start
|switch|p1a: Aerodactyl|Aerodactyl, L50, M|100/100
|switch|p1b: Metagross|Metagross, L50|100/100
|switch|p2a: Sneasler|Sneasler, L50, F|100/100
|switch|p2b: Delphox|Delphox, L50, M, shiny|100/100
|-ability|p1a: Aerodactyl|Unnerve
|turn|1
|inactive|friendofkingambit has 30 seconds left.
|inactive|friendofkingambit has 20 seconds left.
|inactive|friendofkingambit has 15 seconds left.
|
|t:|1783536483
|detailschange|p2b: Delphox|Delphox-Mega, L50, M, shiny
|-mega|p2b: Delphox|Delphox|Delphoxite
|detailschange|p1b: Metagross|Metagross-Mega, L50
|-mega|p1b: Metagross|Metagross|Metagrossite
|move|p2a: Sneasler|Fake Out|p1a: Aerodactyl
|-resisted|p1a: Aerodactyl|1
|-damage|p1a: Aerodactyl|89/100
|move|p2b: Delphox|Nasty Plot|p2b: Delphox
|-boost|p2b: Delphox|spa|2
|cant|p1a: Aerodactyl|flinch
|move|p1b: Metagross|Psychic Fangs|p2a: Sneasler
|-supereffective|p2a: Sneasler|2
|-enditem|p2a: Sneasler|Focus Sash
|-damage|p2a: Sneasler|1/100
|
|upkeep
|turn|2
|inactive|friendofkingambit has 30 seconds left.
|
|t:|1783536510
|move|p1b: Metagross|Protect|p1b: Metagross
|-singleturn|p1b: Metagross|Protect
|move|p2b: Delphox|Heat Wave|p1b: Metagross|[spread] p1a
|-activate|p1b: Metagross|move: Protect
|-resisted|p1a: Aerodactyl|1
|-damage|p1a: Aerodactyl|29/100
|move|p1a: Aerodactyl|Tailwind|p1a: Aerodactyl
|-sidestart|p1: friendofkingambit|move: Tailwind
|move|p2a: Sneasler|Close Combat|p1a: Aerodactyl
|-damage|p1a: Aerodactyl|0 fnt
|-unboost|p2a: Sneasler|def|1
|-unboost|p2a: Sneasler|spd|1
|faint|p1a: Aerodactyl
|
|upkeep
|
|t:|1783536529
|switch|p1a: Incineroar|Incineroar, L50, M|100/100
|-ability|p1a: Incineroar|Intimidate|boost
|-unboost|p2a: Sneasler|atk|1
|-unboost|p2b: Delphox|atk|1
|turn|3
|
|t:|1783536547
|switch|p2a: Kingambit|Kingambit, L50, M|100/100
|move|p2b: Delphox|Protect|p2b: Delphox
|-singleturn|p2b: Delphox|Protect
|move|p1a: Incineroar|Fake Out|p2a: Kingambit
|-resisted|p2a: Kingambit|1
|-damage|p2a: Kingambit|95/100
|move|p1b: Metagross|Meteor Mash|p2b: Delphox
|-activate|p2b: Delphox|move: Protect
|
|upkeep
|turn|4
|
|t:|1783536564
|move|p1b: Metagross|Body Press|p2a: Kingambit
|-supereffective|p2a: Kingambit|2
|-damage|p2a: Kingambit|0 fnt
|faint|p2a: Kingambit
|move|p2b: Delphox|Heat Wave|p1b: Metagross|[spread] p1a,p1b
|-resisted|p1a: Incineroar|1
|-supereffective|p1b: Metagross|1
|-damage|p1a: Incineroar|66/100
|-damage|p1b: Metagross|0 fnt
|faint|p1b: Metagross
|move|p1a: Incineroar|Throat Chop|p2b: Delphox
|-supereffective|p2b: Delphox|1
|-damage|p2b: Delphox|3/100
|-start|p2b: Delphox|Throat Chop|[silent]
|
|upkeep
|
|t:|1783536581
|switch|p1b: Kingambit|Kingambit, L50, M, shiny|100/100
|switch|p2a: Sneasler|Sneasler, L50, F|1/100
|turn|5
|
|t:|1783536602
|switch|p2a: Sinistcha|Sinistcha-Masterpiece, L50, shiny|100/100
|-heal|p2b: Delphox|28/100|[from] ability: Hospitality|[of] p2a: Sinistcha
|move|p2b: Delphox|Protect|p2b: Delphox
|-singleturn|p2b: Delphox|Protect
|move|p1b: Kingambit|Sucker Punch||[still]
|-fail|p1b: Kingambit
|move|p1a: Incineroar|Throat Chop|p2a: Sinistcha
|-supereffective|p2a: Sinistcha|1
|-damage|p2a: Sinistcha|51/100
|-start|p2a: Sinistcha|Throat Chop|[silent]
|
|-end|p2b: Delphox|Throat Chop|[silent]
|-sideend|p1: friendofkingambit|move: Tailwind
|upkeep
|turn|6
|
|t:|1783536620
|move|p1b: Kingambit|Protect|p1b: Kingambit
|-singleturn|p1b: Kingambit|Protect
|move|p2a: Sinistcha|Rage Powder|p2a: Sinistcha
|-singleturn|p2a: Sinistcha|move: Rage Powder
|move|p2b: Delphox|Heat Wave|p1a: Incineroar|[spread] p1a
|-activate|p1b: Kingambit|move: Protect
|-resisted|p1a: Incineroar|1
|-damage|p1a: Incineroar|30/100
|-enditem|p1a: Incineroar|Sitrus Berry|[eat]
|-heal|p1a: Incineroar|55/100|[from] item: Sitrus Berry
|move|p1a: Incineroar|Flare Blitz|p2a: Sinistcha
|-supereffective|p2a: Sinistcha|1
|-damage|p2a: Sinistcha|0 fnt
|faint|p2a: Sinistcha
|-damage|p1a: Incineroar|40/100|[from] Recoil
|
|upkeep
|
|t:|1783536622
|switch|p2a: Sneasler|Sneasler, L50, F|1/100
|turn|7
|inactive|friendofkingambit has 30 seconds left.
|
|t:|1783536651
|move|p1b: Kingambit|Protect|p1b: Kingambit
|-singleturn|p1b: Kingambit|Protect
|move|p2a: Sneasler|Fake Out|p1b: Kingambit
|-activate|p1b: Kingambit|move: Protect
|move|p2b: Delphox|Heat Wave|p1a: Incineroar|[spread] p1a
|-activate|p1b: Kingambit|move: Protect
|-resisted|p1a: Incineroar|1
|-damage|p1a: Incineroar|6/100
|move|p1a: Incineroar|Throat Chop|p2a: Sneasler
|-resisted|p2a: Sneasler|1
|-damage|p2a: Sneasler|0 fnt
|faint|p2a: Sneasler
|
|upkeep
|turn|8
|
|t:|1783536668
|move|p1b: Kingambit|Sucker Punch|p2b: Delphox
|-supereffective|p2b: Delphox|1
|-damage|p2b: Delphox|0 fnt
|faint|p2b: Delphox
|
|win|friendofkingambit
||Prepucio Santos is ready for game 2.
||friendofkingambit is ready for game 2.
|uhtml|next|Next: Game 2 of 3
