|j|☆AUBrigade
|j|☆MichaelderBeste2
|html|AUBrigadeMichaelderBeste2    
|uhtml|bestof|Game 2 of a best-of-3
|t:|1757658034
|gametype|doubles
|player|p1|AUBrigade|morty|1357
|player|p2|MichaelderBeste2|#michaelderbeste2|1563
|gen|9
|tier|[Gen 9] VGC 2025 Reg H (Bo3)
|rated|
|rule|Species Clause: Limit one of each Pokémon
|rule|Item Clause: Limit 1 of each item
|clearpoke
|poke|p1|Sneasler, L50, M|
|poke|p1|Dragonite, L50, M|
|poke|p1|Incineroar, L50, F|
|poke|p1|Rillaboom, L50, M|
|poke|p1|Kingambit, L50, M|
|poke|p1|Ninetales-Alola, L50, F|
|poke|p2|Baxcalibur, L50, M|
|poke|p2|Sneasler, L50, M|
|poke|p2|Rillaboom, L50, M|
|poke|p2|Kingambit, L50, M|
|poke|p2|Magmar, L50, M|
|poke|p2|Dondozo, L50, F|
|teampreview|4
|showteam|p1|Sneasler||WhiteHerb|Unburden|DireClaw,Protect,Coaching,CloseCombat|||M|||50|,,,,,Ghost]Dragonite||LoadedDice|Multiscale|ScaleShot,Protect,ExtremeSpeed,Haze|||M|||50|,,,,,Steel]Incineroar||AssaultVest|Intimidate|Uturn,FakeOut,FlareBlitz,KnockOff|||F|||50|,,,,,Grass]Rillaboom||MiracleSeed|GrassySurge|GrassyGlide,WoodHammer,FakeOut,HighHorsepower|||M|||50|,,,,,Water]Kingambit||SafetyGoggles|Defiant|KowtowCleave,SuckerPunch,SwordsDance,Protect|||M|||50|,,,,,Bug]Ninetales-Alola||FocusSash|SnowWarning|Protect,Blizzard,FreezeDry,AuroraVeil|||F|||50|,,,,,Ice
|showteam|p2|Baxcalibur||LoadedDice|ThermalExchange|IcicleSpear,ScaleShot,IceShard,Protect|||M|||50|,,,,,Ghost]Sneasler||FocusSash|Unburden|CloseCombat,DireClaw,Coaching,Protect|||M|||50|,,,,,Stellar]Rillaboom||AssaultVest|GrassySurge|WoodHammer,GrassyGlide,HighHorsepower,FakeOut|||M|||50|,,,,,Water]Kingambit||BlackGlasses|Defiant|KowtowCleave,SuckerPunch,SwordsDance,Protect|||M|||50|,,,,,Ghost]Magmar||Eviolite|VitalSpirit|Overheat,WillOWisp,FollowMe,Protect|||M|||50|,,,,,Fairy]Dondozo||Leftovers|Unaware|WaveCrash,Fissure,Yawn,Protect|||F|||50|,,,,,Poison
|
|t:|1757658092
|teamsize|p1|4
|teamsize|p2|4
|start
|switch|p1a: Incineroar|Incineroar, L50, F|100/100
|switch|p1b: Sneasler|Sneasler, L50, M|100/100
|switch|p2a: Magmar|Magmar, L50, M|100/100
|switch|p2b: Kingambit|Kingambit, L50, M|100/100
|-ability|p1a: Incineroar|Intimidate|boost
|-unboost|p2a: Magmar|atk|1
|-unboost|p2b: Kingambit|atk|1
|-ability|p2b: Kingambit|Defiant|boost
|-boost|p2b: Kingambit|atk|2
|turn|1
|
|t:|1757658128
|switch|p1b: Dragonite|Dragonite, L50, M|100/100
|move|p1a: Incineroar|Fake Out|p2a: Magmar
|-damage|p2a: Magmar|92/100
|cant|p2a: Magmar|flinch
|move|p2b: Kingambit|Swords Dance|p2b: Kingambit
|-boost|p2b: Kingambit|atk|2
|
|upkeep
|turn|2
|
|t:|1757658152
|move|p2b: Kingambit|Sucker Punch|p1a: Incineroar
|-resisted|p1a: Incineroar
|-damage|p1a: Incineroar|39/100
|move|p1b: Dragonite|Haze|p1b: Dragonite
|-clearallboost
|move|p2a: Magmar|Will-O-Wisp|p1b: Dragonite
|-status|p1b: Dragonite|brn
|move|p1a: Incineroar|Flare Blitz|p2b: Kingambit
|-supereffective|p2b: Kingambit
|-damage|p2b: Kingambit|25/100
|-damage|p1a: Incineroar|13/100|[from] Recoil
|
|-damage|p1b: Dragonite|95/100 brn|[from] brn
|upkeep
|turn|3
|
|t:|1757658197
|move|p2b: Kingambit|Sucker Punch|p1a: Incineroar
|-resisted|p1a: Incineroar
|-damage|p1a: Incineroar|0 fnt
|faint|p1a: Incineroar
|move|p1b: Dragonite|Scale Shot|p2b: Kingambit
|-resisted|p2b: Kingambit
|-damage|p2b: Kingambit|22/100
|-resisted|p2b: Kingambit
|-damage|p2b: Kingambit|20/100
|-resisted|p2b: Kingambit
|-damage|p2b: Kingambit|17/100
|-resisted|p2b: Kingambit
|-damage|p2b: Kingambit|14/100
|-hitcount|p2b: Kingambit|4
|-unboost|p1b: Dragonite|def|1
|-boost|p1b: Dragonite|spe|1
|move|p2a: Magmar|Will-O-Wisp|p1b: Dragonite
|-fail|p1b: Dragonite|brn
|
|-damage|p1b: Dragonite|89/100 brn|[from] brn
|upkeep
|
|t:|1757658219
|switch|p1a: Sneasler|Sneasler, L50, M|100/100
|turn|4
|
|t:|1757658243
|move|p1a: Sneasler|Protect|p1a: Sneasler
|-singleturn|p1a: Sneasler|Protect
|move|p1b: Dragonite|Scale Shot|p2b: Kingambit
|-resisted|p2b: Kingambit
|-damage|p2b: Kingambit|12/100
|-resisted|p2b: Kingambit
|-damage|p2b: Kingambit|9/100
|-resisted|p2b: Kingambit
|-damage|p2b: Kingambit|6/100
|-resisted|p2b: Kingambit
|-damage|p2b: Kingambit|4/100
|-resisted|p2b: Kingambit
|-damage|p2b: Kingambit|1/100
|-hitcount|p2b: Kingambit|5
|-unboost|p1b: Dragonite|def|1
|-boost|p1b: Dragonite|spe|1
|move|p2a: Magmar|Will-O-Wisp|p1a: Sneasler
|-activate|p1a: Sneasler|move: Protect
|move|p2b: Kingambit|Kowtow Cleave|p1b: Dragonite
|-damage|p1b: Dragonite|0 fnt
|faint|p1b: Dragonite
|
|upkeep
|
|t:|1757658263
|switch|p1b: Kingambit|Kingambit, L50, M|100/100
|turn|5
|
|t:|1757658281
|move|p1a: Sneasler|Close Combat|p2a: Magmar
|-damage|p2a: Magmar|43/100
|-unboost|p1a: Sneasler|def|1
|-unboost|p1a: Sneasler|spd|1
|-enditem|p1a: Sneasler|White Herb
|-clearnegativeboost|p1a: Sneasler|[silent]
|move|p2a: Magmar|Will-O-Wisp|p1a: Sneasler
|-status|p1a: Sneasler|brn
|move|p2b: Kingambit|Kowtow Cleave|p1a: Sneasler
|-resisted|p1a: Sneasler
|-damage|p1a: Sneasler|54/100 brn
|move|p1b: Kingambit|Kowtow Cleave|p2b: Kingambit
|-resisted|p2b: Kingambit
|-damage|p2b: Kingambit|0 fnt
|faint|p2b: Kingambit
|
|-damage|p1a: Sneasler|48/100 brn|[from] brn
|upkeep
|
|t:|1757658290
|switch|p2b: Sneasler|Sneasler, L50, M|100/100
|turn|6
|
|t:|1757658311
|move|p1b: Kingambit|Protect|p1b: Kingambit
|-singleturn|p1b: Kingambit|Protect
|move|p1a: Sneasler|Coaching|p1b: Kingambit
|-boost|p1b: Kingambit|atk|1
|-boost|p1b: Kingambit|def|1
|move|p2b: Sneasler|Close Combat|p1a: Sneasler
|-resisted|p1a: Sneasler
|-damage|p1a: Sneasler|2/100 brn
|-unboost|p2b: Sneasler|def|1
|-unboost|p2b: Sneasler|spd|1
|move|p2a: Magmar|Will-O-Wisp|p1b: Kingambit
|-activate|p1b: Kingambit|move: Protect
|
|-damage|p1a: Sneasler|0 fnt|[from] brn
|faint|p1a: Sneasler
|upkeep
|turn|7
|
|t:|1757658329
|-terastallize|p2a: Magmar|Fairy
|-terastallize|p1b: Kingambit|Bug
|move|p2b: Sneasler|Coaching|p2a: Magmar
|-boost|p2a: Magmar|atk|1
|-boost|p2a: Magmar|def|1
|move|p2a: Magmar|Will-O-Wisp|p1b: Kingambit
|-status|p1b: Kingambit|brn
|move|p1b: Kingambit|Kowtow Cleave|p2a: Magmar
|-resisted|p2a: Magmar
|-damage|p2a: Magmar|34/100
|
|-damage|p1b: Kingambit|94/100 brn|[from] brn
|upkeep
|turn|8
|
|t:|1757658342
|move|p2b: Sneasler|Dire Claw|p1b: Kingambit
|-damage|p1b: Kingambit|74/100 brn
|move|p2a: Magmar|Overheat|p1b: Kingambit
|-supereffective|p1b: Kingambit
|-damage|p1b: Kingambit|0 fnt
|-unboost|p2a: Magmar|spa|2
|faint|p1b: Kingambit
|
|win|MichaelderBeste2
|raw|AUBrigade's rating: 1357 → 1348(-9 for losing)
|raw|MichaelderBeste2's rating: 1563 → 1572(+9 for winning)
|l|☆MichaelderBeste2
|player|p2|
