|j|☆Npc red panther
|j|☆mauryof
|html|Npc red panthermauryof    
|uhtml|bestof|Game 1 of a best-of-3
|t:|1757689967
|gametype|doubles
|player|p1|Npc red panther|266|1133
|player|p2|mauryof|clerk|1025
|gen|9
|tier|[Gen 9] VGC 2025 Reg H (Bo3)
|rated|
|rule|Species Clause: Limit one of each Pokémon
|rule|Item Clause: Limit 1 of each item
|clearpoke
|poke|p1|Scyther, L50, M|
|poke|p1|Pelipper, L50, F|
|poke|p1|Basculegion, L50, M|
|poke|p1|Archaludon, L50, M|
|poke|p1|Incineroar, L50, M|
|poke|p1|Rillaboom, L50, M|
|poke|p2|Gastrodon-East, L50, F|
|poke|p2|Torkoal, L50, F|
|poke|p2|Indeedee-F, L50, F|
|poke|p2|Exeggutor, L50, M|
|poke|p2|Incineroar, L50, F|
|poke|p2|Annihilape, L50, F|
|teampreview|4
|showteam|p1|Scyther||Eviolite|Technician|DualWingbeat,CloseCombat,Lunge,Protect|||M|||50|,,,,,Water]Pelipper||FocusSash|Drizzle|Tailwind,Hurricane,WeatherBall,Protect|||F|||50|,,,,,Stellar]Basculegion||ChoiceBand|SwiftSwim|WaveCrash,FlipTurn,AquaJet,LastRespects|||M|||50|,,,,,Water]Archaludon||PowerHerb|Stamina|ElectroShot,DragonPulse,FlashCannon,Protect|||M|||50|,,,,,Grass]Incineroar||SafetyGoggles|Intimidate|FakeOut,FlareBlitz,KnockOff,PartingShot|||M|||50|,,,,,Ghost]Rillaboom||AssaultVest|GrassySurge|FakeOut,GrassyGlide,WoodHammer,Uturn|||M|||50|,,,,,Fire
|showteam|p2|Gastrodon-East||SitrusBerry|StormDrain|Protect,Recover,EarthPower,IceBeam|||F|||50|,,,,,Ground]Torkoal||EjectPack|Drought|Overheat,Protect,Eruption,HelpingHand|||F|||50|,,,,,Fire]Indeedee-F||SafetyGoggles|PsychicSurge|FollowMe,HelpingHand,Psychic,TrickRoom|||F|||50|,,,,,Fairy]Exeggutor||LifeOrb|Chlorophyll|ExpandingForce,TrickRoom,GigaDrain,Protect|||M|||50|,,,,,Psychic]Incineroar||AssaultVest|Intimidate|FlareBlitz,Uturn,FakeOut,KnockOff|||F|||50|,,,,,Bug]Annihilape||ChoiceScarf|Defiant|FinalGambit,Uturn,PhantomForce,CloseCombat|||F|||50|,,,,,Grass
|inactive|Battle timer is ON: inactive players will automatically lose when time's up. (requested by mauryof)
|inactive|Npc red panther has 60 seconds left.
|inactive|mauryof has 60 seconds left.
|
|t:|1757690025
|teamsize|p1|4
|teamsize|p2|4
|start
|switch|p1a: Basculegion|Basculegion, L50, M|100/100
|switch|p1b: Incineroar|Incineroar, L50, M|100/100
|switch|p2a: Annihilape|Annihilape, L50, F|100/100
|switch|p2b: Gastrodon|Gastrodon-East, L50, F|100/100
|-ability|p1b: Incineroar|Intimidate|boost
|-unboost|p2a: Annihilape|atk|1
|-ability|p2a: Annihilape|Defiant|boost
|-boost|p2a: Annihilape|atk|2
|-unboost|p2b: Gastrodon|atk|1
|turn|1
|inactive|mauryof has 30 seconds left.
|
|t:|1757690052
|switch|p1b: Pelipper|Pelipper, L50, F|100/100
|-weather|RainDance|[from] ability: Drizzle|[of] p1b: Pelipper
|move|p1a: Basculegion|Last Respects|p2a: Annihilape
|-supereffective|p2a: Annihilape
|-damage|p2a: Annihilape|33/100
|move|p2a: Annihilape|Phantom Force||[still]
|-prepare|p2a: Annihilape|Phantom Force
|move|p2b: Gastrodon|Ice Beam|p1b: Pelipper
|-damage|p1b: Pelipper|62/100
|
|-weather|RainDance|[upkeep]
|upkeep
|turn|2
|inactive|Npc red panther has 30 seconds left.
|
|t:|1757690085
|switch|p1a: Archaludon|Archaludon, L50, M|100/100
|-terastallize|p2b: Gastrodon|Ground
|move|p2a: Annihilape|Phantom Force|p1a: Archaludon|[from] lockedmove
|-damage|p1a: Archaludon|57/100
|-ability|p1a: Archaludon|Stamina|boost
|-boost|p1a: Archaludon|def|1
|move|p1b: Pelipper|Tailwind|p1b: Pelipper
|-sidestart|p1: Npc red panther|move: Tailwind
|move|p2b: Gastrodon|Earth Power|p1a: Archaludon
|-supereffective|p1a: Archaludon
|-damage|p1a: Archaludon|0 fnt
|faint|p1a: Archaludon
|
|-weather|RainDance|[upkeep]
|upkeep
|
|t:|1757690095
|switch|p1a: Basculegion|Basculegion, L50, M|100/100
|turn|3
|
|t:|1757690107
|switch|p2a: Indeedee|Indeedee-F, L50, F|100/100
|-fieldstart|move: Psychic Terrain|[from] ability: Psychic Surge|[of] p2a: Indeedee
|move|p1a: Basculegion|Last Respects|p2b: Gastrodon
|-damage|p2b: Gastrodon|42/100
|-enditem|p2b: Gastrodon|Sitrus Berry|[eat]
|-heal|p2b: Gastrodon|67/100|[from] item: Sitrus Berry
|move|p1b: Pelipper|Hurricane|p2a: Indeedee
|-damage|p2a: Indeedee|58/100
|move|p2b: Gastrodon|Ice Beam|p1b: Pelipper
|-damage|p1b: Pelipper|23/100
|
|-weather|RainDance|[upkeep]
|upkeep
|turn|4
|inactive|mauryof has 30 seconds left.
|
|t:|1757690141
|move|p2a: Indeedee|Follow Me|p2a: Indeedee
|-singleturn|p2a: Indeedee|move: Follow Me
|move|p1a: Basculegion|Last Respects|p2a: Indeedee
|-immune|p2a: Indeedee
|move|p1b: Pelipper|Hurricane|p2a: Indeedee
|-crit|p2a: Indeedee
|-damage|p2a: Indeedee|0 fnt
|faint|p2a: Indeedee
|move|p2b: Gastrodon|Earth Power|p1b: Pelipper
|-immune|p1b: Pelipper
|
|-weather|RainDance|[upkeep]
|upkeep
|
|t:|1757690157
|switch|p2a: Exeggutor|Exeggutor, L50, M|100/100
|turn|5
|
|t:|1757690175
|switch|p1b: Incineroar|Incineroar, L50, M|100/100
|-ability|p1b: Incineroar|Intimidate|boost
|-unboost|p2a: Exeggutor|atk|1
|-unboost|p2b: Gastrodon|atk|1
|move|p2a: Exeggutor|Protect|p2a: Exeggutor
|-singleturn|p2a: Exeggutor|Protect
|move|p1a: Basculegion|Last Respects|p2a: Exeggutor
|-activate|p2a: Exeggutor|move: Protect
|move|p2b: Gastrodon|Ice Beam|p1b: Incineroar
|-resisted|p1b: Incineroar
|-damage|p1b: Incineroar|89/100
|
|-weather|none
|-sideend|p1: Npc red panther|move: Tailwind
|upkeep
|turn|6
|
|t:|1757690197
|switch|p1a: Pelipper|Pelipper, L50, F|23/100
|-weather|RainDance|[from] ability: Drizzle|[of] p1a: Pelipper
|switch|p2a: Annihilape|Annihilape, L50, F|33/100
|move|p1b: Incineroar|Knock Off|p2a: Annihilape
|-damage|p2a: Annihilape|0 fnt
|-enditem|p2a: Annihilape|Choice Scarf|[from] move: Knock Off|[of] p1b: Incineroar
|faint|p2a: Annihilape
|move|p2b: Gastrodon|Earth Power|p1b: Incineroar
|-supereffective|p1b: Incineroar
|-damage|p1b: Incineroar|0 fnt
|faint|p1b: Incineroar
|
|-weather|RainDance|[upkeep]
|upkeep
|
|t:|1757690213
|switch|p2a: Exeggutor|Exeggutor, L50, M|100/100
|switch|p1b: Basculegion|Basculegion, L50, M|100/100
|turn|7
|
|t:|1757690221
|move|p2b: Gastrodon|Protect|p2b: Gastrodon
|-singleturn|p2b: Gastrodon|Protect
|move|p1b: Basculegion|Last Respects|p2b: Gastrodon
|-activate|p2b: Gastrodon|move: Protect
|move|p1a: Pelipper|Hurricane|p2a: Exeggutor
|-supereffective|p2a: Exeggutor
|-damage|p2a: Exeggutor|0 fnt
|faint|p2a: Exeggutor
|
|-weather|RainDance|[upkeep]
|-fieldend|move: Psychic Terrain
|upkeep
|turn|8
|-message|mauryof forfeited.
|
|win|Npc red panther
|l|☆mauryof
|player|p2|
||mauryof is ready for game 2.
||Npc red panther is ready for game 2.
|uhtml|next|Next: Game 2 of 3
