|j|☆coo1kid
|j|☆joyfulwizard
|html|coo1kidjoyfulwizard    
|uhtml|bestof|Game 1 of a best-of-3
|t:|1783957910
|gametype|doubles
|player|p1|coo1kid|hilbert|1239
|player|p2|joyfulwizard|cheren-gen5bw2|1282
|gen|9
|tier|[Gen 9 Champions] VGC 2026 Reg M-B (Bo3)
|rated|
|rule|Species Clause: Limit one of each Pokémon
|rule|Item Clause: Limit 1 of each item
|clearpoke
|poke|p1|Kingambit, L50, M|
|poke|p1|Aerodactyl, L50, M|
|poke|p1|Charizard, L50, M|
|poke|p1|Greninja, L50, M|
|poke|p1|Farigiraf, L50, F|
|poke|p1|Sylveon, L50, F|
|poke|p2|Charizard, L50, F|
|poke|p2|Garchomp, L50, M|
|poke|p2|Aerodactyl, L50, M|
|poke|p2|Farigiraf, L50, M|
|poke|p2|Sylveon, L50, F|
|poke|p2|Kingambit, L50, M|
|teampreview|4
|showteam|p1|Kingambit||FocusSash|Defiant|KowtowCleave,IronHead,SuckerPunch,LowKick|Adamant||M|||50|]Aerodactyl||Aerodactylite|Unnerve|RockSlide,DualWingbeat,IceFang,Tailwind|Jolly||M|||50|]Charizard||CharizarditeY|Blaze|HeatWave,SolarBeam,WeatherBall,Protect|Modest||M|||50|]Greninja||ChoiceScarf|Protean|HydroPump,IcyWind,GrassKnot,LowKick|Rash||M|||50|]Farigiraf||SitrusBerry|ArmorTail|Psychic,Thunderbolt,TrickRoom,Protect|Relaxed||F|||50|]Sylveon||LifeOrb|Pixilate|HyperBeam,HyperVoice,QuickAttack,Detect|Modest||F|||50|
|showteam|p2|Charizard||CharizarditeY|Blaze|Protect,SolarBeam,HeatWave,WeatherBall|Modest||F|||50|]Garchomp||LifeOrb|RoughSkin|Protect,Earthquake,DragonClaw,StompingTantrum|Jolly||M|||50|]Aerodactyl||Aerodactylite|Unnerve|IceFang,RockSlide,DualWingbeat,Tailwind|Jolly||M|||50|]Farigiraf||SitrusBerry|ArmorTail|SunnyDay,PsychicFangs,TrickRoom,Thunderbolt|Relaxed||M|||50|]Sylveon||FairyFeather|Pixilate|Detect,HyperBeam,HyperVoice,QuickAttack|Modest||F|||50|]Kingambit||FocusSash|Defiant|SuckerPunch,LowKick,IronHead,KowtowCleave|Adamant||M|||50|
|inactive|Battle timer is ON: inactive players will automatically lose when time's up. (requested by coo1kid)
|inactive|coo1kid has 60 seconds left.
|inactive|joyfulwizard has 60 seconds left.
|inactive|joyfulwizard has 30 seconds left.
|
|t:|1783957978
|teamsize|p1|4
|teamsize|p2|4
|start
|switch|p1a: Greninja|Greninja, L50, M|100/100
|switch|p1b: Aerodactyl|Aerodactyl, L50, M|100/100
|switch|p2a: Aerodactyl|Aerodactyl, L50, M|100/100
|switch|p2b: Sylveon|Sylveon, L50, F|100/100
|-ability|p2a: Aerodactyl|Unnerve
|-ability|p1b: Aerodactyl|Unnerve
|turn|1
|
|t:|1783957994
|switch|p2a: Kingambit|Kingambit, L50, M|100/100
|move|p1a: Greninja|Hydro Pump|p2a: Kingambit
|-start|p1a: Greninja|typechange|Water|[from] ability: Protean
|-damage|p2a: Kingambit|39/100
|move|p1b: Aerodactyl|Tailwind|p1b: Aerodactyl
|-sidestart|p1: coo1kid|move: Tailwind
|move|p2b: Sylveon|Hyper Voice|p1a: Greninja|[spread] p1a,p1b
|-damage|p1a: Greninja|8/100
|-damage|p1b: Aerodactyl|33/100
|
|upkeep
|turn|2
|
|t:|1783958014
|switch|p1a: Kingambit|Kingambit, L50, M|100/100
|move|p2a: Kingambit|Sucker Punch|p1b: Aerodactyl
|-damage|p1b: Aerodactyl|0 fnt
|faint|p1b: Aerodactyl
|move|p2b: Sylveon|Hyper Voice|p1a: Kingambit
|-damage|p1a: Kingambit|23/100
|
|upkeep
|
|t:|1783958021
|switch|p1b: Charizard|Charizard, L50, M|100/100
|turn|3
|
|t:|1783958037
|switch|p2b: Garchomp|Garchomp, L50, M|100/100
|move|p1b: Charizard|Protect|p1b: Charizard
|-singleturn|p1b: Charizard|Protect
|move|p2a: Kingambit|Sucker Punch|p1a: Kingambit
|-resisted|p1a: Kingambit|1
|-damage|p1a: Kingambit|4/100
|move|p1a: Kingambit|Low Kick|p2a: Kingambit
|-supereffective|p2a: Kingambit|2
|-damage|p2a: Kingambit|0 fnt
|faint|p2a: Kingambit
|
|upkeep
|
|t:|1783958049
|switch|p2a: Sylveon|Sylveon, L50, F|100/100
|turn|4
|
|t:|1783958064
|detailschange|p1b: Charizard|Charizard-Mega-Y, L50, M
|-mega|p1b: Charizard|Charizard|Charizardite Y
|-weather|SunnyDay|[from] ability: Drought|[of] p1b: Charizard
|move|p2a: Sylveon|Quick Attack|p1a: Kingambit
|-damage|p1a: Kingambit|0 fnt
|faint|p1a: Kingambit
|move|p1b: Charizard|Solar Beam||[still]
|-prepare|p1b: Charizard|Solar Beam
|-anim|p1b: Charizard|Solar Beam|p2b: Garchomp
|-damage|p2b: Garchomp|55/100
|move|p2b: Garchomp|Dragon Claw|p1b: Charizard
|-damage|p1b: Charizard|55/100
|-damage|p2b: Garchomp|45/100|[from] item: Life Orb
|
|-weather|SunnyDay|[upkeep]
|-sideend|p1: coo1kid|move: Tailwind
|upkeep
|
|t:|1783958070
|switch|p1a: Greninja|Greninja, L50, M|8/100
|turn|5
|
|t:|1783958085
|move|p2a: Sylveon|Quick Attack|p1a: Greninja
|-supereffective|p1a: Greninja|1
|-damage|p1a: Greninja|0 fnt
|faint|p1a: Greninja
|move|p2b: Garchomp|Dragon Claw|p1b: Charizard
|-damage|p1b: Charizard|6/100
|-damage|p2b: Garchomp|35/100|[from] item: Life Orb
|move|p1b: Charizard|Weather Ball|p2a: Sylveon
|-damage|p2a: Sylveon|34/100
|
|-weather|SunnyDay|[upkeep]
|upkeep
|turn|6
|
|t:|1783958093
|move|p2a: Sylveon|Quick Attack|p1b: Charizard
|-resisted|p1b: Charizard|1
|-damage|p1b: Charizard|0 fnt
|faint|p1b: Charizard
|
|win|joyfulwizard
||joyfulwizard is ready for game 2.
||coo1kid is ready for game 2.
|uhtml|next|Next: Game 2 of 3
|l|☆coo1kid
|player|p1|
