|j|☆Mauricio0609!
|j|☆DyeItTightOfficial
|html|Mauricio0609!DyeItTightOfficial    
|uhtml|bestof|Game 1 of a best-of-3
|t:|1784579013
|gametype|doubles
|player|p1|Mauricio0609!|102|1075
|player|p2|DyeItTightOfficial|blue-gen3two|1000
|gen|9
|tier|[Gen 9 Champions] VGC 2026 Reg M-B (Bo3)
|rated|
|rule|Species Clause: Limit one of each Pokémon
|rule|Item Clause: Limit 1 of each item
|clearpoke
|poke|p1|Farigiraf, L50, M|
|poke|p1|Tyranitar, L50, F|
|poke|p1|Excadrill, L50, M|
|poke|p1|Raichu, L50, F|
|poke|p1|Milotic, L50, F|
|poke|p1|Ceruledge, L50, F|
|poke|p2|Kingambit, L50, F|
|poke|p2|Garchomp, L50, M|
|poke|p2|Aegislash, L50, F|
|poke|p2|Froslass, L50, F|
|poke|p2|Heliolisk, L50, F|
|poke|p2|Clefable, L50, F|
|teampreview|4
|showteam|p1|Farigiraf||SitrusBerry|ArmorTail|Psychic,Roar,TrickRoom,HelpingHand|Modest||M|||50|]Tyranitar||Tyranitarite|SandStream|StoneEdge,Protect,KnockOff,LowKick|Adamant||F|||50|]Excadrill||FocusSash|SandRush|RockSlide,IronHead,Protect,HighHorsepower|Jolly||M|||50|]Raichu||RaichuniteY|LightningRod|GrassKnot,ZapCannon,FocusBlast,Protect|Timid||F|||50|]Milotic||Leftovers|Competitive|IcyWind,Protect,Haze,Scald|Bold||F|||50|]Ceruledge||ColburBerry|FlashFire|BitterBlade,BulkUp,ShadowSneak,Protect|Adamant||F|||50|
|showteam|p2|Kingambit||ChopleBerry|Defiant|IronHead,LowKick,Protect,SuckerPunch|Adamant||F|||50|]Garchomp||LifeOrb|RoughSkin|Earthquake,DragonClaw,RockSlide,Protect|Jolly||M|||50|]Aegislash||OccaBerry|StanceChange|Poltergeist,RockSlide,WideGuard,KingsShield|Adamant||F|||50|]Froslass||Froslassite|SnowCloak|Blizzard,ShadowBall,AuroraVeil,Protect|Timid||F|||50|]Heliolisk||FocusSash|DrySkin|Thunderbolt,WeatherBall,GrassKnot,Electroweb|Timid||F|||50|]Clefable||SitrusBerry|Unaware|Moonblast,Protect,FollowMe,HelpingHand|Calm||F|||50|
|inactive|Battle timer is ON: inactive players will automatically lose when time's up. (requested by Mauricio0609!)
|inactive|DyeItTightOfficial has 60 seconds left.
|
|t:|1784579085
|teamsize|p1|4
|teamsize|p2|4
|start
|switch|p1a: Tyranitar|Tyranitar, L50, F|100/100
|switch|p1b: Excadrill|Excadrill, L50, M|100/100
|switch|p2a: Kingambit|Kingambit, L50, F|100/100
|switch|p2b: Froslass|Froslass, L50, F|100/100
|-weather|Sandstorm|[from] ability: Sand Stream|[of] p1a: Tyranitar
|turn|1
|inactive|DyeItTightOfficial has 30 seconds left.
|inactive|DyeItTightOfficial has 20 seconds left.
|
|t:|1784579122
|detailschange|p2b: Froslass|Froslass-Mega, L50, F
|-mega|p2b: Froslass|Froslass|Froslassite
|-weather|Snowscape|[from] ability: Snow Warning|[of] p2b: Froslass
|detailschange|p1a: Tyranitar|Tyranitar-Mega, L50, F
|-mega|p1a: Tyranitar|Tyranitar|Tyranitarite
|-weather|Sandstorm|[from] ability: Sand Stream|[of] p1a: Tyranitar
|move|p2b: Froslass|Protect|p2b: Froslass
|-singleturn|p2b: Froslass|Protect
|move|p1b: Excadrill|High Horsepower|p2a: Kingambit
|-supereffective|p2a: Kingambit|1
|-crit|p2a: Kingambit
|-damage|p2a: Kingambit|0 fnt
|faint|p2a: Kingambit
|move|p1a: Tyranitar|Knock Off|p2b: Froslass
|-activate|p2b: Froslass|move: Protect
|
|-weather|Sandstorm|[upkeep]
|-damage|p2b: Froslass|93/100|[from] Sandstorm
|upkeep
|
|t:|1784579130
|switch|p2a: Garchomp|Garchomp, L50, M|100/100
|turn|2
|
|t:|1784579148
|switch|p2b: Heliolisk|Heliolisk, L50, F|100/100
|move|p1b: Excadrill|Iron Head|p2a: Garchomp
|-damage|p2a: Garchomp|54/100
|-damage|p1b: Excadrill|87/100|[from] ability: Rough Skin|[of] p2a: Garchomp
|move|p2a: Garchomp|Earthquake|p1a: Tyranitar|[spread] p2b,p1a,p1b
|-supereffective|p2b: Heliolisk|1
|-supereffective|p1a: Tyranitar|1
|-supereffective|p1b: Excadrill|1
|-enditem|p2b: Heliolisk|Focus Sash
|-damage|p2b: Heliolisk|1/100
|-damage|p1a: Tyranitar|36/100
|-damage|p1b: Excadrill|0 fnt
|faint|p1b: Excadrill
|-damage|p2a: Garchomp|44/100|[from] item: Life Orb
|move|p1a: Tyranitar|Knock Off|p2b: Heliolisk
|-damage|p2b: Heliolisk|0 fnt
|faint|p2b: Heliolisk
|
|-weather|Sandstorm|[upkeep]
|upkeep
|
|t:|1784579165
|switch|p2b: Froslass|Froslass-Mega, L50, F|93/100
|switch|p1b: Milotic|Milotic, L50, F|100/100
|-weather|Snowscape|[from] ability: Snow Warning|[of] p2b: Froslass
|turn|3
|
|t:|1784579175
|move|p1a: Tyranitar|Protect|p1a: Tyranitar
|-singleturn|p1a: Tyranitar|Protect
|move|p2b: Froslass|Aurora Veil|p2b: Froslass
|-sidestart|p2: DyeItTightOfficial|move: Aurora Veil
|move|p2a: Garchomp|Earthquake|p1a: Tyranitar|[spread] p2b,p1b
|-activate|p1a: Tyranitar|move: Protect
|-damage|p2b: Froslass|58/100
|-damage|p1b: Milotic|56/100
|-damage|p2a: Garchomp|35/100|[from] item: Life Orb
|move|p1b: Milotic|Icy Wind|p2a: Garchomp|[spread] p2a,p2b
|-supereffective|p2a: Garchomp|2
|-resisted|p2b: Froslass|1
|-damage|p2a: Garchomp|3/100
|-damage|p2b: Froslass|54/100
|-unboost|p2a: Garchomp|spe|1
|-unboost|p2b: Froslass|spe|1
|
|-weather|Snowscape|[upkeep]
|-heal|p1b: Milotic|62/100|[from] item: Leftovers
|upkeep
|turn|4
|
|t:|1784579193
|switch|p1a: Ceruledge|Ceruledge, L50, F|100/100
|move|p2b: Froslass|Protect|p2b: Froslass
|-singleturn|p2b: Froslass|Protect
|move|p2a: Garchomp|Earthquake|p1b: Milotic|[spread] p1a,p1b
|-activate|p2b: Froslass|move: Protect
|-supereffective|p1a: Ceruledge|1
|-damage|p1a: Ceruledge|9/100
|-damage|p1b: Milotic|16/100
|-damage|p2a: Garchomp|0 fnt|[from] item: Life Orb
|faint|p2a: Garchomp
|move|p1b: Milotic|Icy Wind|p2b: Froslass
|-activate|p2b: Froslass|move: Protect
|
|-weather|Snowscape|[upkeep]
|-heal|p1b: Milotic|22/100|[from] item: Leftovers
|upkeep
|turn|5
|
|t:|1784579215
|move|p2b: Froslass|Blizzard|p1b: Milotic|[spread] p1a,p1b
|-resisted|p1a: Ceruledge|1
|-resisted|p1b: Milotic|1
|-damage|p1a: Ceruledge|0 fnt
|-damage|p1b: Milotic|8/100
|-status|p1b: Milotic|frz
|faint|p1a: Ceruledge
|-curestatus|p1b: Milotic|frz|[from] move: Scald
|move|p1b: Milotic|Scald|p2b: Froslass
|-damage|p2b: Froslass|31/100
|-status|p2b: Froslass|brn
|
|-weather|Snowscape|[upkeep]
|-heal|p1b: Milotic|14/100|[from] item: Leftovers
|-damage|p2b: Froslass|25/100 brn|[from] brn
|upkeep
|
|t:|1784579229
|switch|p1a: Tyranitar|Tyranitar-Mega, L50, F|36/100
|-weather|Sandstorm|[from] ability: Sand Stream|[of] p1a: Tyranitar
|turn|6
|
|t:|1784579235
|move|p1b: Milotic|Protect|p1b: Milotic
|-singleturn|p1b: Milotic|Protect
|move|p2b: Froslass|Blizzard|p1b: Milotic|[spread] p1a
|-activate|p1b: Milotic|move: Protect
|-damage|p1a: Tyranitar|10/100
|move|p1a: Tyranitar|Knock Off|p2b: Froslass
|-supereffective|p2b: Froslass|1
|-damage|p2b: Froslass|0 fnt
|faint|p2b: Froslass
|
|win|Mauricio0609!
||DyeItTightOfficial is ready for game 2.
||Mauricio0609! is ready for game 2.
|uhtml|next|Next: Game 2 of 3
