|j|☆lirtyz0977
|j|☆Broey_jiggs
|html|lirtyz0977Broey_jiggs    
|uhtml|bestof|Game 1 of a best-of-3
|t:|1783086958
|gametype|doubles
|player|p1|lirtyz0977|giovanni|1000
|player|p2|Broey_jiggs|266|1000
|gen|9
|tier|[Gen 9 Champions] VGC 2026 Reg M-B (Bo3)
|rated|
|rule|Species Clause: Limit one of each Pokémon
|rule|Item Clause: Limit 1 of each item
|clearpoke
|poke|p1|Mimikyu, L50, M|
|poke|p1|Dragapult, L50, M|
|poke|p1|Aegislash, L50, M, shiny|
|poke|p1|Gengar, L50, M|
|poke|p1|Golurk, L50|
|poke|p1|Skeledirge, L50, M|
|poke|p2|Toxapex, L50, F|
|poke|p2|Rotom-Wash, L50|
|poke|p2|Corviknight, L50, F|
|poke|p2|Sinistcha-Masterpiece, L50|
|poke|p2|Tyranitar, L50, M|
|poke|p2|Garchomp, L50, F|
|teampreview|4
|showteam|p1|Mimikyu||LifeOrb|Disguise|SwordsDance,ShadowSneak,PlayRough,DrainPunch|Jolly||M|||50|]Dragapult||FocusSash|ClearBody|DragonDance,DragonDarts,PhantomForce,Uturn|Adamant||M|||50|]Aegislash||Leftovers|StanceChange|SwordsDance,KingsShield,ShadowSneak,IronHead|Adamant||M|||50|]Gengar||Gengarite|CursedBody|ShadowBall,SludgeWave,FocusBlast,NastyPlot|Timid||M|||50|]Golurk||Golurkite|IronFist|ShadowPunch,Earthquake,DrainPunch,IcePunch|Adamant|||||50|]Skeledirge||ChoiceScarf|Unaware|TorchSong,AlluringVoice,EarthPower,ShadowBall|Timid||M|||50|
|showteam|p2|Toxapex||Leftovers|Regenerator|Toxic,BanefulBunker,Infestation,Recover|Bold||F|||50|]Rotom-Wash||Magnet|Levitate|HydroPump,Thunderbolt,WillOWisp,Protect|Calm|||||50|]Corviknight||OccaBerry|MirrorArmor|BodyPress,Roost,IronDefense,BraveBird|Careful||F|||50|]Sinistcha-Masterpiece||MiracleSeed|Hospitality|MatchaGotcha,LifeDew,Protect,TrickRoom|Relaxed|||||50|]Tyranitar||Tyranitarite|SandStream|RockSlide,Earthquake,KnockOff,Protect|Adamant||M|||50|]Garchomp||LifeOrb|SandVeil|Earthquake,EarthPower,Protect,DragonClaw|Jolly||F|||50|
|inactive|Battle timer is ON: inactive players will automatically lose when time's up. (requested by lirtyz0977)
|inactive|lirtyz0977 has 60 seconds left.
|
|t:|1783087001
|teamsize|p1|4
|teamsize|p2|4
|start
|switch|p1a: Nightmare|Gengar, L50, M|100/100
|switch|p1b: Romeo|Skeledirge, L50, M|100/100
|switch|p2a: Rotom|Rotom-Wash, L50|100/100
|switch|p2b: Toxapex|Toxapex, L50, F|100/100
|turn|1
|
|t:|1783087010
|detailschange|p1a: Nightmare|Gengar-Mega, L50, M
|-mega|p1a: Nightmare|Gengar|Gengarite
|move|p1a: Nightmare|Nasty Plot|p1a: Nightmare
|-boost|p1a: Nightmare|spa|2
|move|p1b: Romeo|Earth Power|p2b: Toxapex
|-supereffective|p2b: Toxapex|1
|-damage|p2b: Toxapex|49/100
|move|p2a: Rotom|Thunderbolt|p1a: Nightmare
|-damage|p1a: Nightmare|43/100
|move|p2b: Toxapex|Toxic|p1b: Romeo
|-status|p1b: Romeo|tox
|
|-heal|p2b: Toxapex|54/100|[from] item: Leftovers
|-damage|p1b: Romeo|93/100 tox|[from] psn
|upkeep
|turn|2
|
|t:|1783087031
|move|p1a: Nightmare|Shadow Ball|p2a: Rotom
|-damage|p2a: Rotom|17/100
|move|p1b: Romeo|Earth Power|p2b: Toxapex
|-supereffective|p2b: Toxapex|1
|-damage|p2b: Toxapex|6/100
|move|p2a: Rotom|Thunderbolt|p1a: Nightmare
|-damage|p1a: Nightmare|0 fnt
|faint|p1a: Nightmare
|move|p2b: Toxapex|Infestation|p1b: Romeo
|-resisted|p1b: Romeo|2
|-damage|p1b: Romeo|93/100 tox
|-activate|p1b: Romeo|move: Infestation|[of] p2b: Toxapex
|
|-heal|p2b: Toxapex|12/100|[from] item: Leftovers
|-damage|p1b: Romeo|81/100 tox|[from] psn
|-damage|p1b: Romeo|69/100 tox|[from] move: Infestation|[partiallytrapped]
|upkeep
|
|t:|1783087037
|switch|p1a: Ghoul|Dragapult, L50, M|100/100
|turn|3
|
|t:|1783087054
|switch|p1b: Aura|Aegislash, L50, M, shiny|100/100
|-heal|p2b: Toxapex|45/100|[from] ability: Regenerator|[silent]
|switch|p2b: Corviknight|Corviknight, L50, F|100/100
|move|p2a: Rotom|Protect|p2a: Rotom
|-singleturn|p2a: Rotom|Protect
|move|p1a: Ghoul|Dragon Darts|p2b: Corviknight
|-resisted|p2b: Corviknight|1
|-damage|p2b: Corviknight|88/100
|-anim|p1a: Ghoul|Dragon Darts|p2b: Corviknight
|-resisted|p2b: Corviknight|1
|-damage|p2b: Corviknight|77/100
|
|upkeep
|turn|4
|
|t:|1783087075
|switch|p1a: Romeo|Skeledirge, L50, M|69/100 tox
|move|p2a: Rotom|Will-O-Wisp|p1b: Aura
|-status|p1b: Aura|brn
|move|p2b: Corviknight|Iron Defense|p2b: Corviknight
|-boost|p2b: Corviknight|def|2
|move|p1b: Aura|Swords Dance|p1b: Aura
|-boost|p1b: Aura|atk|2
|
|-damage|p1a: Romeo|62/100 tox|[from] psn
|-damage|p1b: Aura|94/100 brn|[from] brn
|upkeep
|turn|5
|
|t:|1783087092
|-formechange|p1b: Aura|Aegislash-Blade|
|move|p1b: Aura|Shadow Sneak|p2a: Rotom
|-damage|p2a: Rotom|0 fnt
|faint|p2a: Rotom
|move|p1a: Romeo|Torch Song|p2b: Corviknight
|-supereffective|p2b: Corviknight|1
|-enditem|p2b: Corviknight|Occa Berry|[eat]
|-enditem|p2b: Corviknight|Occa Berry|[weaken]
|-damage|p2b: Corviknight|52/100
|-boost|p1a: Romeo|spa|1
|move|p2b: Corviknight|Iron Defense|p2b: Corviknight
|-boost|p2b: Corviknight|def|2
|
|-heal|p1b: Aura|100/100 brn|[from] item: Leftovers
|-damage|p1a: Romeo|50/100g tox|[from] psn
|-damage|p1b: Aura|94/100 brn|[from] brn
|upkeep
|
|t:|1783087107
|switch|p2a: Garchomp|Garchomp, L50, F|100/100
|turn|6
|
|t:|1783087113
|-formechange|p1b: Aura|Aegislash|
|move|p1b: Aura|King's Shield|p1b: Aura
|-singleturn|p1b: Aura|Protect
|move|p1a: Romeo|Torch Song|p2b: Corviknight
|-supereffective|p2b: Corviknight|1
|-damage|p2b: Corviknight|0 fnt
|-boost|p1a: Romeo|spa|1
|faint|p2b: Corviknight
|move|p2a: Garchomp|Earthquake|p1b: Aura|[spread] p1a
|-activate|p1b: Aura|move: Protect
|-supereffective|p1a: Romeo|1
|-damage|p1a: Romeo|0 fnt
|faint|p1a: Romeo
|-damage|p2a: Garchomp|90/100|[from] item: Life Orb
|
|-heal|p1b: Aura|100/100 brn|[from] item: Leftovers
|-damage|p1b: Aura|94/100 brn|[from] brn
|upkeep
|
|t:|1783087120
|switch|p1a: Ghoul|Dragapult, L50, M|100/100
|switch|p2b: Toxapex|Toxapex, L50, F|45/100
|turn|7
|
|t:|1783087130
|move|p2a: Garchomp|Protect|p2a: Garchomp
|-singleturn|p2a: Garchomp|Protect
|move|p1a: Ghoul|Dragon Dance|p1a: Ghoul
|-boost|p1a: Ghoul|atk|1
|-boost|p1a: Ghoul|spe|1
|move|p1b: Aura|Swords Dance|p1b: Aura
|-boost|p1b: Aura|atk|2
|move|p2b: Toxapex|Toxic|p1a: Ghoul
|-status|p1a: Ghoul|tox
|
|-heal|p1b: Aura|100/100 brn|[from] item: Leftovers
|-heal|p2b: Toxapex|50/100g|[from] item: Leftovers
|-damage|p1a: Ghoul|93/100 tox|[from] psn
|-damage|p1b: Aura|94/100 brn|[from] brn
|upkeep
|turn|8
|
|t:|1783087140
|move|p2b: Toxapex|Baneful Bunker|p2b: Toxapex
|-singleturn|p2b: Toxapex|move: Protect
|move|p1a: Ghoul|Dragon Darts|p2a: Garchomp
|-supereffective|p2a: Garchomp|1
|-damage|p2a: Garchomp|2/100
|-anim|p1a: Ghoul|Dragon Darts|p2a: Garchomp
|-supereffective|p2a: Garchomp|1
|-damage|p2a: Garchomp|0 fnt
|faint|p2a: Garchomp
|-formechange|p1b: Aura|Aegislash-Blade|
|move|p1b: Aura|Iron Head|p2b: Toxapex
|-activate|p2b: Toxapex|move: Protect
|
|-heal|p1b: Aura|100/100 brn|[from] item: Leftovers
|-heal|p2b: Toxapex|56/100|[from] item: Leftovers
|-damage|p1a: Ghoul|81/100 tox|[from] psn
|-damage|p1b: Aura|94/100 brn|[from] brn
|upkeep
|turn|9
|
|t:|1783087157
|move|p1a: Ghoul|Dragon Darts|p2b: Toxapex
|-damage|p2b: Toxapex|29/100
|-anim|p1a: Ghoul|Dragon Darts|p2b: Toxapex
|-damage|p2b: Toxapex|4/100
|move|p1b: Aura|Iron Head|p2b: Toxapex
|-resisted|p2b: Toxapex|1
|-damage|p2b: Toxapex|0 fnt
|faint|p2b: Toxapex
|
|win|lirtyz0977
||lirtyz0977 is ready for game 2.
