|j|☆ronzthebonz
|j|☆paralyze u
|html|ronzthebonzparalyze u    
|uhtml|bestof|Game 3 of a best-of-3
|t:|1785204236
|gametype|doubles
|player|p1|ronzthebonz|101|1334
|player|p2|paralyze u|170|1212
|gen|9
|tier|[Gen 9 Champions] VGC 2026 Reg M-B (Bo3)
|rated|
|rule|Species Clause: Limit one of each Pokémon
|rule|Item Clause: Limit 1 of each item
|clearpoke
|poke|p1|Grimmsnarl, L50, M|
|poke|p1|Gholdengo, L50|
|poke|p1|Staraptor, L50, F|
|poke|p1|Charizard, L50, F|
|poke|p1|Venusaur, L50, F|
|poke|p1|Garchomp, L50, M|
|poke|p2|Tyranitar, L50, M|
|poke|p2|Excadrill, L50, F|
|poke|p2|Milotic, L50, M|
|poke|p2|Gholdengo, L50|
|poke|p2|Sinistcha, L50|
|poke|p2|Staraptor, L50, F|
|teampreview|4
|showteam|p1|Grimmsnarl||LightClay|Prankster|FoulPlay,PartingShot,LightScreen,Reflect|Calm||M|||50|]Gholdengo||LifeOrb|GoodasGold|ShadowBall,MakeItRain,Protect,NastyPlot|Modest|||||50|]Staraptor||Staraptite|Intimidate|CloseCombat,BraveBird,Roost,Protect|Adamant||F|||50|]Charizard||CharizarditeY|Blaze|HeatWave,WeatherBall,SolarBeam,Protect|Modest||F|||50|]Venusaur||FocusSash|Chlorophyll|SleepPowder,LeafStorm,SludgeBomb,Protect|Modest||F|||50|]Garchomp||SitrusBerry|RoughSkin|Earthquake,DragonClaw,RockTomb,Protect|Adamant||M|||50|
|showteam|p2|Tyranitar||Tyranitarite|SandStream|KnockOff,RockSlide,HighHorsepower,Protect|Jolly||M|||50|]Excadrill||FocusSash|SandRush|HighHorsepower,IronHead,RockSlide,Protect|Jolly||F|||50|]Milotic||SitrusBerry|Competitive|Scald,IcyWind,Haze,Protect|Calm||M|||50|]Gholdengo||LifeOrb|GoodasGold|MakeItRain,ShadowBall,NastyPlot,Protect|Modest|||||50|]Sinistcha||ColburBerry|Hospitality|MatchaGotcha,ShadowBall,Protect,RagePowder|Bold|||||50|]Staraptor||Staraptite|Intimidate|CloseCombat,BraveBird,Tailwind,Protect|Jolly||F|||50|
|inactive|Battle timer is ON: inactive players will automatically lose when time's up. (requested by ronzthebonz)
|inactive|ronzthebonz has 60 seconds left.
|
|t:|1785204274
|teamsize|p1|4
|teamsize|p2|4
|start
|switch|p1a: Grimmsnarl|Grimmsnarl, L50, M|100/100
|switch|p1b: Garchomp|Garchomp, L50, M|100/100
|switch|p2a: Tyranitar|Tyranitar, L50, M|100/100
|switch|p2b: Excadrill|Excadrill, L50, F|100/100
|-weather|Sandstorm|[from] ability: Sand Stream|[of] p2a: Tyranitar
|turn|1
|
|t:|1785204297
|move|p1a: Grimmsnarl|Reflect|p1a: Grimmsnarl
|-sidestart|p1: ronzthebonz|Reflect
|move|p2b: Excadrill|Iron Head|p1a: Grimmsnarl
|-supereffective|p1a: Grimmsnarl|1
|-crit|p1a: Grimmsnarl
|-damage|p1a: Grimmsnarl|0 fnt
|faint|p1a: Grimmsnarl
|move|p1b: Garchomp|Earthquake|p2b: Excadrill|[spread] p2a,p2b
|-supereffective|p2a: Tyranitar|1
|-supereffective|p2b: Excadrill|1
|-damage|p2a: Tyranitar|25/100
|-enditem|p2b: Excadrill|Focus Sash
|-damage|p2b: Excadrill|1/100
|move|p2a: Tyranitar|Knock Off|p1b: Garchomp
|-damage|p1b: Garchomp|69/100
|-damage|p2a: Tyranitar|12/100|[from] ability: Rough Skin|[of] p1b: Garchomp
|-enditem|p1b: Garchomp|Sitrus Berry|[from] move: Knock Off|[of] p2a: Tyranitar
|
|-weather|Sandstorm|[upkeep]
|upkeep
|
|t:|1785204321
|switch|p1a: Charizard|Charizard, L50, F|100/100
|turn|2
|
|t:|1785204326
|move|p2b: Excadrill|Protect|p2b: Excadrill
|-singleturn|p2b: Excadrill|Protect
|move|p1a: Charizard|Protect|p1a: Charizard
|-singleturn|p1a: Charizard|Protect
|move|p2a: Tyranitar|Protect|p2a: Tyranitar
|-singleturn|p2a: Tyranitar|Protect
|move|p1b: Garchomp|Earthquake|p2a: Tyranitar|[spread] 
|-activate|p1a: Charizard|move: Protect
|-activate|p2a: Tyranitar|move: Protect
|-activate|p2b: Excadrill|move: Protect
|
|-weather|Sandstorm|[upkeep]
|-damage|p1a: Charizard|93/100|[from] Sandstorm
|upkeep
|turn|3
|inactive|ronzthebonz has 30 seconds left.
|
|t:|1785204360
|switch|p2b: Milotic|Milotic, L50, M|100/100
|switch|p2a: Staraptor|Staraptor, L50, F|100/100
|-ability|p2a: Staraptor|Intimidate|boost
|-unboost|p1a: Charizard|atk|1
|-unboost|p1b: Garchomp|atk|1
|move|p1b: Garchomp|Earthquake|p2a: Staraptor|[spread] p2b
|-immune|p1a: Charizard
|-immune|p2a: Staraptor
|-damage|p2b: Milotic|75/100
|move|p1a: Charizard|Heat Wave|p2a: Staraptor|[spread] p2a,p2b
|-resisted|p2b: Milotic|1
|-damage|p2a: Staraptor|61/100
|-damage|p2b: Milotic|65/100
|
|-weather|Sandstorm|[upkeep]
|-damage|p2a: Staraptor|55/100|[from] Sandstorm
|-damage|p1a: Charizard|87/100|[from] Sandstorm
|-damage|p2b: Milotic|59/100|[from] Sandstorm
|upkeep
|turn|4
|inactive|ronzthebonz has 30 seconds left.
|
|t:|1785204386
|switch|p1b: Venusaur|Venusaur, L50, F|100/100
|detailschange|p2a: Staraptor|Staraptor-Mega, L50, F
|-mega|p2a: Staraptor|Staraptor|Staraptite
|detailschange|p1a: Charizard|Charizard-Mega-Y, L50, F
|-mega|p1a: Charizard|Charizard|Charizardite Y
|-weather|SunnyDay|[from] ability: Drought|[of] p1a: Charizard
|move|p2a: Staraptor|Tailwind|p2a: Staraptor
|-sidestart|p2: paralyze u|move: Tailwind
|move|p2b: Milotic|Icy Wind|p1a: Charizard|[spread] p1a,p1b
|-supereffective|p1b: Venusaur|1
|-damage|p1a: Charizard|79/100
|-damage|p1b: Venusaur|78/100
|-unboost|p1a: Charizard|spe|1
|-unboost|p1b: Venusaur|spe|1
|move|p1a: Charizard|Heat Wave|p2a: Staraptor|[spread] p2a,p2b
|-resisted|p2b: Milotic|1
|-crit|p2b: Milotic
|-damage|p2a: Staraptor|0 fnt
|-damage|p2b: Milotic|26/100
|-enditem|p2b: Milotic|Sitrus Berry|[eat]
|-heal|p2b: Milotic|51/100|[from] item: Sitrus Berry
|faint|p2a: Staraptor
|
|-weather|SunnyDay|[upkeep]
|upkeep
|
|t:|1785204395
|switch|p2a: Tyranitar|Tyranitar, L50, M|12/100
|-weather|Sandstorm|[from] ability: Sand Stream|[of] p2a: Tyranitar
|turn|5
|inactive|ronzthebonz has 30 seconds left.
|inactive|paralyze u has 30 seconds left.
|inactive|ronzthebonz has 20 seconds left.
|inactive|ronzthebonz has 15 seconds left.
|inactive|ronzthebonz has 10 seconds left.
|
|t:|1785204446
|move|p2b: Milotic|Protect|p2b: Milotic
|-singleturn|p2b: Milotic|Protect
|move|p1a: Charizard|Protect|p1a: Charizard
|-singleturn|p1a: Charizard|Protect
|move|p2a: Tyranitar|Knock Off|p1b: Venusaur
|-damage|p1b: Venusaur|38/100
|-enditem|p1b: Venusaur|Focus Sash|[from] move: Knock Off|[of] p2a: Tyranitar
|move|p1b: Venusaur|Leaf Storm|p2b: Milotic
|-activate|p2b: Milotic|move: Protect
|
|-weather|Sandstorm|[upkeep]
|-damage|p2b: Milotic|45/100|[from] Sandstorm
|-damage|p1a: Charizard|73/100|[from] Sandstorm
|-damage|p1b: Venusaur|33/100|[from] Sandstorm
|upkeep
|turn|6
|
|t:|1785204464
|switch|p1a: Garchomp|Garchomp, L50, M|69/100
|move|p1b: Venusaur|Protect|p1b: Venusaur
|-singleturn|p1b: Venusaur|Protect
|move|p2a: Tyranitar|Rock Slide|p1b: Venusaur|[spread] 
|-activate|p1b: Venusaur|move: Protect
|-miss|p2a: Tyranitar|p1a: Garchomp
|move|p2b: Milotic|Icy Wind|p1b: Venusaur|[spread] p1a
|-activate|p1b: Venusaur|move: Protect
|-supereffective|p1a: Garchomp|2
|-damage|p1a: Garchomp|30/100
|-unboost|p1a: Garchomp|spe|1
|
|-weather|Sandstorm|[upkeep]
|-damage|p2b: Milotic|39/100|[from] Sandstorm
|-damage|p1b: Venusaur|27/100|[from] Sandstorm
|upkeep
|turn|7
|inactive|paralyze u has 30 seconds left.
|
|t:|1785204490
|switch|p2a: Excadrill|Excadrill, L50, F|1/100
|move|p2b: Milotic|Protect|p2b: Milotic
|-singleturn|p2b: Milotic|Protect
|move|p1a: Garchomp|Protect|p1a: Garchomp
|-singleturn|p1a: Garchomp|Protect
|move|p1b: Venusaur|Protect||[still]
|-fail|p1b: Venusaur
|
|-weather|Sandstorm|[upkeep]
|-damage|p2b: Milotic|33/100|[from] Sandstorm
|-damage|p1b: Venusaur|21/100|[from] Sandstorm
|-sideend|p2: paralyze u|move: Tailwind
|upkeep
|turn|8
|
|t:|1785204510
|switch|p1a: Charizard|Charizard-Mega-Y, L50, F|73/100
|-weather|SunnyDay|[from] ability: Drought|[of] p1a: Charizard
|move|p1b: Venusaur|Leaf Storm|p2a: Excadrill
|-damage|p2a: Excadrill|0 fnt
|-unboost|p1b: Venusaur|spa|2
|faint|p2a: Excadrill
|move|p2b: Milotic|Icy Wind|p1a: Charizard|[spread] p1a,p1b
|-supereffective|p1b: Venusaur|1
|-damage|p1a: Charizard|63/100
|-damage|p1b: Venusaur|0 fnt
|-unboost|p1a: Charizard|spe|1
|faint|p1b: Venusaur
|
|-weather|SunnyDay|[upkeep]
|-sideend|p1: ronzthebonz|Reflect
|upkeep
|
|t:|1785204524
|switch|p2a: Tyranitar|Tyranitar, L50, M|12/100
|switch|p1b: Garchomp|Garchomp, L50, M|30/100
|-weather|Sandstorm|[from] ability: Sand Stream|[of] p2a: Tyranitar
|turn|9
|
|t:|1785204535
|move|p1b: Garchomp|Protect|p1b: Garchomp
|-singleturn|p1b: Garchomp|Protect
|move|p2a: Tyranitar|Protect|p2a: Tyranitar
|-singleturn|p2a: Tyranitar|Protect
|move|p1a: Charizard|Protect|p1a: Charizard
|-singleturn|p1a: Charizard|Protect
|move|p2b: Milotic|Icy Wind|p1b: Garchomp|[spread] 
|-activate|p1a: Charizard|move: Protect
|-activate|p1b: Garchomp|move: Protect
|
|-weather|Sandstorm|[upkeep]
|-damage|p2b: Milotic|27/100|[from] Sandstorm
|-damage|p1a: Charizard|57/100|[from] Sandstorm
|upkeep
|turn|10
|
|t:|1785204547
|move|p1b: Garchomp|Earthquake|p2b: Milotic|[spread] p2a,p2b
|-immune|p1a: Charizard
|-supereffective|p2a: Tyranitar|1
|-damage|p2a: Tyranitar|0 fnt
|-damage|p2b: Milotic|0 fnt
|faint|p2a: Tyranitar
|faint|p2b: Milotic
|
|win|ronzthebonz
|raw|ronzthebonz's rating: 1334 → 1347(+13 for winning)
|raw|paralyze u's rating: 1212 → 1195(-17 for losing)
|l|☆ronzthebonz
|player|p1|
