|j|☆BranTheMan64
|j|☆Truevillany123
|html|BranTheMan64Truevillany123    
|uhtml|bestof|Game 2 of a best-of-3
|t:|1757741144
|gametype|doubles
|player|p1|BranTheMan64|170|1000
|player|p2|Truevillany123|101|1091
|gen|9
|tier|[Gen 9] VGC 2025 Reg H (Bo3)
|rated|
|rule|Species Clause: Limit one of each Pokémon
|rule|Item Clause: Limit 1 of each item
|clearpoke
|poke|p1|Porygon2, L50|
|poke|p1|Incineroar, L50, M|
|poke|p1|Amoonguss, L50, F|
|poke|p1|Ursaluna, L50, M|
|poke|p1|Dragonite, L50, M|
|poke|p1|Gholdengo, L50|
|poke|p2|Dragonite, L50, M|
|poke|p2|Ursaluna-Bloodmoon, L50, M|
|poke|p2|Gholdengo, L50|
|poke|p2|Annihilape, L50, F|
|poke|p2|Ninetales-Alola, L50, F|
|poke|p2|Rillaboom, L50, M|
|teampreview|4
|showteam|p1|Porygon2||Eviolite|Download|TeraBlast,Recover,TrickRoom,IceBeam||||||50|,,,,,Fighting]Incineroar||AssaultVest|Intimidate|FakeOut,FlareBlitz,KnockOff,Uturn|||M|||50|,,,,,Bug]Amoonguss||CovertCloak|Regenerator|RagePowder,Spore,Protect,PollenPuff|||F|||50|,,,,,Fairy]Ursaluna||FlameOrb|Guts|Protect,Facade,Earthquake,HeadlongRush|||M|||50|,,,,,Ghost]Dragonite||LoadedDice|InnerFocus|ScaleShot,TeraBlast,Protect,ExtremeSpeed|||M|||50|,,,,,Fairy]Gholdengo||ChoiceScarf|GoodasGold|MakeItRain,ShadowBall,Thunderbolt,Trick||||||50|,,,,,Steel
|showteam|p2|Dragonite||LoadedDice|Multiscale|ScaleShot,Protect,Haze,Tailwind|||M|||50|,,,,,Fairy]Ursaluna-Bloodmoon||LifeOrb|MindsEye|BloodMoon,HyperVoice,EarthPower,Protect|||M|||50|,,,,,Normal]Gholdengo||GrassySeed|GoodasGold|MakeItRain,ShadowBall,Protect,NastyPlot||||||50|,,,,,Water]Annihilape||SafetyGoggles|Defiant|DrainPunch,RageFist,Protect,BulkUp|||F|||50|,,,,,Fire]Ninetales-Alola||FocusSash|SnowWarning|FreezeDry,AuroraVeil,Encore,IcicleSpear|||F|||50|,,,,,Ghost]Rillaboom||AssaultVest|GrassySurge|FakeOut,WoodHammer,HighHorsepower,Uturn|||M|||50|,,,,,Fire
|
|t:|1757741161
|teamsize|p1|4
|teamsize|p2|4
|start
|switch|p1a: Molly|Incineroar, L50, M, shiny|100/100
|switch|p1b: Amoonguss|Amoonguss, L50, F|100/100
|switch|p2a: Rillaboom|Rillaboom, L50, M|100/100
|switch|p2b: Gholdengo|Gholdengo, L50|100/100
|-fieldstart|move: Grassy Terrain|[from] ability: Grassy Surge|[of] p2a: Rillaboom
|-enditem|p2b: Gholdengo|Grassy Seed
|-boost|p2b: Gholdengo|def|1|[from] item: Grassy Seed
|-ability|p1a: Molly|Intimidate|boost
|-unboost|p2a: Rillaboom|atk|1
|-unboost|p2b: Gholdengo|atk|1
|turn|1
|
|t:|1757741205
|move|p2a: Rillaboom|Fake Out|p1a: Molly
|-damage|p1a: Molly|93/100
|cant|p1a: Molly|flinch
|move|p1b: Amoonguss|Rage Powder|p1b: Amoonguss
|-singleturn|p1b: Amoonguss|move: Rage Powder
|move|p2b: Gholdengo|Nasty Plot|p2b: Gholdengo
|-boost|p2b: Gholdengo|spa|2
|
|-heal|p1a: Molly|99/100|[from] Grassy Terrain
|upkeep
|turn|2
|inactive|Battle timer is ON: inactive players will automatically lose when time's up. (requested by Truevillany123)
|
|t:|1757741234
|switch|p1b: Dragonite|Dragonite, L50, M|100/100
|-terastallize|p2b: Gholdengo|Water
|move|p2b: Gholdengo|Nasty Plot|p2b: Gholdengo
|-boost|p2b: Gholdengo|spa|2
|move|p2a: Rillaboom|U-turn|p1a: Molly
|-damage|p1a: Molly|87/100
|
|t:|1757741246
|switch|p2a: Annihilape|Annihilape, L50, F|100/100|[from] U-turn
|move|p1a: Molly|Flare Blitz|p2a: Annihilape
|-damage|p2a: Annihilape|52/100
|-status|p2a: Annihilape|brn
|-damage|p1a: Molly|71/100|[from] Recoil
|
|-heal|p2a: Annihilape|59/100 brn|[from] Grassy Terrain
|-heal|p1a: Molly|77/100|[from] Grassy Terrain
|-damage|p2a: Annihilape|52/100 brn|[from] brn
|upkeep
|turn|3
|inactive|BranTheMan64 has 30 seconds left.
|
|t:|1757741280
|move|p2a: Annihilape|Rage Fist|p1b: Dragonite
|-damage|p1b: Dragonite|80/100
|move|p2b: Gholdengo|Make It Rain|p1a: Molly|[spread] p1a,p1b
|-resisted|p1a: Molly
|-crit|p1a: Molly
|-damage|p1a: Molly|9/100
|-damage|p1b: Dragonite|0 fnt
|-unboost|p2b: Gholdengo|spa|1
|faint|p1b: Dragonite
|move|p1a: Molly|U-turn|p2a: Annihilape
|-resisted|p2a: Annihilape
|-damage|p2a: Annihilape|48/100 brn
|
|t:|1757741292
|switch|p1a: Amoonguss|Amoonguss, L50, F|100/100|[from] U-turn
|
|-heal|p2a: Annihilape|54/100 brn|[from] Grassy Terrain
|-damage|p2a: Annihilape|48/100 brn|[from] brn
|upkeep
|
|t:|1757741299
|switch|p1b: SoMi|Porygon2, L50, shiny|100/100
|-ability|p1b: SoMi|Download|boost
|-boost|p1b: SoMi|spa|1
|turn|4
|inactive|BranTheMan64 has 30 seconds left.
|inactive|BranTheMan64 has 20 seconds left.
|
|t:|1757741336
|switch|p2a: Rillaboom|Rillaboom, L50, M|100/100
|move|p2b: Gholdengo|Nasty Plot|p2b: Gholdengo
|-boost|p2b: Gholdengo|spa|2
|move|p1a: Amoonguss|Spore|p2a: Rillaboom
|-immune|p2a: Rillaboom
|move|p1b: SoMi|Trick Room|p1b: SoMi
|-fieldstart|move: Trick Room|[of] p1b: SoMi
|
|upkeep
|turn|5
|inactive|BranTheMan64 has 30 seconds left.
|
|t:|1757741368
|move|p1a: Amoonguss|Pollen Puff|p1b: SoMi
|move|p1b: SoMi|Ice Beam|p2a: Rillaboom
|-supereffective|p2a: Rillaboom
|-crit|p2a: Rillaboom
|-damage|p2a: Rillaboom|3/100
|move|p2a: Rillaboom|Wood Hammer|p1b: SoMi
|-damage|p1b: SoMi|48/100
|-damage|p2a: Rillaboom|0 fnt|[from] Recoil
|faint|p2a: Rillaboom
|move|p2b: Gholdengo|Make It Rain|p1b: SoMi|[spread] p1a,p1b
|-damage|p1a: Amoonguss|0 fnt
|-damage|p1b: SoMi|0 fnt
|-unboost|p2b: Gholdengo|spa|1
|faint|p1a: Amoonguss
|faint|p1b: SoMi
|
|-fieldend|move: Grassy Terrain
|upkeep
|
|t:|1757741388
|switch|p1b: Molly|Incineroar, L50, M, shiny|9/100
|switch|p2a: Ursaluna|Ursaluna-Bloodmoon, L50, M|100/100
|-ability|p1b: Molly|Intimidate|boost
|-unboost|p2a: Ursaluna|atk|1
|-unboost|p2b: Gholdengo|atk|1
|turn|6
|c|☆Truevillany123|gg
|
|t:|1757741402
|move|p1b: Molly|Fake Out|p2b: Gholdengo
|-damage|p2b: Gholdengo|92/100
|move|p2a: Ursaluna|Hyper Voice|p1b: Molly
|-damage|p1b: Molly|0 fnt
|faint|p1b: Molly
|-damage|p2a: Ursaluna|91/100|[from] item: Life Orb
|
|win|Truevillany123
|raw|BranTheMan64's rating: 1000 → 1000(+0 for losing)
|raw|Truevillany123's rating: 1091 → 1111(+20 for winning)
