|j|‽SomeKidJon
|j|☆Mashuno
|html|SomeKidJonMashuno    
|uhtml|bestof|Game 1 of a best-of-3
|t:|1784418330
|gametype|doubles
|player|p1|SomeKidJon|scientistf|1277
|player|p2|Mashuno|harlequin|1181
|gen|9
|tier|[Gen 9 Champions] VGC 2026 Reg M-B (Bo3)
|rated|
|rule|Species Clause: Limit one of each Pokémon
|rule|Item Clause: Limit 1 of each item
|clearpoke
|poke|p1|Tyranitar, L50, M|
|poke|p1|Excadrill, L50, M|
|poke|p1|Corviknight, L50, M|
|poke|p1|Basculegion, L50, M|
|poke|p1|Tsareena, L50, F|
|poke|p1|Lopunny, L50, F|
|poke|p2|Blastoise, L50, F|
|poke|p2|Tsareena, L50, F|
|poke|p2|Maushold, L50|
|poke|p2|Garchomp, L50, M|
|poke|p2|Kingambit, L50, F|
|poke|p2|Talonflame, L50, M|
|teampreview|4
|showteam|p1|Tyranitar||Tyranitarite|SandStream|Protect,DragonDance,KnockOff,RockSlide|Adamant||M|||50|]Excadrill||FocusSash|SandRush|IronHead,Protect,HighHorsepower,RockSlide|Adamant||M|||50|]Corviknight||Leftovers|MirrorArmor|BulkUp,Roost,BraveBird,BodyPress|Careful||M|||50|]Basculegion||ChoiceScarf|Adaptability|AquaJet,LastRespects,WaveCrash,FlipTurn|Adamant||M|||50|]Tsareena||WideLens|QueenlyMajesty|Protect,TripleAxel,PowerWhip,LowKick|Adamant||F|||50|]Lopunny||Lopunnite|Limber|CloseCombat,FakeOut,AfterYou,TripleAxel|Jolly||F|||50|
|showteam|p2|Blastoise||Blastoisinite|Torrent|Protect,ShellSmash,WaterSpout,DarkPulse|Modest||F|||50|]Tsareena||WideLens|QueenlyMajesty|Protect,PowerWhip,TripleAxel,KnockOff|Jolly||F|||50|]Maushold||SitrusBerry|FriendGuard|Protect,FollowMe,SuperFang,ThunderWave|Jolly|||||50|]Garchomp||LifeOrb|RoughSkin|Protect,DragonClaw,Earthquake,RockSlide|Jolly||M|||50|]Kingambit||ChopleBerry|Defiant|Protect,KowtowCleave,SuckerPunch,IronHead|Adamant||F|||50|]Talonflame||FocusSash|GaleWings|Protect,DualWingbeat,Tailwind,RainDance|Jolly||M|||50|
|c|☆Mashuno|gl hf <3
|n|‽SomeKidJon|somekidjon
|
|t:|1784418411
|teamsize|p1|4
|teamsize|p2|4
|start
|switch|p1a: Lopunny|Lopunny, L50, F|100/100
|switch|p1b: Basculegion|Basculegion, L50, M|100/100
|switch|p2a: Garchomp|Garchomp, L50, M|100/100
|switch|p2b: Talonflame|Talonflame, L50, M|100/100
|turn|1
|
|t:|1784418431
|move|p2b: Talonflame|Protect|p2b: Talonflame
|-singleturn|p2b: Talonflame|Protect
|move|p2a: Garchomp|Protect|p2a: Garchomp
|-singleturn|p2a: Garchomp|Protect
|move|p1b: Basculegion|Flip Turn|p2b: Talonflame
|-activate|p2b: Talonflame|move: Protect
|move|p1a: Lopunny|Triple Axel|p2a: Garchomp
|-activate|p2a: Garchomp|move: Protect
|
|upkeep
|turn|2
|
|t:|1784418461
|switch|p2a: Blastoise|Blastoise, L50, F|100/100
|detailschange|p1a: Lopunny|Lopunny-Mega, L50, F
|-mega|p1a: Lopunny|Lopunny|Lopunnite
|move|p2b: Talonflame|Tailwind|p2b: Talonflame
|-sidestart|p2: Mashuno|move: Tailwind
|move|p1a: Lopunny|Triple Axel|p2a: Blastoise
|-resisted|p2a: Blastoise|1
|-damage|p2a: Blastoise|96/100
|-resisted|p2a: Blastoise|1
|-damage|p2a: Blastoise|89/100
|-resisted|p2a: Blastoise|1
|-damage|p2a: Blastoise|79/100
|-hitcount|p2a: Blastoise|3
|move|p1b: Basculegion|Flip Turn|p2b: Talonflame
|-supereffective|p2b: Talonflame|1
|-enditem|p2b: Talonflame|Focus Sash
|-damage|p2b: Talonflame|1/100
|
|t:|1784418474
|switch|p1b: Corviknight|Corviknight, L50, M|100/100|[from] Flip Turn
|
|upkeep
|turn|3
|
|t:|1784418482
|detailschange|p2a: Blastoise|Blastoise-Mega, L50, F
|-mega|p2a: Blastoise|Blastoise|Blastoisinite
|move|p2b: Talonflame|Rain Dance|p2b: Talonflame
|-weather|RainDance
|move|p2a: Blastoise|Water Spout|p1b: Corviknight|[spread] p1a,p1b
|-damage|p1a: Lopunny|0 fnt
|-damage|p1b: Corviknight|41/100
|faint|p1a: Lopunny
|move|p1b: Corviknight|Brave Bird|p2a: Blastoise
|-damage|p2a: Blastoise|48/100
|-damage|p1b: Corviknight|32/100|[from] Recoil
|
|-weather|RainDance|[upkeep]
|-heal|p1b: Corviknight|38/100|[from] item: Leftovers
|upkeep
|
|t:|1784418489
|switch|p1a: Basculegion|Basculegion, L50, M|100/100
|turn|4
|
|t:|1784418535
|switch|p2b: Garchomp|Garchomp, L50, M|100/100
|move|p2a: Blastoise|Dark Pulse|p1a: Basculegion
|-supereffective|p1a: Basculegion|1
|-damage|p1a: Basculegion|0 fnt
|faint|p1a: Basculegion
|move|p1b: Corviknight|Roost|p1b: Corviknight
|-heal|p1b: Corviknight|88/100
|-singleturn|p1b: Corviknight|move: Roost
|
|-weather|RainDance|[upkeep]
|-heal|p1b: Corviknight|94/100|[from] item: Leftovers
|upkeep
|
|t:|1784418540
|switch|p1a: Excadrill|Excadrill, L50, M|100/100
|turn|5
|
|t:|1784418574
|move|p1a: Excadrill|Protect|p1a: Excadrill
|-singleturn|p1a: Excadrill|Protect
|move|p2b: Garchomp|Dragon Claw|p1b: Corviknight
|-resisted|p1b: Corviknight|1
|-damage|p1b: Corviknight|75/100
|-damage|p2b: Garchomp|90/100|[from] item: Life Orb
|move|p2a: Blastoise|Water Spout|p1a: Excadrill|[spread] p1b
|-activate|p1a: Excadrill|move: Protect
|-damage|p1b: Corviknight|37/100
|move|p1b: Corviknight|Bulk Up|p1b: Corviknight
|-boost|p1b: Corviknight|atk|1
|-boost|p1b: Corviknight|def|1
|
|-weather|RainDance|[upkeep]
|-heal|p1b: Corviknight|43/100|[from] item: Leftovers
|-sideend|p2: Mashuno|move: Tailwind
|upkeep
|turn|6
|
|t:|1784418628
|move|p2a: Blastoise|Protect|p2a: Blastoise
|-singleturn|p2a: Blastoise|Protect
|move|p2b: Garchomp|Earthquake|p1b: Corviknight|[spread] p1a
|-activate|p2a: Blastoise|move: Protect
|-immune|p1b: Corviknight
|-supereffective|p1a: Excadrill|1
|-enditem|p1a: Excadrill|Focus Sash
|-damage|p1a: Excadrill|1/100
|-damage|p2b: Garchomp|80/100|[from] item: Life Orb
|move|p1a: Excadrill|High Horsepower|p2a: Blastoise
|-activate|p2a: Blastoise|move: Protect
|move|p1b: Corviknight|Roost|p1b: Corviknight
|-heal|p1b: Corviknight|93/100
|-singleturn|p1b: Corviknight|move: Roost
|
|-weather|RainDance|[upkeep]
|-heal|p1b: Corviknight|99/100|[from] item: Leftovers
|upkeep
|turn|7
|
|t:|1784418649
|switch|p2a: Talonflame|Talonflame, L50, M|1/100
|move|p1a: Excadrill|Protect|p1a: Excadrill
|-singleturn|p1a: Excadrill|Protect
|move|p2b: Garchomp|Earthquake|p1b: Corviknight|[spread] 
|-activate|p1a: Excadrill|move: Protect
|-immune|p2a: Talonflame
|-immune|p1b: Corviknight
|move|p1b: Corviknight|Bulk Up|p1b: Corviknight
|-boost|p1b: Corviknight|atk|1
|-boost|p1b: Corviknight|def|1
|
|-weather|none
|-heal|p1b: Corviknight|100/100|[from] item: Leftovers
|upkeep
|turn|8
|
|t:|1784418678
|move|p2a: Talonflame|Rain Dance|p2a: Talonflame
|-weather|RainDance
|move|p2b: Garchomp|Earthquake|p1a: Excadrill|[spread] p1a
|-immune|p2a: Talonflame
|-immune|p1b: Corviknight
|-supereffective|p1a: Excadrill|1
|-damage|p1a: Excadrill|0 fnt
|faint|p1a: Excadrill
|-damage|p2b: Garchomp|71/100|[from] item: Life Orb
|move|p1b: Corviknight|Body Press|p2b: Garchomp
|-damage|p2b: Garchomp|27/100
|-damage|p1b: Corviknight|87/100|[from] ability: Rough Skin|[of] p2b: Garchomp
|
|-weather|RainDance|[upkeep]
|-heal|p1b: Corviknight|93/100|[from] item: Leftovers
|upkeep
|turn|9
|
|t:|1784418699
|switch|p2a: Blastoise|Blastoise-Mega, L50, F|48/100
|move|p2b: Garchomp|Rock Slide|p1b: Corviknight
|-damage|p1b: Corviknight|79/100
|-damage|p2b: Garchomp|17/100|[from] item: Life Orb
|move|p1b: Corviknight|Bulk Up|p1b: Corviknight
|-boost|p1b: Corviknight|atk|1
|-boost|p1b: Corviknight|def|1
|
|-weather|RainDance|[upkeep]
|-heal|p1b: Corviknight|85/100|[from] item: Leftovers
|upkeep
|turn|10
|
|t:|1784418715
|move|p2b: Garchomp|Rock Slide|p1b: Corviknight
|-damage|p1b: Corviknight|74/100
|-damage|p2b: Garchomp|8/100|[from] item: Life Orb
|move|p2a: Blastoise|Water Spout|p1b: Corviknight
|-damage|p1b: Corviknight|22/100
|move|p1b: Corviknight|Body Press|p2a: Blastoise
|-damage|p2a: Blastoise|2/100
|
|-weather|RainDance|[upkeep]
|-heal|p1b: Corviknight|28/100|[from] item: Leftovers
|upkeep
|turn|11
|
|t:|1784418734
|move|p2b: Garchomp|Rock Slide|p1b: Corviknight
|-damage|p1b: Corviknight|18/100
|-damage|p2b: Garchomp|0 fnt|[from] item: Life Orb
|faint|p2b: Garchomp
|move|p2a: Blastoise|Dark Pulse|p1b: Corviknight
|-damage|p1b: Corviknight|0 fnt
|faint|p1b: Corviknight
|
|win|Mashuno
||SomeKidJon is ready for game 2.
|inactive|Mashuno has 30 seconds to confirm battle start!
||Mashuno is ready for game 2.
|uhtml|next|Next: Game 2 of 3
|n|‽SomeKidJon|somekidjon
|l|‽SomeKidJon
|player|p1|
