|j|☆jeanryupr
|j|☆priyalmmmz
|html|jeanryuprpriyalmmmz    
|uhtml|bestof|Game 1 of a best-of-3
|t:|1785760051
|gametype|doubles
|player|p1|jeanryupr|170|1176
|player|p2|priyalmmmz|266|1088
|gen|9
|tier|[Gen 9 Champions] VGC 2026 Reg M-B (Bo3)
|rated|
|rule|Species Clause: Limit one of each Pokémon
|rule|Item Clause: Limit 1 of each item
|clearpoke
|poke|p1|Raichu, L50, M|
|poke|p1|Aerodactyl, L50, M|
|poke|p1|Sylveon, L50, F|
|poke|p1|Basculegion, L50, M|
|poke|p1|Farigiraf, L50, M|
|poke|p1|Garchomp, L50, M|
|poke|p2|Tyranitar, L50, M|
|poke|p2|Excadrill, L50, F|
|poke|p2|Milotic, L50, F|
|poke|p2|Whimsicott, L50, M|
|poke|p2|Staraptor, L50, M|
|poke|p2|Gholdengo, L50|
|teampreview|4
|showteam|p1|Raichu||RaichuniteY|LightningRod|ZapCannon,FocusBlast,FakeOut,Protect|Timid||M|||50|]Aerodactyl||Aerodactylite|Unnerve|WideGuard,IceFang,RockSlide,Tailwind|Jolly||M|||50|]Sylveon||FairyFeather|Pixilate|Detect,QuickAttack,HyperBeam,HyperVoice|Modest||F|||50|]Basculegion||MysticWater|Adaptability|WaveCrash,LastRespects,AquaJet,Protect|Adamant||M|||50|]Farigiraf||SitrusBerry|ArmorTail|TrickRoom,HelpingHand,Thunderbolt,Psychic|Bold||M|||50|]Garchomp|||RoughSkin|Protect,DragonClaw,StompingTantrum,Earthquake|Jolly||M|||50|
|showteam|p2|Tyranitar||Tyranitarite|SandStream|KnockOff,RockSlide,FirePunch,Protect|Adamant||M|||50|]Excadrill||FocusSash|SandRush|Earthquake,IronHead,RockSlide,Protect|Jolly||F|||50|]Milotic||Leftovers|Competitive|Scald,IceBeam,Haze,LifeDew|Modest||F|||50|]Whimsicott||CobaBerry|Prankster|Tailwind,Moonblast,Charm,Memento|Bold||M|||50|]Staraptor||Staraptite|Intimidate|CloseCombat,BraveBird,Roost,Protect|Jolly||M|||50|]Gholdengo||LifeOrb|GoodasGold|MakeItRain,ShadowBall,NastyPlot,Protect|Timid|||||50|
|inactive|Battle timer is ON: inactive players will automatically lose when time's up. (requested by priyalmmmz)
|
|t:|1785760107
|teamsize|p1|4
|teamsize|p2|4
|start
|switch|p1a: Raichu|Raichu, L50, M|100/100
|switch|p1b: Sylveon|Sylveon, L50, F|100/100
|switch|p2a: Whimsicott|Whimsicott, L50, M|100/100
|switch|p2b: Gholdengo|Gholdengo, L50|100/100
|turn|1
|
|t:|1785760127
|detailschange|p1a: Raichu|Raichu-Mega-Y, L50, M
|-mega|p1a: Raichu|Raichu|Raichunite Y
|move|p1b: Sylveon|Detect|p1b: Sylveon
|-singleturn|p1b: Sylveon|Protect
|move|p2a: Whimsicott|Tailwind|p2a: Whimsicott
|-sidestart|p2: priyalmmmz|move: Tailwind
|move|p2b: Gholdengo|Shadow Ball|p1a: Raichu
|-damage|p1a: Raichu|25/100
|-damage|p2b: Gholdengo|90/100|[from] item: Life Orb
|move|p1a: Raichu|Zap Cannon|p2b: Gholdengo
|-damage|p2b: Gholdengo|18/100
|-status|p2b: Gholdengo|par
|
|upkeep
|turn|2
|
|t:|1785760145
|switch|p1a: Basculegion|Basculegion, L50, M|100/100
|move|p2a: Whimsicott|Moonblast|p1a: Basculegion
|-damage|p1a: Basculegion|67/100
|move|p2b: Gholdengo|Make It Rain|p1b: Sylveon|[spread] p1b
|-miss|p2b: Gholdengo|p1a: Basculegion
|-supereffective|p1b: Sylveon|1
|-damage|p1b: Sylveon|6/100
|-unboost|p2b: Gholdengo|spa|2
|-damage|p2b: Gholdengo|9/100 par|[from] item: Life Orb
|move|p1b: Sylveon|Hyper Voice|p2a: Whimsicott|[spread] p2a,p2b
|-resisted|p2b: Gholdengo|1
|-damage|p2a: Whimsicott|35/100
|-damage|p2b: Gholdengo|0 fnt
|faint|p2b: Gholdengo
|
|upkeep
|
|t:|1785760164
|switch|p2b: Tyranitar|Tyranitar, L50, M|100/100
|-weather|Sandstorm|[from] ability: Sand Stream|[of] p2b: Tyranitar
|turn|3
|
|t:|1785760174
|switch|p1a: Garchomp|Garchomp, L50, M|100/100
|move|p2b: Tyranitar|Protect|p2b: Tyranitar
|-singleturn|p2b: Tyranitar|Protect
|move|p2a: Whimsicott|Charm|p1a: Garchomp
|-unboost|p1a: Garchomp|atk|2
|move|p1b: Sylveon|Hyper Voice|p2b: Tyranitar|[spread] p2a
|-activate|p2b: Tyranitar|move: Protect
|-damage|p2a: Whimsicott|0 fnt
|faint|p2a: Whimsicott
|
|-weather|Sandstorm|[upkeep]
|-damage|p1b: Sylveon|1/100|[from] Sandstorm
|upkeep
|
|t:|1785760187
|switch|p2a: Excadrill|Excadrill, L50, F|100/100
|turn|4
|
|t:|1785760203
|switch|p1a: Basculegion|Basculegion, L50, M|67/100
|detailschange|p2b: Tyranitar|Tyranitar-Mega, L50, M
|-mega|p2b: Tyranitar|Tyranitar|Tyranitarite
|move|p1b: Sylveon|Quick Attack|p2a: Excadrill
|-resisted|p2a: Excadrill|1
|-damage|p2a: Excadrill|90/100
|move|p2a: Excadrill|Rock Slide|p1a: Basculegion|[spread] p1a,p1b
|-damage|p1a: Basculegion|45/100
|-damage|p1b: Sylveon|0 fnt
|faint|p1b: Sylveon
|move|p2b: Tyranitar|Knock Off|p1a: Basculegion
|-supereffective|p1a: Basculegion|1
|-damage|p1a: Basculegion|0 fnt
|-enditem|p1a: Basculegion|Mystic Water|[from] move: Knock Off|[of] p2b: Tyranitar
|faint|p1a: Basculegion
|
|-weather|Sandstorm|[upkeep]
|-sideend|p2: priyalmmmz|move: Tailwind
|upkeep
|
|t:|1785760213
|switch|p1a: Raichu|Raichu-Mega-Y, L50, M|25/100
|switch|p1b: Garchomp|Garchomp, L50, M|100/100
|turn|5
|
|t:|1785760234
|move|p2b: Tyranitar|Protect|p2b: Tyranitar
|-singleturn|p2b: Tyranitar|Protect
|move|p1a: Raichu|Fake Out|p2a: Excadrill
|-resisted|p2a: Excadrill|1
|-damage|p2a: Excadrill|84/100
|cant|p2a: Excadrill|flinch
|move|p1b: Garchomp|Stomping Tantrum|p2b: Tyranitar
|-activate|p2b: Tyranitar|move: Protect
|
|-weather|Sandstorm|[upkeep]
|-damage|p1a: Raichu|19/100|[from] Sandstorm
|upkeep
|turn|6
|
|t:|1785760254
|move|p1a: Raichu|Protect|p1a: Raichu
|-singleturn|p1a: Raichu|Protect
|move|p2a: Excadrill|Earthquake|p1b: Garchomp|[spread] p2b,p1b
|-activate|p1a: Raichu|move: Protect
|-supereffective|p2b: Tyranitar|1
|-damage|p2b: Tyranitar|48/100
|-damage|p1b: Garchomp|60/100
|move|p1b: Garchomp|Earthquake|p2b: Tyranitar|[spread] p2a,p2b
|-activate|p1a: Raichu|move: Protect
|-supereffective|p2a: Excadrill|1
|-supereffective|p2b: Tyranitar|1
|-crit|p2b: Tyranitar
|-damage|p2a: Excadrill|0 fnt
|-damage|p2b: Tyranitar|0 fnt
|faint|p2a: Excadrill
|faint|p2b: Tyranitar
|
|win|jeanryupr
