|j|☆Unskilled99
|j|☆qaiseasy
|html|Unskilled99qaiseasy    
|uhtml|bestof|Game 2 of a best-of-3
|t:|1785663675
|gametype|doubles
|player|p1|Unskilled99|unknown|
|player|p2|qaiseasy|lucas|
|gen|9
|tier|[Gen 9 Champions] VGC 2026 Reg M-B (Bo3)
|rule|Species Clause: Limit one of each Pokémon
|rule|Item Clause: Limit 1 of each item
|clearpoke
|poke|p1|Charizard, L50, M|
|poke|p1|Garchomp, L50, M|
|poke|p1|Sylveon, L50, F|
|poke|p1|Farigiraf, L50, F|
|poke|p1|Incineroar, L50, M|
|poke|p1|Aerodactyl, L50, M|
|poke|p2|Gengar, L50, F, shiny|
|poke|p2|Sinistcha-Masterpiece, L50, shiny|
|poke|p2|Rotom-Wash, L50|
|poke|p2|Kommo-o, L50, F, shiny|
|poke|p2|Sneasler, L50, F, shiny|
|poke|p2|Gholdengo, L50|
|teampreview|4
|showteam|p1|Charizard||CharizarditeY|Blaze|HeatWave,WeatherBall,SolarBeam,Protect|Modest||M|||50|]Garchomp||LifeOrb|RoughSkin|Earthquake,StompingTantrum,DragonClaw,Protect|Adamant||M|||50|]Sylveon||FairyFeather|Pixilate|HyperVoice,Yawn,QuickAttack,Detect|Modest||F|||50|]Farigiraf||SitrusBerry|ArmorTail|TrickRoom,Psyshock,HelpingHand,Protect|Calm||F|||50|]Incineroar||ExpertBelt|Intimidate|FakeOut,PartingShot,FlareBlitz,DarkestLariat|Brave||M|||50|]Aerodactyl||Aerodactylite|Unnerve|RockSlide,Tailwind,WideGuard,DualWingbeat|Jolly||M|||50|
|showteam|p2|Gengar||Gengarite|CursedBody|PerishSong,ShadowBall,Protect,Disable|Timid||F|||50|]Sinistcha-Masterpiece||KasibBerry|Hospitality|Protect,RagePowder,MatchaGotcha,LifeDew|Bold|||||50|]Rotom-Wash||LifeOrb|Levitate|HydroPump,Thunderbolt,VoltSwitch,Protect|Timid|||||50|]Kommo-o||Leftovers|Soundproof|Protect,ClangingScales,AuraSphere,ClangorousSoul|Modest||F|||50|]Sneasler||FocusSash|Unburden|FakeOut,CloseCombat,DireClaw,Protect|Jolly||F|||50|]Gholdengo||SitrusBerry|GoodasGold|NastyPlot,MakeItRain,ShadowBall,Protect|Calm|||||50|
|
|t:|1785663707
|teamsize|p1|4
|teamsize|p2|4
|start
|switch|p1a: Charizard|Charizard, L50, M|100/100
|switch|p1b: Incineroar|Incineroar, L50, M|100/100
|switch|p2a: Sinistcha|Sinistcha-Masterpiece, L50, shiny|100/100
|switch|p2b: Kommo-o|Kommo-o, L50, F, shiny|100/100
|-ability|p1b: Incineroar|Intimidate|boost
|-unboost|p2a: Sinistcha|atk|1
|-unboost|p2b: Kommo-o|atk|1
|turn|1
|
|t:|1785663755
|switch|p1b: Farigiraf|Farigiraf, L50, F|100/100
|detailschange|p1a: Charizard|Charizard-Mega-Y, L50, M
|-mega|p1a: Charizard|Charizard|Charizardite Y
|-weather|SunnyDay|[from] ability: Drought|[of] p1a: Charizard
|move|p2b: Kommo-o|Protect|p2b: Kommo-o
|-singleturn|p2b: Kommo-o|Protect
|move|p2a: Sinistcha|Protect|p2a: Sinistcha
|-singleturn|p2a: Sinistcha|Protect
|move|p1a: Charizard|Heat Wave|p2a: Sinistcha|[spread] 
|-activate|p2a: Sinistcha|move: Protect
|-activate|p2b: Kommo-o|move: Protect
|
|-weather|SunnyDay|[upkeep]
|upkeep
|turn|2
|
|t:|1785663769
|switch|p2a: Rotom|Rotom-Wash, L50|100/100
|move|p2b: Kommo-o|Clangorous Soul|p2b: Kommo-o
|-boost|p2b: Kommo-o|atk|1
|-boost|p2b: Kommo-o|def|1
|-boost|p2b: Kommo-o|spa|1
|-boost|p2b: Kommo-o|spd|1
|-boost|p2b: Kommo-o|spe|1
|-damage|p2b: Kommo-o|67/100
|move|p1a: Charizard|Heat Wave|p2a: Rotom|[spread] p2a,p2b
|-resisted|p2a: Rotom|1
|-resisted|p2b: Kommo-o|1
|-damage|p2a: Rotom|61/100
|-damage|p2b: Kommo-o|43/100
|move|p1b: Farigiraf|Trick Room|p1b: Farigiraf
|-fieldstart|move: Trick Room|[of] p1b: Farigiraf
|
|-weather|SunnyDay|[upkeep]
|-heal|p2b: Kommo-o|49/100|[from] item: Leftovers
|upkeep
|turn|3
|
|t:|1785663804
|switch|p2a: Sinistcha|Sinistcha-Masterpiece, L50, shiny|100/100
|-heal|p2b: Kommo-o|73/100|[from] ability: Hospitality|[of] p2a: Sinistcha
|move|p2b: Kommo-o|Protect|p2b: Kommo-o
|-singleturn|p2b: Kommo-o|Protect
|move|p1b: Farigiraf|Psyshock|p2b: Kommo-o
|-activate|p2b: Kommo-o|move: Protect
|move|p1a: Charizard|Heat Wave|p2a: Sinistcha|[spread] p2a
|-activate|p2b: Kommo-o|move: Protect
|-supereffective|p2a: Sinistcha|1
|-damage|p2a: Sinistcha|0 fnt
|faint|p2a: Sinistcha
|
|-weather|SunnyDay|[upkeep]
|-heal|p2b: Kommo-o|79/100|[from] item: Leftovers
|upkeep
|
|t:|1785663823
|switch|p2a: Rotom|Rotom-Wash, L50|61/100
|turn|4
|
|t:|1785663839
|move|p1b: Farigiraf|Psyshock|p2b: Kommo-o
|-supereffective|p2b: Kommo-o|1
|-damage|p2b: Kommo-o|39/100
|move|p1a: Charizard|Heat Wave|p2b: Kommo-o|[spread] p2a,p2b
|-resisted|p2a: Rotom|1
|-resisted|p2b: Kommo-o|1
|-damage|p2a: Rotom|22/100
|-damage|p2b: Kommo-o|18/100
|move|p2a: Rotom|Thunderbolt|p1a: Charizard
|-supereffective|p1a: Charizard|1
|-damage|p1a: Charizard|13/100
|-damage|p2a: Rotom|13/100|[from] item: Life Orb
|move|p2b: Kommo-o|Clanging Scales|p1a: Charizard|[spread] p1a,p1b
|-damage|p1a: Charizard|0 fnt
|-damage|p1b: Farigiraf|54/100
|faint|p1a: Charizard
|-unboost|p2b: Kommo-o|def|1
|
|-weather|SunnyDay|[upkeep]
|-heal|p2b: Kommo-o|23/100|[from] item: Leftovers
|upkeep
|
|t:|1785663862
|switch|p1a: Garchomp|Garchomp, L50, M|100/100
|turn|5
|
|t:|1785663902
|move|p2b: Kommo-o|Protect|p2b: Kommo-o
|-singleturn|p2b: Kommo-o|Protect
|move|p1b: Farigiraf|Psyshock|p2a: Rotom
|-damage|p2a: Rotom|0 fnt
|faint|p2a: Rotom
|move|p1a: Garchomp|Dragon Claw|p2b: Kommo-o
|-activate|p2b: Kommo-o|move: Protect
|
|-weather|none
|-heal|p2b: Kommo-o|29/100|[from] item: Leftovers
|upkeep
|
|t:|1785663910
|switch|p2a: Gengar|Gengar, L50, F, shiny|100/100
|turn|6
|
|t:|1785663928
|detailschange|p2a: Gengar|Gengar-Mega, L50, F, shiny
|-mega|p2a: Gengar|Gengar|Gengarite
|move|p1b: Farigiraf|Psyshock|p2a: Gengar
|-supereffective|p2a: Gengar|1
|-damage|p2a: Gengar|24/100
|move|p1a: Garchomp|Dragon Claw|p2b: Kommo-o
|-supereffective|p2b: Kommo-o|1
|-damage|p2b: Kommo-o|0 fnt
|faint|p2b: Kommo-o
|-damage|p1a: Garchomp|90/100|[from] item: Life Orb
|move|p2a: Gengar|Disable|p1a: Garchomp
|-start|p1a: Garchomp|Disable|Dragon Claw
|
|-fieldend|move: Trick Room
|upkeep
|turn|7
|-message|qaiseasy forfeited.
|
|win|Unskilled99
|l|☆qaiseasy
|player|p2|
|c|☆Unskilled99|gg
