|j|☆Napo777
|j|☆dingo brad
|html|Napo777dingo brad    
|uhtml|bestof|Game 1 of a best-of-3
|t:|1785854717
|gametype|doubles
|player|p1|Napo777|nurse|
|player|p2|dingo brad|veteran|
|gen|9
|tier|[Gen 9 Champions] VGC 2026 Reg M-B (Bo3)
|rule|Species Clause: Limit one of each Pokémon
|rule|Item Clause: Limit 1 of each item
|clearpoke
|poke|p1|Raichu, L50, M|
|poke|p1|Primarina, L50, M|
|poke|p1|Gholdengo, L50|
|poke|p1|Meowscarada, L50, M|
|poke|p1|Staraptor, L50, F|
|poke|p1|Whimsicott, L50, M|
|poke|p2|Incineroar, L50, M|
|poke|p2|Kingambit, L50, M|
|poke|p2|Sinistcha, L50|
|poke|p2|Sneasler, L50, M|
|poke|p2|Blastoise, L50, M|
|poke|p2|Delphox, L50, F|
|teampreview|4
|showteam|p1|Raichu||RaichuniteY|LightningRod|FakeOut,ZapCannon,FocusBlast,Protect|Timid||M|||50|]Primarina||SitrusBerry|LiquidVoice|HyperVoice,CalmMind,DazzlingGleam,Protect|Modest||M|||50|]Gholdengo||FocusSash|GoodasGold|ShadowBall,PowerGem,MakeItRain,NastyPlot|Timid|||||50|]Meowscarada||LifeOrb|Overgrow|FlowerTrick,LowKick,SuckerPunch,Protect|Adamant||M|||50|]Staraptor||Staraptite|Intimidate|BraveBird,CloseCombat,Roost,Protect|Jolly||F|||50|]Whimsicott||OccaBerry|Prankster|Encore,Charm,Tailwind,Moonblast|Timid||M|||50|
|showteam|p2|Incineroar||SitrusBerry|Intimidate|FlareBlitz,ThroatChop,FakeOut,PartingShot|Impish||M|||50|]Kingambit||LifeOrb|Defiant|Protect,KowtowCleave,SwordsDance,SuckerPunch|Adamant||M|||50|]Sinistcha||OccaBerry|Hospitality|Protect,MatchaGotcha,RagePowder,TrickRoom|Bold|||||50|]Sneasler||FocusSash|PoisonTouch|PoisonJab,CloseCombat,FakeOut,QuickGuard|Jolly||M|||50|]Blastoise||Blastoisinite|RainDish|Protect,Waterfall,DarkPulse,ShellSmash|Modest||M|||50|]Delphox||Delphoxite|Blaze|Protect,HeatWave,Psychic,NastyPlot|Timid||F|||50|
|j| oh666
|j| slaking-champions
|
|t:|1785854837
|teamsize|p1|4
|teamsize|p2|4
|start
|switch|p1a: Raichu|Raichu, L50, M|100/100
|switch|p1b: Primarina|Primarina, L50, M|100/100
|switch|p2a: Incineroar|Incineroar, L50, M|100/100
|switch|p2b: Kingambit|Kingambit, L50, M|100/100
|-ability|p2a: Incineroar|Intimidate|boost
|-unboost|p1a: Raichu|atk|1
|-unboost|p1b: Primarina|atk|1
|turn|1
|
|t:|1785854863
|switch|p2b: Sinistcha|Sinistcha, L50|100/100
|detailschange|p1a: Raichu|Raichu-Mega-Y, L50, M
|-mega|p1a: Raichu|Raichu|Raichunite Y
|move|p1a: Raichu|Fake Out|p2a: Incineroar
|-damage|p2a: Incineroar|94/100
|cant|p2a: Incineroar|flinch
|move|p1b: Primarina|Calm Mind|p1b: Primarina
|-boost|p1b: Primarina|spa|1
|-boost|p1b: Primarina|spd|1
|
|upkeep
|turn|2
|
|t:|1785854889
|move|p1a: Raichu|Zap Cannon|p2a: Incineroar
|-damage|p2a: Incineroar|41/100
|-status|p2a: Incineroar|par
|-enditem|p2a: Incineroar|Sitrus Berry|[eat]
|-heal|p2a: Incineroar|65/100 par|[from] item: Sitrus Berry
|move|p1b: Primarina|Dazzling Gleam|p2a: Incineroar|[spread] p2a,p2b
|-damage|p2a: Incineroar|24/100 par
|-damage|p2b: Sinistcha|57/100
|move|p2a: Incineroar|Parting Shot|p1b: Primarina
|-unboost|p1b: Primarina|atk|1
|-unboost|p1b: Primarina|spa|1
|
|t:|1785854899
|switch|p2a: Kingambit|Kingambit, L50, M|100/100|[from] Parting Shot
|move|p2b: Sinistcha|Trick Room|p2b: Sinistcha
|-fieldstart|move: Trick Room|[of] p2b: Sinistcha
|
|upkeep
|turn|3
|j| otenkoz
|
|t:|1785854922
|move|p2a: Kingambit|Kowtow Cleave|p1a: Raichu
|-damage|p1a: Raichu|1/100
|-damage|p2a: Kingambit|90/100|[from] item: Life Orb
|move|p2b: Sinistcha|Matcha Gotcha|p1a: Raichu|[spread] p1a,p1b
|-supereffective|p1b: Primarina|1
|-damage|p1a: Raichu|0 fnt
|-heal|p2b: Sinistcha|57/100|[from] drain|[of] p1a: Raichu
|-damage|p1b: Primarina|69/100
|-heal|p2b: Sinistcha|71/100|[from] drain|[of] p1b: Primarina
|-status|p1b: Primarina|brn
|faint|p1a: Raichu
|move|p1b: Primarina|Dazzling Gleam|p2b: Sinistcha|[spread] p2a,p2b
|-damage|p2a: Kingambit|68/100
|-damage|p2b: Sinistcha|42/100
|
|-damage|p1b: Primarina|63/100 brn|[from] brn
|upkeep
|
|t:|1785854939
|switch|p1a: Meowscarada|Meowscarada, L50, M|100/100
|turn|4
|
|t:|1785854965
|switch|p2a: Incineroar|Incineroar, L50, M|24/100 par
|-ability|p2a: Incineroar|Intimidate|boost
|-unboost|p1a: Meowscarada|atk|1
|-unboost|p1b: Primarina|atk|1
|move|p2b: Sinistcha|Matcha Gotcha|p1a: Meowscarada|[spread] p1a,p1b
|-resisted|p1a: Meowscarada|1
|-supereffective|p1b: Primarina|1
|-damage|p1a: Meowscarada|79/100
|-heal|p2b: Sinistcha|51/100|[from] drain|[of] p1a: Meowscarada
|-damage|p1b: Primarina|34/100 brn
|-heal|p2b: Sinistcha|65/100|[from] drain|[of] p1b: Primarina
|-enditem|p1b: Primarina|Sitrus Berry|[eat]
|-heal|p1b: Primarina|59/100 brn|[from] item: Sitrus Berry
|move|p1b: Primarina|Hyper Voice|p2b: Sinistcha|[spread] p2a,p2b
|-supereffective|p2a: Incineroar|1
|-resisted|p2b: Sinistcha|1
|-damage|p2a: Incineroar|0 fnt
|-damage|p2b: Sinistcha|46/100
|faint|p2a: Incineroar
|move|p1a: Meowscarada|Low Kick|p2b: Sinistcha
|-immune|p2b: Sinistcha
|
|-damage|p1b: Primarina|53/100 brn|[from] brn
|upkeep
|
|t:|1785855011
|switch|p2a: Kingambit|Kingambit, L50, M|68/100
|turn|5
|
|t:|1785855042
|move|p2a: Kingambit|Protect|p2a: Kingambit
|-singleturn|p2a: Kingambit|Protect
|move|p1a: Meowscarada|Sucker Punch|p2b: Sinistcha
|-supereffective|p2b: Sinistcha|1
|-damage|p2b: Sinistcha|0 fnt
|faint|p2b: Sinistcha
|-damage|p1a: Meowscarada|69/100|[from] item: Life Orb
|move|p1b: Primarina|Calm Mind|p1b: Primarina
|-boost|p1b: Primarina|spa|1
|-boost|p1b: Primarina|spd|1
|
|-damage|p1b: Primarina|47/100 brn|[from] brn
|upkeep
|
|t:|1785855049
|switch|p2b: Delphox|Delphox, L50, F|100/100
|turn|6
|
|t:|1785855087
|move|p2a: Kingambit|Sucker Punch|p1a: Meowscarada
|-resisted|p1a: Meowscarada|1
|-damage|p1a: Meowscarada|35/100
|-damage|p2a: Kingambit|58/100|[from] item: Life Orb
|move|p1b: Primarina|Hyper Voice|p2b: Delphox|[spread] p2a,p2b
|-supereffective|p2b: Delphox|1
|-damage|p2a: Kingambit|18/100
|-damage|p2b: Delphox|0 fnt
|faint|p2b: Delphox
|move|p1a: Meowscarada|Low Kick|p2a: Kingambit
|-supereffective|p2a: Kingambit|2
|-damage|p2a: Kingambit|0 fnt
|faint|p2a: Kingambit
|-damage|p1a: Meowscarada|25/100|[from] item: Life Orb
|
|win|Napo777
||dingo brad is ready for game 2.
|inactive|Napo777 has 30 seconds to confirm battle start!
||Napo777 is ready for game 2.
|uhtml|next|Next: Game 2 of 3
|j| diguaaa
|j| a9106174
|l| oh666
|j| red821106
