|j|☆root2iris
|j|‽Desertfreak
|html|root2irisDesertfreak    
|uhtml|bestof|Game 1 of a best-of-3
|t:|1756838811
|gametype|doubles
|player|p1|root2iris|guitarist|1218
|player|p2|Desertfreak|2|1325
|gen|9
|tier|[Gen 9] VGC 2025 Reg H (Bo3)
|rated|
|rule|Species Clause: Limit one of each Pokémon
|rule|Item Clause: Limit 1 of each item
|clearpoke
|poke|p1|Archaludon, L50, M|
|poke|p1|Pelipper, L50, M|
|poke|p1|Amoonguss, L50, F|
|poke|p1|Incineroar, L50, M|
|poke|p1|Baxcalibur, L50, M|
|poke|p1|Annihilape, L50, F|
|poke|p2|Gholdengo, L50|
|poke|p2|Kilowattrel, L50, M|
|poke|p2|Incineroar, L50, F|
|poke|p2|Amoonguss, L50, M|
|poke|p2|Porygon2, L50|
|poke|p2|Ursaluna, L50, M|
|teampreview|4
|showteam|p1|Archaludon||AssaultVest|Stamina|DragonPulse,ElectroShot,BodyPress,Thunderbolt|||M|||50|,,,,,Electric]Pelipper||FocusSash|Drizzle|MuddyWater,Hurricane,Tailwind,Protect|||M|||50|,,,,,Ghost]Amoonguss||CovertCloak|Regenerator|PollenPuff,RagePowder,Spore,Protect|||F|||50|,,,,,Fairy]Incineroar||SafetyGoggles|Intimidate|KnockOff,BurningJealousy,PartingShot,FakeOut|||M|||50|,,,,,Ghost]Baxcalibur||LoadedDice|ThermalExchange|IcicleSpear,ScaleShot,HighHorsepower,Protect|||M|||50|,,,,,Ghost]Annihilape||SitrusBerry|Defiant|RageFist,FinalGambit,Coaching,Taunt|||F|||50|,,,,,Water
|showteam|p2|Gholdengo||LifeOrb|GoodasGold|MakeItRain,ShadowBall,Protect,NastyPlot||||||50|,,,,,Water]Kilowattrel||FocusSash|Competitive|AirSlash,Thunderbolt,Tailwind,Protect|||M|||50|,,,,,Ghost]Incineroar||SafetyGoggles|Intimidate|FakeOut,FlareBlitz,KnockOff,PartingShot|||F|||50|,,,,,Ghost]Amoonguss||SitrusBerry|Regenerator|PollenPuff,Spore,RagePowder,Protect|||M|||50|,,,,,Water]Porygon2||Eviolite|Download|TeraBlast,IceBeam,Recover,TrickRoom||||||50|,,,,,Fighting]Ursaluna||FlameOrb|Guts|Earthquake,Facade,HeadlongRush,Protect|||M|||50|,,,,,Ghost
|inactive|Battle timer is ON: inactive players will automatically lose when time's up. (requested by root2iris)
|inactive|root2iris has 60 seconds left.
|inactive|Desertfreak has 60 seconds left.
|
|t:|1756838855
|teamsize|p1|4
|teamsize|p2|4
|start
|switch|p1a: Mikael Mouse|Amoonguss, L50, F|100/100
|switch|p1b: RC|Incineroar, L50, M|100/100
|switch|p2a: Kilowattrel|Kilowattrel, L50, M, shiny|100/100
|switch|p2b: Gholdengo|Gholdengo, L50|100/100
|-ability|p1b: RC|Intimidate|boost
|-unboost|p2a: Kilowattrel|atk|1
|-ability|p2a: Kilowattrel|Competitive|boost
|-boost|p2a: Kilowattrel|spa|2
|-unboost|p2b: Gholdengo|atk|1
|turn|1
|inactive|Desertfreak has 30 seconds left.
|
|t:|1756838886
|switch|p2b: Ursaluna|Ursaluna, L50, M, shiny|100/100
|switch|p1a: Roxas|Archaludon, L50, M|100/100
|move|p2a: Kilowattrel|Protect|p2a: Kilowattrel
|-singleturn|p2a: Kilowattrel|Protect
|move|p1b: RC|Burning Jealousy|p2a: Kilowattrel|[spread] p2b
|-activate|p2a: Kilowattrel|move: Protect
|-damage|p2b: Ursaluna|88/100
|
|-status|p2b: Ursaluna|brn|[from] item: Flame Orb
|upkeep
|turn|2
|
|t:|1756838903
|switch|p1a: Oathkeeper|Pelipper, L50, M, shiny|100/100
|-weather|RainDance|[from] ability: Drizzle|[of] p1a: Oathkeeper
|move|p2a: Kilowattrel|Thunderbolt|p1b: RC
|-damage|p1b: RC|21/100
|move|p1b: RC|Parting Shot|p2b: Ursaluna
|-unboost|p2b: Ursaluna|atk|1
|-unboost|p2b: Ursaluna|spa|1
|
|t:|1756838911
|switch|p1b: Mikael Mouse|Amoonguss, L50, F|100/100|[from] Parting Shot
|move|p2b: Ursaluna|Earthquake|p1b: Mikael Mouse|[spread] p1b
|-immune|p2a: Kilowattrel
|-immune|p1a: Oathkeeper
|-damage|p1b: Mikael Mouse|59/100
|
|-weather|RainDance|[upkeep]
|-damage|p2b: Ursaluna|83/100 brn|[from] brn
|upkeep
|turn|3
|
|t:|1756838933
|switch|p2b: Porygon2|Porygon2, L50, shiny|100/100
|-ability|p2b: Porygon2|Download|boost
|-boost|p2b: Porygon2|spa|1
|switch|p1b: Roxas|Archaludon, L50, M|100/100
|move|p2a: Kilowattrel|Air Slash|p1b: Roxas
|-resisted|p1b: Roxas
|-damage|p1b: Roxas|73/100
|-ability|p1b: Roxas|Stamina|boost
|-boost|p1b: Roxas|def|1
|move|p1a: Oathkeeper|Muddy Water|p2b: Porygon2|[spread] p2b
|-miss|p1a: Oathkeeper|p2a: Kilowattrel
|-damage|p2b: Porygon2|74/100
|
|-weather|RainDance|[upkeep]
|upkeep
|turn|4
|inactive|root2iris has 30 seconds left.
|inactive|root2iris has 20 seconds left.
|
|t:|1756838972
|-terastallize|p2b: Porygon2|Fighting
|move|p2a: Kilowattrel|Tailwind|p2a: Kilowattrel
|-sidestart|p2: Desertfreak|move: Tailwind
|move|p2b: Porygon2|Tera Blast|p1b: Roxas|[anim] Tera Blast Fighting
|-supereffective|p1b: Roxas
|-damage|p1b: Roxas|0 fnt
|faint|p1b: Roxas
|move|p1a: Oathkeeper|Hurricane|p2b: Porygon2
|-supereffective|p2b: Porygon2
|-damage|p2b: Porygon2|10/100
|
|-weather|RainDance|[upkeep]
|upkeep
|
|t:|1756838981
|switch|p1b: Mikael Mouse|Amoonguss, L50, F|93/100
|turn|5
|
|t:|1756838992
|-terastallize|p1b: Mikael Mouse|Fairy
|move|p2a: Kilowattrel|Air Slash|p1b: Mikael Mouse
|-damage|p1b: Mikael Mouse|28/100
|move|p2b: Porygon2|Ice Beam|p1b: Mikael Mouse
|-damage|p1b: Mikael Mouse|0 fnt
|faint|p1b: Mikael Mouse
|move|p1a: Oathkeeper|Muddy Water|p2b: Porygon2|[spread] p2a,p2b
|-damage|p2a: Kilowattrel|16/100
|-damage|p2b: Porygon2|0 fnt
|faint|p2b: Porygon2
|
|-weather|RainDance|[upkeep]
|upkeep
|
|t:|1756839003
|switch|p2b: Gholdengo|Gholdengo, L50|100/100
|switch|p1b: RC|Incineroar, L50, M|21/100
|-ability|p1b: RC|Intimidate|boost
|-unboost|p2a: Kilowattrel|atk|1
|-ability|p2a: Kilowattrel|Competitive|boost
|-boost|p2a: Kilowattrel|spa|2
|-unboost|p2b: Gholdengo|atk|1
|turn|6
|
|t:|1756839010
|move|p2a: Kilowattrel|Protect|p2a: Kilowattrel
|-singleturn|p2a: Kilowattrel|Protect
|move|p1b: RC|Fake Out|p2a: Kilowattrel
|-activate|p2a: Kilowattrel|move: Protect
|move|p2b: Gholdengo|Make It Rain|p1b: RC|[spread] p1a,p1b
|-resisted|p1a: Oathkeeper
|-resisted|p1b: RC
|-damage|p1a: Oathkeeper|49/100
|-damage|p1b: RC|0 fnt
|-unboost|p2b: Gholdengo|spa|1
|faint|p1b: RC
|-damage|p2b: Gholdengo|91/100|[from] item: Life Orb
|move|p1a: Oathkeeper|Muddy Water|p2a: Kilowattrel|[spread] p2b
|-activate|p2a: Kilowattrel|move: Protect
|-damage|p2b: Gholdengo|41/100
|-unboost|p2b: Gholdengo|accuracy|1
|
|-weather|none
|upkeep
|turn|7
|-message|root2iris forfeited.
|
|win|Desertfreak
||root2iris is ready for game 2.
||Desertfreak is ready for game 2.
|uhtml|next|Next: Game 2 of 3
|l|‽Desertfreak
|player|p2|
