|j|☆gianlucone
|j|☆Aeon_Twins
|html|gianluconeAeon_Twins    
|uhtml|bestof|Game 1 of a best-of-3
|t:|1783168090
|gametype|doubles
|player|p1|gianlucone|170|1190
|player|p2|Aeon_Twins|n|1271
|gen|9
|tier|[Gen 9 Champions] VGC 2026 Reg M-B (Bo3)
|rated|
|rule|Species Clause: Limit one of each Pokémon
|rule|Item Clause: Limit 1 of each item
|clearpoke
|poke|p1|Staraptor, L50, F|
|poke|p1|Grimmsnarl, L50, M|
|poke|p1|Incineroar, L50, F|
|poke|p1|Sinistcha, L50|
|poke|p1|Excadrill, L50, M|
|poke|p1|Primarina, L50, M|
|poke|p2|Whimsicott, L50, M|
|poke|p2|Basculegion, L50, M|
|poke|p2|Eelektross, L50, F|
|poke|p2|Garchomp, L50, F|
|poke|p2|Grimmsnarl, L50, M|
|poke|p2|Charizard, L50, F|
|teampreview|4
|showteam|p1|Staraptor||Staraptite|Intimidate|CloseCombat,BraveBird,Roost,Protect|Jolly||F|||50|]Grimmsnarl||LightClay|Prankster|Reflect,LightScreen,PartingShot,SpiritBreak|Impish||M|||50|]Incineroar||SitrusBerry|Intimidate|FakeOut,PartingShot,DarkestLariat,FlareBlitz|Impish||F|||50|]Sinistcha||ColburBerry|Hospitality|MatchaGotcha,RagePowder,TrickRoom,ShadowBall|Calm|||||50|]Excadrill||Excadrite|SandRush|HighHorsepower,IronHead,SwordsDance,Protect|Adamant||M|||50|]Primarina||LifeOrb|LiquidVoice|HyperVoice,Moonblast,IceBeam,Protect|Modest||M|||50|
|showteam|p2|Whimsicott||FocusSash|Prankster|Moonblast,Tailwind,Protect,Encore|Timid||M|||50|]Basculegion||MysticWater|Adaptability|WaveCrash,LastRespects,AquaJet,Protect|Adamant||M|||50|]Eelektross||Eelektrossite|Levitate|GigaDrain,Protect,Thunderbolt,Flamethrower|Modest||F|||50|]Garchomp||LifeOrb|RoughSkin|Earthquake,Protect,RockSlide,DragonClaw|Adamant||F|||50|]Grimmsnarl||LightClay|Prankster|PartingShot,Reflect,LightScreen,SpiritBreak|Careful||M|||50|]Charizard||CharizarditeY|Blaze|HeatWave,Protect,WeatherBall,SolarBeam|Modest||F|||50|
|inactive|Battle timer is ON: inactive players will automatically lose when time's up. (requested by gianlucone)
|inactive|gianlucone has 60 seconds left.
|inactive|Aeon_Twins has 60 seconds left.
|
|t:|1783168132
|teamsize|p1|4
|teamsize|p2|4
|start
|switch|p1a: Grimmsnarl|Grimmsnarl, L50, M|100/100
|switch|p1b: Staraptor|Staraptor, L50, F|100/100
|switch|p2a: Eelektross|Eelektross, L50, F|100/100
|switch|p2b: Grimmsnarl|Grimmsnarl, L50, M|100/100
|-ability|p1b: Staraptor|Intimidate|boost
|-unboost|p2a: Eelektross|atk|1
|-unboost|p2b: Grimmsnarl|atk|1
|turn|1
|
|t:|1783168142
|detailschange|p1b: Staraptor|Staraptor-Mega, L50, F
|-mega|p1b: Staraptor|Staraptor|Staraptite
|detailschange|p2a: Eelektross|Eelektross-Mega, L50, F
|-mega|p2a: Eelektross|Eelektross|Eelektrossite
|move|p1a: Grimmsnarl|Light Screen|p1a: Grimmsnarl
|-sidestart|p1: gianlucone|move: Light Screen
|move|p2b: Grimmsnarl|Reflect|p2b: Grimmsnarl
|-sidestart|p2: Aeon_Twins|Reflect
|move|p1b: Staraptor|Close Combat|p2a: Eelektross
|-damage|p2a: Eelektross|50/100g
|-boost|p1b: Staraptor|def|1
|-boost|p1b: Staraptor|spd|1
|move|p2a: Eelektross|Thunderbolt|p1b: Staraptor
|-supereffective|p1b: Staraptor|1
|-damage|p1b: Staraptor|58/100
|
|upkeep
|turn|2
|
|t:|1783168160
|move|p2a: Eelektross|Protect|p2a: Eelektross
|-singleturn|p2a: Eelektross|Protect
|move|p1a: Grimmsnarl|Parting Shot|p1b: Staraptor
|-boost|p1b: Staraptor|atk|1
|-boost|p1b: Staraptor|spa|1
|
|t:|1783168163
|switch|p1a: Sinistcha|Sinistcha, L50|100/100|[from] Parting Shot
|-heal|p1b: Staraptor|83/100|[from] ability: Hospitality|[of] p1a: Sinistcha
|move|p1b: Staraptor|Close Combat|p2a: Eelektross
|-activate|p2a: Eelektross|move: Protect
|move|p2b: Grimmsnarl|Spirit Break|p1b: Staraptor
|-supereffective|p1b: Staraptor|1
|-damage|p1b: Staraptor|56/100
|-boost|p1b: Staraptor|spa|1
|
|upkeep
|turn|3
|
|t:|1783168181
|move|p1b: Staraptor|Close Combat|p2b: Grimmsnarl
|-damage|p2b: Grimmsnarl|41/100
|-boost|p1b: Staraptor|def|1
|-boost|p1b: Staraptor|spd|1
|move|p2a: Eelektross|Flamethrower|p1a: Sinistcha
|-supereffective|p1a: Sinistcha|1
|-damage|p1a: Sinistcha|47/100
|move|p1a: Sinistcha|Matcha Gotcha|p2b: Grimmsnarl|[spread] p2a,p2b
|-damage|p2a: Eelektross|25/100
|-heal|p1a: Sinistcha|60/100|[from] drain|[of] p2a: Eelektross
|-damage|p2b: Grimmsnarl|20/100y
|-heal|p1a: Sinistcha|71/100|[from] drain|[of] p2b: Grimmsnarl
|move|p2b: Grimmsnarl|Spirit Break|p1b: Staraptor
|-supereffective|p1b: Staraptor|1
|-damage|p1b: Staraptor|36/100
|-boost|p1b: Staraptor|spa|1
|
|upkeep
|turn|4
|
|t:|1783168200
|move|p2a: Eelektross|Protect|p2a: Eelektross
|-singleturn|p2a: Eelektross|Protect
|move|p1a: Sinistcha|Rage Powder|p1a: Sinistcha
|-singleturn|p1a: Sinistcha|move: Rage Powder
|move|p1b: Staraptor|Roost|p1b: Staraptor
|-heal|p1b: Staraptor|87/100
|-singleturn|p1b: Staraptor|move: Roost
|move|p2b: Grimmsnarl|Spirit Break|p1a: Sinistcha
|-damage|p1a: Sinistcha|54/100
|-unboost|p1a: Sinistcha|spa|1
|
|upkeep
|turn|5
|
|t:|1783168213
|switch|p1a: Grimmsnarl|Grimmsnarl, L50, M|100/100
|move|p2b: Grimmsnarl|Parting Shot|p1a: Grimmsnarl
|-hint|Since gen 7, Dark is immune to Prankster moves.
|-immune|p1a: Grimmsnarl
|move|p1b: Staraptor|Close Combat|p2a: Eelektross
|-damage|p2a: Eelektross|0 fnt
|-boost|p1b: Staraptor|def|1
|-boost|p1b: Staraptor|spd|1
|faint|p2a: Eelektross
|
|upkeep
|
|t:|1783168219
|switch|p2a: Basculegion|Basculegion, L50, M|100/100
|turn|6
|
|t:|1783168233
|move|p1a: Grimmsnarl|Reflect|p1a: Grimmsnarl
|-sidestart|p1: gianlucone|Reflect
|move|p1b: Staraptor|Close Combat|p2b: Grimmsnarl
|-damage|p2b: Grimmsnarl|0 fnt
|-boost|p1b: Staraptor|def|1
|-boost|p1b: Staraptor|spd|1
|faint|p2b: Grimmsnarl
|move|p2a: Basculegion|Last Respects|p1b: Staraptor
|-damage|p1b: Staraptor|67/100
|
|upkeep
|-message|Aeon_Twins forfeited.
|
|win|gianlucone
||Aeon_Twins is ready for game 2.
||gianlucone is ready for game 2.
|uhtml|next|Next: Game 2 of 3
