|j|☆That1Morpecko
|j|☆blazennn
|html|That1Morpeckoblazennn    
|uhtml|bestof|Game 2 of a best-of-3
|t:|1782506825
|gametype|doubles
|player|p1|That1Morpecko|hiker-gen4|1094
|player|p2|blazennn|101|1038
|gen|9
|tier|[Gen 9 Champions] VGC 2026 Reg M-B (Bo3)
|rated|
|rule|Species Clause: Limit one of each Pokémon
|rule|Item Clause: Limit 1 of each item
|clearpoke
|poke|p1|Sinistcha, L50|
|poke|p1|Incineroar, L50, F|
|poke|p1|Milotic, L50, M|
|poke|p1|Raichu, L50, M|
|poke|p1|Floette-Eternal, L50, F|
|poke|p1|Ceruledge, L50, M|
|poke|p2|Froslass, L50, F|
|poke|p2|Scovillain, L50, F|
|poke|p2|Sneasler, L50, M|
|poke|p2|Lycanroc, L50, F|
|poke|p2|Kingambit, L50, M|
|poke|p2|Garchomp, L50, M|
|teampreview|4
|showteam|p1|Sinistcha||KasibBerry|Hospitality|MatchaGotcha,LifeDew,RagePowder,Protect|Relaxed|||||50|]Incineroar||SitrusBerry|Intimidate|FlareBlitz,ThroatChop,FakeOut,PartingShot|Impish||F|||50|]Milotic||Leftovers|Competitive|MuddyWater,Coil,Hypnosis,Protect|Calm||M|||50|]Raichu||RaichuniteY|LightningRod|ZapCannon,FocusBlast,FakeOut,Protect|Timid||M|||50|]Floette-Eternal||Floettite|FlowerVeil|DazzlingGleam,DrainingKiss,CalmMind,Protect|Timid||F|||50|]Ceruledge||ColburBerry|FlashFire|BitterBlade,ShadowSneak,BulkUp,Protect|Adamant||M|||50|
|showteam|p2|Froslass||Froslassite|CursedBody|AuroraVeil,Blizzard,Protect,ShadowBall|Modest||F|||50|]Scovillain||Scovillainite|Moody|RagePowder,Overheat,LeafStorm,Protect|Bold||F|||50|]Sneasler||WhiteHerb|Unburden|FakeOut,CloseCombat,DireClaw,Coaching|Adamant||M|||50|]Lycanroc||FocusSash|SandRush|CloseCombat,RockSlide,Accelerock,Protect|Adamant||F|||50|]Kingambit||BlackGlasses|Defiant|KowtowCleave,SuckerPunch,SwordsDance,Protect|Adamant||M|||50|]Garchomp||LifeOrb|SandVeil|StompingTantrum,DragonClaw,RockSlide,Protect|Adamant||M|||50|
|inactive|Battle timer is ON: inactive players will automatically lose when time's up. (requested by That1Morpecko)
|
|t:|1782506853
|teamsize|p1|4
|teamsize|p2|4
|start
|switch|p1a: Milotic|Milotic, L50, M|100/100
|switch|p1b: Raichu|Raichu, L50, M|100/100
|switch|p2a: Sneasler|Sneasler, L50, M|100/100
|switch|p2b: Kingambit|Kingambit, L50, M|100/100
|turn|1
|
|t:|1782506873
|detailschange|p1b: Raichu|Raichu-Mega-Y, L50, M
|-mega|p1b: Raichu|Raichu|Raichunite Y
|move|p1b: Raichu|Fake Out|p2a: Sneasler
|-damage|p2a: Sneasler|89/100
|cant|p2a: Sneasler|flinch
|move|p1a: Milotic|Coil|p1a: Milotic
|-boost|p1a: Milotic|atk|1
|-boost|p1a: Milotic|def|1
|-boost|p1a: Milotic|accuracy|1
|move|p2b: Kingambit|Swords Dance|p2b: Kingambit
|-boost|p2b: Kingambit|atk|2
|
|upkeep
|turn|2
|
|t:|1782506894
|move|p2b: Kingambit|Sucker Punch|p1b: Raichu
|-damage|p1b: Raichu|0 fnt
|faint|p1b: Raichu
|move|p2a: Sneasler|Close Combat|p1a: Milotic
|-damage|p1a: Milotic|62/100
|-unboost|p2a: Sneasler|def|1
|-unboost|p2a: Sneasler|spd|1
|-enditem|p2a: Sneasler|White Herb
|-clearnegativeboost|p2a: Sneasler|[silent]
|move|p1a: Milotic|Coil|p1a: Milotic
|-boost|p1a: Milotic|atk|1
|-boost|p1a: Milotic|def|1
|-boost|p1a: Milotic|accuracy|1
|
|-heal|p1a: Milotic|68/100|[from] item: Leftovers
|upkeep
|
|t:|1782506904
|switch|p1b: Sinistcha|Sinistcha, L50|100/100
|-heal|p1a: Milotic|93/100|[from] ability: Hospitality|[of] p1b: Sinistcha
|turn|3
|
|t:|1782506915
|move|p1b: Sinistcha|Rage Powder|p1b: Sinistcha
|-singleturn|p1b: Sinistcha|move: Rage Powder
|move|p2a: Sneasler|Dire Claw|p1b: Sinistcha
|-damage|p1b: Sinistcha|64/100
|move|p1a: Milotic|Hypnosis|p2b: Kingambit
|-status|p2b: Kingambit|slp|[from] move: Hypnosis
|cant|p2b: Kingambit|slp
|
|-heal|p1a: Milotic|99/100|[from] item: Leftovers
|upkeep
|turn|4
|
|t:|1782506925
|move|p2a: Sneasler|Dire Claw|p1a: Milotic
|-damage|p1a: Milotic|81/100
|move|p1a: Milotic|Muddy Water|p2b: Kingambit|[spread] p2a,p2b
|-damage|p2a: Sneasler|58/100
|-damage|p2b: Kingambit|76/100 slp
|move|p1b: Sinistcha|Life Dew|p1b: Sinistcha|[spread] p1a,p1b
|-heal|p1a: Milotic|100/100
|-heal|p1b: Sinistcha|89/100
|-curestatus|p2b: Kingambit|slp|[msg]
|move|p2b: Kingambit|Kowtow Cleave|p1a: Milotic
|-damage|p1a: Milotic|50/100g
|
|-heal|p1a: Milotic|56/100|[from] item: Leftovers
|upkeep
|turn|5
|
|t:|1782506948
|move|p2b: Kingambit|Protect|p2b: Kingambit
|-singleturn|p2b: Kingambit|Protect
|move|p2a: Sneasler|Dire Claw|p1a: Milotic
|-damage|p1a: Milotic|40/100
|-status|p1a: Milotic|psn
|move|p1a: Milotic|Hypnosis|p2b: Kingambit
|-activate|p2b: Kingambit|move: Protect
|move|p1b: Sinistcha|Life Dew|p1b: Sinistcha|[spread] p1a,p1b
|-heal|p1a: Milotic|65/100 psn
|-heal|p1b: Sinistcha|100/100
|
|-heal|p1a: Milotic|71/100 psn|[from] item: Leftovers
|-damage|p1a: Milotic|58/100 psn|[from] psn
|upkeep
|turn|6
|
|t:|1782506961
|move|p2a: Sneasler|Coaching|p2b: Kingambit
|-boost|p2b: Kingambit|atk|1
|-boost|p2b: Kingambit|def|1
|move|p1a: Milotic|Hypnosis|p2b: Kingambit
|-status|p2b: Kingambit|slp|[from] move: Hypnosis
|move|p1b: Sinistcha|Life Dew||[still]|[spread] p1a,p1b
|-heal|p1a: Milotic|84/100 psn
|-fail|p1b: Sinistcha|heal
|cant|p2b: Kingambit|slp
|
|-heal|p1a: Milotic|90/100 psn|[from] item: Leftovers
|-damage|p1a: Milotic|77/100 psn|[from] psn
|upkeep
|turn|7
|
|t:|1782506979
|move|p2a: Sneasler|Coaching|p2b: Kingambit
|-boost|p2b: Kingambit|atk|1
|-boost|p2b: Kingambit|def|1
|move|p1a: Milotic|Muddy Water|p2a: Sneasler|[spread] p2a,p2b
|-damage|p2a: Sneasler|30/100
|-damage|p2b: Kingambit|55/100 slp
|-unboost|p2b: Kingambit|accuracy|1
|-ability|p2b: Kingambit|Defiant|boost
|-boost|p2b: Kingambit|atk|2
|move|p1b: Sinistcha|Life Dew||[still]|[spread] p1a,p1b
|-heal|p1a: Milotic|100/100 psn
|-fail|p1b: Sinistcha|heal
|cant|p2b: Kingambit|slp
|
|-damage|p1a: Milotic|87/100 psn|[from] psn
|upkeep
|turn|8
|
|t:|1782506999
|move|p1b: Sinistcha|Rage Powder|p1b: Sinistcha
|-singleturn|p1b: Sinistcha|move: Rage Powder
|move|p2a: Sneasler|Dire Claw|p1b: Sinistcha
|-damage|p1b: Sinistcha|62/100
|move|p1a: Milotic|Muddy Water|p2b: Kingambit|[spread] p2a,p2b
|-damage|p2a: Sneasler|0 fnt
|-damage|p2b: Kingambit|34/100 slp
|faint|p2a: Sneasler
|-curestatus|p2b: Kingambit|slp|[msg]
|move|p2b: Kingambit|Kowtow Cleave|p1b: Sinistcha
|-supereffective|p1b: Sinistcha|1
|-crit|p1b: Sinistcha
|-damage|p1b: Sinistcha|0 fnt
|faint|p1b: Sinistcha
|
|-heal|p1a: Milotic|93/100 psn|[from] item: Leftovers
|-damage|p1a: Milotic|81/100 psn|[from] psn
|upkeep
|
|t:|1782507015
|switch|p2a: Froslass|Froslass, L50, F|100/100
|switch|p1b: Incineroar|Incineroar, L50, F|100/100
|-ability|p1b: Incineroar|Intimidate|boost
|-unboost|p2a: Froslass|atk|1
|-unboost|p2b: Kingambit|atk|1
|-ability|p2b: Kingambit|Defiant|boost
|-boost|p2b: Kingambit|atk|1
|turn|9
|
|t:|1782507029
|move|p2a: Froslass|Protect|p2a: Froslass
|-singleturn|p2a: Froslass|Protect
|move|p2b: Kingambit|Protect|p2b: Kingambit
|-singleturn|p2b: Kingambit|Protect
|move|p1a: Milotic|Hypnosis|p2b: Kingambit
|-activate|p2b: Kingambit|move: Protect
|move|p1b: Incineroar|Flare Blitz|p2a: Froslass
|-activate|p2a: Froslass|move: Protect
|
|-heal|p1a: Milotic|87/100 psn|[from] item: Leftovers
|-damage|p1a: Milotic|74/100 psn|[from] psn
|upkeep
|turn|10
|
|t:|1782507041
|switch|p2a: Garchomp|Garchomp, L50, M|100/100
|move|p2b: Kingambit|Sucker Punch|p1b: Incineroar
|-resisted|p1b: Incineroar|1
|-damage|p1b: Incineroar|28/100
|-enditem|p1b: Incineroar|Sitrus Berry|[eat]
|-heal|p1b: Incineroar|53/100|[from] item: Sitrus Berry
|move|p1a: Milotic|Hypnosis|p2b: Kingambit
|-status|p2b: Kingambit|slp|[from] move: Hypnosis
|move|p1b: Incineroar|Flare Blitz|p2a: Garchomp
|-resisted|p2a: Garchomp|1
|-damage|p2a: Garchomp|79/100
|-damage|p1b: Incineroar|46/100|[from] Recoil
|
|-heal|p1a: Milotic|80/100 psn|[from] item: Leftovers
|-damage|p1a: Milotic|68/100 psn|[from] psn
|upkeep
|turn|11
|
|t:|1782507052
|cant|p2b: Kingambit|slp
|move|p2a: Garchomp|Stomping Tantrum|p1b: Incineroar
|-supereffective|p1b: Incineroar|1
|-damage|p1b: Incineroar|0 fnt
|faint|p1b: Incineroar
|-damage|p2a: Garchomp|69/100|[from] item: Life Orb
|move|p1a: Milotic|Muddy Water|p2b: Kingambit|[spread] p2a,p2b
|-damage|p2a: Garchomp|45/100
|-damage|p2b: Kingambit|14/100 slp
|
|-heal|p1a: Milotic|74/100 psn|[from] item: Leftovers
|-damage|p1a: Milotic|61/100 psn|[from] psn
|upkeep
|turn|12
|
|t:|1782507064
|move|p2a: Garchomp|Protect|p2a: Garchomp
|-singleturn|p2a: Garchomp|Protect
|cant|p2b: Kingambit|slp
|move|p1a: Milotic|Muddy Water|p2b: Kingambit|[spread] p2b
|-activate|p2a: Garchomp|move: Protect
|-damage|p2b: Kingambit|0 fnt
|faint|p2b: Kingambit
|
|-heal|p1a: Milotic|67/100 psn|[from] item: Leftovers
|-damage|p1a: Milotic|55/100 psn|[from] psn
|upkeep
|
|t:|1782507068
|switch|p2b: Froslass|Froslass, L50, F|100/100
|turn|13
|
|t:|1782507079
|detailschange|p2b: Froslass|Froslass-Mega, L50, F
|-mega|p2b: Froslass|Froslass|Froslassite
|-weather|Snowscape|[from] ability: Snow Warning|[of] p2b: Froslass
|move|p2b: Froslass|Shadow Ball|p1a: Milotic
|-damage|p1a: Milotic|23/100 psn
|move|p2a: Garchomp|Dragon Claw|p1a: Milotic
|-damage|p1a: Milotic|0 fnt
|faint|p1a: Milotic
|-damage|p2a: Garchomp|35/100|[from] item: Life Orb
|
|win|blazennn
|raw|That1Morpecko's rating: 1094 → 1066(-28 for losing)
|raw|blazennn's rating: 1038 → 1078(+40 for winning)
|c|☆blazennn|Gg
