|j|☆KarmaPoliceVGC
|j|☆sedrav
|html|KarmaPoliceVGCsedrav    
|uhtml|bestof|Game 1 of a best-of-3
|t:|1757022845
|gametype|doubles
|player|p1|KarmaPoliceVGC|scientist-gen4|1211
|player|p2|sedrav|hilbert|1278
|gen|9
|tier|[Gen 9] VGC 2025 Reg H (Bo3)
|rated|
|rule|Species Clause: Limit one of each Pokémon
|rule|Item Clause: Limit 1 of each item
|clearpoke
|poke|p1|Milotic, L50, M|
|poke|p1|Garchomp, L50, M|
|poke|p1|Blissey, L50, F|
|poke|p1|Murkrow, L50, M|
|poke|p1|Pawmot, L50, M|
|poke|p1|Ninetales-Alola, L50, M|
|poke|p2|Garchomp, L50, M|
|poke|p2|Talonflame, L50, F|
|poke|p2|Gholdengo, L50|
|poke|p2|Tyranitar, L50, F|
|poke|p2|Amoonguss, L50, M|
|poke|p2|Milotic, L50, M|
|teampreview|4
|showteam|p1|Milotic||AssaultVest|Competitive|AlluringVoice,MuddyWater,Scald,IceBeam|||M|||50|,,,,,Grass]Garchomp||LifeOrb|RoughSkin|Protect,StompingTantrum,DragonClaw,Earthquake|||M|||50|,,,,,Ground]Blissey||KingsRock|SereneGrace|Protect,HelpingHand,Blizzard,Thunder|||F|||50|,,,,,Ghost]Murkrow||Eviolite|Prankster|Protect,Tailwind,Quash,FoulPlay|||M|||50|,,,,,Ghost]Pawmot||FocusSash|VoltAbsorb|Protect,SuperFang,CloseCombat,DoubleShock|||M|||50|,,,,,Electric]Ninetales-Alola||ChoiceSpecs|SnowWarning|IcyWind,Blizzard,FreezeDry,Moonblast|||M|||50|,,,,,Ice
|showteam|p2|Garchomp||LifeOrb|RoughSkin|DragonClaw,StompingTantrum,Earthquake,Protect|||M|||50|,,,,,Fairy]Talonflame||CovertCloak|GaleWings|BraveBird,Tailwind,WillOWisp,Taunt|||F|||50|,,,,,Grass]Gholdengo||MetalCoat|GoodasGold|MakeItRain,ShadowBall,NastyPlot,Protect||||||50|,,,,,Flying]Tyranitar||AssaultVest|SandStream|RockSlide,KnockOff,LowKick,TeraBlast|||F|||50|,,,,,Flying]Amoonguss||SitrusBerry|Regenerator|Spore,RagePowder,PollenPuff,Protect|||M|||50|,,,,,Water]Milotic||SafetyGoggles|Competitive|Scald,IcyWind,Haze,Protect|||M|||50|,,,,,Dragon
|inactive|Battle timer is ON: inactive players will automatically lose when time's up. (requested by sedrav)
|inactive|KarmaPoliceVGC has 60 seconds left.
|
|t:|1757022907
|teamsize|p1|4
|teamsize|p2|4
|start
|switch|p1a: Murkrow|Murkrow, L50, M|100/100
|switch|p1b: Garchomp|Garchomp, L50, M|100/100
|switch|p2a: Garchomp|Garchomp, L50, M|100/100
|switch|p2b: Talonflame|Talonflame, L50, F|100/100
|turn|1
|inactive|sedrav has 30 seconds left.
|
|t:|1757022935
|-terastallize|p2a: Garchomp|Fairy
|move|p1b: Garchomp|Protect|p1b: Garchomp
|-singleturn|p1b: Garchomp|Protect
|move|p2b: Talonflame|Will-O-Wisp|p1b: Garchomp
|-activate|p1b: Garchomp|move: Protect
|move|p2a: Garchomp|Dragon Claw|p1b: Garchomp
|-activate|p1b: Garchomp|move: Protect
|move|p1a: Murkrow|Foul Play|p2b: Talonflame
|-damage|p2b: Talonflame|48/100
|
|upkeep
|turn|2
|inactive|KarmaPoliceVGC has 30 seconds left.
|inactive|sedrav has 30 seconds left.
|inactive|KarmaPoliceVGC has 20 seconds left.
|inactive|KarmaPoliceVGC has 15 seconds left.
|inactive|sedrav has 20 seconds left.
|
|t:|1757022978
|switch|p2b: Tyranitar|Tyranitar, L50, F|100/100
|-weather|Sandstorm|[from] ability: Sand Stream|[of] p2b: Tyranitar
|switch|p1b: Milotic|Milotic, L50, M|100/100
|move|p2a: Garchomp|Dragon Claw|p1b: Milotic
|-damage|p1b: Milotic|47/100
|-damage|p2a: Garchomp|91/100|[from] item: Life Orb
|move|p1a: Murkrow|Foul Play|p2b: Tyranitar
|-resisted|p2b: Tyranitar
|-damage|p2b: Tyranitar|79/100
|
|-weather|Sandstorm|[upkeep]
|-damage|p2a: Garchomp|85/100|[from] Sandstorm
|-damage|p1a: Murkrow|95/100|[from] Sandstorm
|-damage|p1b: Milotic|41/100|[from] Sandstorm
|upkeep
|turn|3
|inactive|KarmaPoliceVGC has 30 seconds left.
|inactive|KarmaPoliceVGC has 20 seconds left.
|
|t:|1757023016
|move|p1a: Murkrow|Tailwind|p1a: Murkrow
|-sidestart|p1: KarmaPoliceVGC|move: Tailwind
|move|p1b: Milotic|Scald|p2a: Garchomp
|-damage|p2a: Garchomp|48/100
|move|p2a: Garchomp|Dragon Claw|p1b: Milotic
|-crit|p1b: Milotic
|-damage|p1b: Milotic|0 fnt
|faint|p1b: Milotic
|-damage|p2a: Garchomp|39/100|[from] item: Life Orb
|move|p2b: Tyranitar|Rock Slide|p1a: Murkrow
|-supereffective|p1a: Murkrow
|-damage|p1a: Murkrow|11/100
|
|-weather|Sandstorm|[upkeep]
|-damage|p1a: Murkrow|5/100|[from] Sandstorm
|-damage|p2a: Garchomp|33/100|[from] Sandstorm
|upkeep
|
|t:|1757023028
|switch|p1b: Garchomp|Garchomp, L50, M|100/100
|turn|4
|inactive|KarmaPoliceVGC has 30 seconds left.
|inactive|sedrav has 30 seconds left.
|
|t:|1757023059
|-terastallize|p1b: Garchomp|Ground
|move|p2a: Garchomp|Protect|p2a: Garchomp
|-singleturn|p2a: Garchomp|Protect
|move|p1b: Garchomp|Earthquake|p2a: Garchomp|[spread] p2b
|-activate|p2a: Garchomp|move: Protect
|-immune|p1a: Murkrow
|-supereffective|p2b: Tyranitar
|-damage|p2b: Tyranitar|0 fnt
|faint|p2b: Tyranitar
|-damage|p1b: Garchomp|91/100|[from] item: Life Orb
|move|p1a: Murkrow|Foul Play|p2a: Garchomp
|-activate|p2a: Garchomp|move: Protect
|
|-weather|Sandstorm|[upkeep]
|-damage|p1a: Murkrow|0 fnt|[from] Sandstorm
|-damage|p2a: Garchomp|27/100|[from] Sandstorm
|faint|p1a: Murkrow
|upkeep
|
|t:|1757023081
|switch|p1a: Ninetales|Ninetales-Alola, L50, M|100/100
|switch|p2b: Gholdengo|Gholdengo, L50|100/100
|-weather|Snowscape|[from] ability: Snow Warning|[of] p1a: Ninetales
|turn|5
|
|t:|1757023102
|switch|p2a: Talonflame|Talonflame, L50, F|48/100
|move|p2b: Gholdengo|Protect|p2b: Gholdengo
|-singleturn|p2b: Gholdengo|Protect
|move|p1a: Ninetales|Blizzard|p2a: Talonflame|[spread] p2a
|-activate|p2b: Gholdengo|move: Protect
|-damage|p2a: Talonflame|0 fnt
|faint|p2a: Talonflame
|move|p1b: Garchomp|Stomping Tantrum|p2b: Gholdengo
|-activate|p2b: Gholdengo|move: Protect
|
|-weather|Snowscape|[upkeep]
|upkeep
|
|t:|1757023114
|switch|p2a: Garchomp|Garchomp, L50, M, tera:Fairy|27/100
|turn|6
|
|t:|1757023120
|move|p1a: Ninetales|Blizzard|p2b: Gholdengo|[spread] p2a,p2b
|-resisted|p2b: Gholdengo
|-damage|p2a: Garchomp|0 fnt
|-damage|p2b: Gholdengo|73/100
|faint|p2a: Garchomp
|move|p1b: Garchomp|Stomping Tantrum|p2b: Gholdengo
|-supereffective|p2b: Gholdengo
|-damage|p2b: Gholdengo|0 fnt
|faint|p2b: Gholdengo
|-damage|p1b: Garchomp|81/100|[from] item: Life Orb
|
|win|KarmaPoliceVGC
