|j|☆RebL123
|j|☆spellbreakvgc
|html|RebL123spellbreakvgc    
|uhtml|bestof|Game 2 of a best-of-3
|t:|1756209678
|gametype|doubles
|player|p1|RebL123|psychicf-gen4|1180
|player|p2|spellbreakvgc|lance|1135
|gen|9
|tier|[Gen 9] VGC 2025 Reg H (Bo3)
|rated|
|rule|Species Clause: Limit one of each Pokémon
|rule|Item Clause: Limit 1 of each item
|clearpoke
|poke|p1|Rillaboom, L50, M|
|poke|p1|Sneasler, L50, F|
|poke|p1|Talonflame, L50, F|
|poke|p1|Electabuzz, L50, F|
|poke|p1|Kingambit, L50, M|
|poke|p1|Tyranitar, L50, F|
|poke|p2|Whimsicott, L50, M|
|poke|p2|Typhlosion-Hisui, L50, M|
|poke|p2|Dragapult, L50, F|
|poke|p2|Electabuzz, L50, M|
|poke|p2|Torkoal, L50, F|
|poke|p2|Lilligant-Hisui, L50, F|
|teampreview|4
|showteam|p1|Rillaboom||AssaultVest|GrassySurge|WoodHammer,GrassyGlide,FakeOut,Uturn|||M|||50|,,,,,Fire]Sneasler||WhiteHerb|Unburden|FakeOut,CloseCombat,DireClaw,Protect|||F|||50|,,,,,Stellar]Talonflame||SafetyGoggles|GaleWings|DualWingbeat,Tailwind,Taunt,WillOWisp|||F|||50|,,,,,Ghost]Electabuzz||Eviolite|VitalSpirit|Electroweb,Taunt,FollowMe,Protect|||F|||50|,,,,,Ghost]Kingambit||BlackGlasses|Defiant|SuckerPunch,KowtowCleave,SwordsDance,Protect|||M|||50|,,,,,Dark]Tyranitar||Leftovers|SandStream|RockSlide,Protect,TeraBlast,KnockOff|||F|||50|,,,,,Flying
|showteam|p2|Whimsicott||CovertCloak|Prankster|Tailwind,SunnyDay,Encore,Moonblast|||M|||50|,,,,,Ghost]Typhlosion-Hisui||ChoiceSpecs|Blaze|Eruption,HeatWave,ShadowBall,Overheat|||M|||50|,,,,,Fire]Dragapult||ChoiceBand|ClearBody|DragonDarts,Outrage,SuckerPunch,Uturn|||F|||50|,,,,,Dragon]Electabuzz||Eviolite|VitalSpirit|VoltSwitch,FollowMe,Feint,Protect|||M|||50|,,,,,Ghost]Torkoal||LifeOrb|Drought|Eruption,HeatWave,WeatherBall,EarthPower|||F|||50|,,,,,Fire]Lilligant-Hisui||FocusSash|Chlorophyll|CloseCombat,SleepPowder,AfterYou,LeafBlade|||F|||50|,,,,,Ghost
|inactive|Battle timer is ON: inactive players will automatically lose when time's up. (requested by RebL123)
|inactive|spellbreakvgc has 60 seconds left.
|
|t:|1756209718
|teamsize|p1|4
|teamsize|p2|4
|start
|switch|p1a: Electabuzz|Electabuzz, L50, F|100/100
|switch|p1b: Kingambit|Kingambit, L50, M|100/100
|switch|p2a: Electabuzz|Electabuzz, L50, M|100/100
|switch|p2b: Typhlosion|Typhlosion-Hisui, L50, M|100/100
|turn|1
|
|t:|1756209730
|-terastallize|p2b: Typhlosion|Fire
|move|p1b: Kingambit|Protect|p1b: Kingambit
|-singleturn|p1b: Kingambit|Protect
|move|p2a: Electabuzz|Follow Me|p2a: Electabuzz
|-singleturn|p2a: Electabuzz|move: Follow Me
|move|p2b: Typhlosion|Eruption|p1a: Electabuzz|[spread] p1a
|-activate|p1b: Kingambit|move: Protect
|-damage|p1a: Electabuzz|11/100
|move|p1a: Electabuzz|Taunt|p2a: Electabuzz
|-start|p2a: Electabuzz|move: Taunt
|
|upkeep
|turn|2
|inactive|spellbreakvgc has 30 seconds left.
|inactive|spellbreakvgc has 20 seconds left.
|
|t:|1756209769
|switch|p2b: Lilligant|Lilligant-Hisui, L50, F|100/100
|-terastallize|p1b: Kingambit|Dark
|move|p1a: Electabuzz|Follow Me|p1a: Electabuzz
|-singleturn|p1a: Electabuzz|move: Follow Me
|move|p1b: Kingambit|Sucker Punch||[still]
|-fail|p1b: Kingambit
|move|p2a: Electabuzz|Volt Switch|p1a: Electabuzz
|-resisted|p1a: Electabuzz
|-damage|p1a: Electabuzz|2/100
|
|t:|1756209782
|switch|p2a: Torkoal|Torkoal, L50, F|100/100|[from] Volt Switch
|-weather|SunnyDay|[from] ability: Drought|[of] p2a: Torkoal
|
|-weather|SunnyDay|[upkeep]
|upkeep
|turn|3
|inactive|spellbreakvgc has 30 seconds left.
|
|t:|1756209815
|switch|p2b: Electabuzz|Electabuzz, L50, M|100/100
|move|p1a: Electabuzz|Follow Me|p1a: Electabuzz
|-singleturn|p1a: Electabuzz|move: Follow Me
|move|p1b: Kingambit|Kowtow Cleave|p2a: Torkoal
|-damage|p2a: Torkoal|39/100
|move|p2a: Torkoal|Heat Wave|p1a: Electabuzz|[spread] p1a,p1b
|-damage|p1a: Electabuzz|0 fnt
|-damage|p1b: Kingambit|44/100
|faint|p1a: Electabuzz
|-damage|p2a: Torkoal|30/100|[from] item: Life Orb
|
|-weather|SunnyDay|[upkeep]
|upkeep
|
|t:|1756209826
|switch|p1a: Tyranitar|Tyranitar, L50, F|100/100
|-weather|Sandstorm|[from] ability: Sand Stream|[of] p1a: Tyranitar
|turn|4
|inactive|spellbreakvgc has 30 seconds left.
|
|t:|1756209854
|switch|p1a: Sneasler|Sneasler, L50, F|100/100
|move|p2b: Electabuzz|Follow Me|p2b: Electabuzz
|-singleturn|p2b: Electabuzz|move: Follow Me
|move|p1b: Kingambit|Kowtow Cleave|p2b: Electabuzz
|-damage|p2b: Electabuzz|19/100
|move|p2a: Torkoal|Weather Ball|p1b: Kingambit
|-damage|p1b: Kingambit|5/100
|-damage|p2a: Torkoal|20/100|[from] item: Life Orb
|
|-weather|Sandstorm|[upkeep]
|-damage|p1a: Sneasler|95/100|[from] Sandstorm
|-damage|p2b: Electabuzz|13/100|[from] Sandstorm
|-damage|p1b: Kingambit|0 fnt|[from] Sandstorm
|-damage|p2a: Torkoal|14/100|[from] Sandstorm
|faint|p1b: Kingambit
|upkeep
|
|t:|1756209866
|switch|p1b: Tyranitar|Tyranitar, L50, F|100/100
|turn|5
|
|t:|1756209885
|switch|p2a: Lilligant|Lilligant-Hisui, L50, F|100/100
|move|p2b: Electabuzz|Follow Me|p2b: Electabuzz
|-singleturn|p2b: Electabuzz|move: Follow Me
|move|p1a: Sneasler|Close Combat|p2b: Electabuzz
|-damage|p2b: Electabuzz|0 fnt
|-unboost|p1a: Sneasler|def|1
|-unboost|p1a: Sneasler|spd|1
|faint|p2b: Electabuzz
|-enditem|p1a: Sneasler|White Herb
|-clearnegativeboost|p1a: Sneasler|[silent]
|move|p1b: Tyranitar|Knock Off|p2a: Lilligant
|-resisted|p2a: Lilligant
|-damage|p2a: Lilligant|57/100
|-enditem|p2a: Lilligant|Focus Sash|[from] move: Knock Off|[of] p1b: Tyranitar
|
|-weather|Sandstorm|[upkeep]
|-damage|p1a: Sneasler|89/100|[from] Sandstorm
|-damage|p2a: Lilligant|50/100|[from] Sandstorm
|upkeep
|
|t:|1756209907
|switch|p2b: Torkoal|Torkoal, L50, F|14/100
|-weather|SunnyDay|[from] ability: Drought|[of] p2b: Torkoal
|turn|6
|inactive|spellbreakvgc has 30 seconds left.
|inactive|spellbreakvgc has 20 seconds left.
|inactive|spellbreakvgc has 15 seconds left.
|
|t:|1756209948
|move|p1a: Sneasler|Close Combat|p2a: Lilligant
|-damage|p2a: Lilligant|0 fnt
|-unboost|p1a: Sneasler|def|1
|-unboost|p1a: Sneasler|spd|1
|faint|p2a: Lilligant
|move|p1b: Tyranitar|Knock Off|p2b: Torkoal
|-crit|p2b: Torkoal
|-damage|p2b: Torkoal|0 fnt
|-enditem|p2b: Torkoal|Life Orb|[from] move: Knock Off|[of] p1b: Tyranitar
|faint|p2b: Torkoal
|
|-weather|SunnyDay|[upkeep]
|upkeep
|
|t:|1756209958
|switch|p2b: Typhlosion|Typhlosion-Hisui, L50, M, tera:Fire|100/100
|turn|7
|
|t:|1756209965
|move|p1a: Sneasler|Close Combat|p2b: Typhlosion
|-damage|p2b: Typhlosion|10/100
|-unboost|p1a: Sneasler|def|1
|-unboost|p1a: Sneasler|spd|1
|move|p2b: Typhlosion|Heat Wave|p1b: Tyranitar|[spread] p1a,p1b
|-resisted|p1b: Tyranitar
|-damage|p1a: Sneasler|0 fnt
|-damage|p1b: Tyranitar|24/100
|faint|p1a: Sneasler
|move|p1b: Tyranitar|Knock Off|p2b: Typhlosion
|-damage|p2b: Typhlosion|0 fnt
|-enditem|p2b: Typhlosion|Choice Specs|[from] move: Knock Off|[of] p1b: Tyranitar
|faint|p2b: Typhlosion
|
|win|RebL123
