|j|☆chenhow3814
|j|☆fujishimamegumi
|html|chenhow3814fujishimamegumi    
|uhtml|bestof|Game 2 of a best-of-3
|t:|1785932064
|gametype|doubles
|player|p1|chenhow3814|265|
|player|p2|fujishimamegumi|2|
|gen|9
|tier|[Gen 9 Champions] VGC 2026 Reg M-B (Bo3)
|rule|Species Clause: Limit one of each Pokémon
|rule|Item Clause: Limit 1 of each item
|clearpoke
|poke|p1|Blastoise, L50, M|
|poke|p1|Farigiraf, L50, M|
|poke|p1|Zoroark-Hisui, L50, M|
|poke|p1|Sylveon, L50, M|
|poke|p1|Kingambit, L50, F|
|poke|p1|Kangaskhan, L50, F|
|poke|p2|Sinistcha-Masterpiece, L50|
|poke|p2|Sneasler, L50, M|
|poke|p2|Glimmora, L50, F|
|poke|p2|Staraptor, L50, F|
|poke|p2|Grimmsnarl, L50, M|
|poke|p2|Charizard, L50, F|
|teampreview|4
|showteam|p1|Blastoise||Blastoisinite|Torrent|WaterSpout,AuraSphere,DarkPulse,FakeOut|Modest||M|||50|]Farigiraf||SitrusBerry|ArmorTail|HelpingHand,Thunderbolt,TrickRoom,Psychic|Relaxed||M|||50|]Zoroark-Hisui||FocusSash|Illusion|Round,ShadowBall,Taunt,IcyWind|Timid||M|||50|]Sylveon||FairyFeather|Pixilate|HyperVoice,Round,Protect,Moonblast|Modest||M|||50|]Kingambit||OccaBerry|Defiant|KowtowCleave,SuckerPunch,IronHead,LowKick|Adamant||F|||50|]Kangaskhan||Kangaskhanite|Scrappy|DoubleEdge,IcePunch,DrainPunch,FakeOut|Adamant||F|||50|
|showteam|p2|Sinistcha-Masterpiece||Leftovers|Hospitality|MatchaGotcha,ShadowBall,CalmMind,Protect|Modest|||||50|]Sneasler||WhiteHerb|Unburden|CloseCombat,DireClaw,Protect,FakeOut|Adamant||M|||50|]Glimmora||FocusSash|ToxicDebris|PowerGem,SludgeBomb,EarthPower,SpikyShield|Timid||F|||50|]Staraptor||Staraptite|Intimidate|CloseCombat,DualWingbeat,Roost,Protect|Jolly||F|||50|]Grimmsnarl||LightClay|Prankster|SpiritBreak,PartingShot,Reflect,LightScreen|Sassy||M|||50|]Charizard||CharizarditeY|Blaze|HeatWave,WeatherBall,SolarBeam,Protect|Modest||F|||50|
|j| r13974682
|j| cubesugar
|j| CrazyOz
|j| weidaoguy
|j| YuWei1101
|j| ChienX2
|j| KKCWind
|l| YuWei1101
|j| YuWei1101
|j| 7019Q_Q
|l| YuWei1101
|j| Lavey710
|j| MarillRag1
|l| CrazyOz
|j| youchan1122
|l| 7019Q_Q
|j| 7019Q_Q
|
|t:|1785932119
|teamsize|p1|4
|teamsize|p2|4
|start
|switch|p1a: Blastoise|Blastoise, L50, M|100/100
|switch|p1b: Farigiraf|Farigiraf, L50, M|100/100
|switch|p2a: Sneasler|Sneasler, L50, M|100/100
|switch|p2b: Grimmsnarl|Grimmsnarl, L50, M|100/100
|turn|1
|j| Cirilla Cintra
|
|t:|1785932201
|switch|p2a: Sinistcha|Sinistcha-Masterpiece, L50|100/100
|detailschange|p1a: Blastoise|Blastoise-Mega, L50, M
|-mega|p1a: Blastoise|Blastoise|Blastoisinite
|move|p1a: Blastoise|Fake Out|p2a: Sinistcha
|-immune|p2a: Sinistcha
|move|p2b: Grimmsnarl|Light Screen|p2b: Grimmsnarl
|-sidestart|p2: fujishimamegumi|move: Light Screen
|move|p1b: Farigiraf|Shadow Ball|p2a: Sinistcha
|-supereffective|p2a: Sinistcha|1
|-damage|p2a: Sinistcha|44/100
|
|-heal|p2a: Sinistcha|50/100g|[from] item: Leftovers
|upkeep
|turn|2
|l| Cirilla Cintra
|j| Cirilla Cintra
|
|t:|1785932255
|move|p2a: Sinistcha|Protect|p2a: Sinistcha
|-singleturn|p2a: Sinistcha|Protect
|move|p1b: Farigiraf|Shadow Ball|p2b: Grimmsnarl
|-resisted|p2b: Grimmsnarl|1
|-damage|p2b: Grimmsnarl|89/100
|move|p1a: Blastoise|Water Spout|p2a: Sinistcha|[spread] p2b
|-activate|p2a: Sinistcha|move: Protect
|-damage|p2b: Grimmsnarl|47/100
|move|p2b: Grimmsnarl|Spirit Break|p1a: Blastoise
|-damage|p1a: Blastoise|74/100
|-unboost|p1a: Blastoise|spa|1
|
|-heal|p2a: Sinistcha|56/100|[from] item: Leftovers
|upkeep
|turn|3
|j| Midoria100
|
|t:|1785932277
|switch|p2a: Sneasler|Sneasler, L50, M|100/100
|move|p1b: Farigiraf|Shadow Ball|p2a: Sneasler
|-damage|p2a: Sneasler|65/100
|move|p1a: Blastoise|Water Spout|p2a: Sneasler|[spread] p2a,p2b
|-damage|p2a: Sneasler|38/100
|-damage|p2b: Grimmsnarl|29/100
|move|p2b: Grimmsnarl|Spirit Break|p1b: Farigiraf
|-damage|p1b: Farigiraf|40/100
|-unboost|p1b: Farigiraf|spa|1
|replace|p1b: Zoroark|Zoroark-Hisui, L50, M
|-end|p1b: Zoroark|Illusion
|
|upkeep
|turn|4
|
|t:|1785932331
|switch|p1a: Farigiraf|Farigiraf, L50, M|100/100
|move|p2b: Grimmsnarl|Parting Shot||[still]
|cant|p1a: Farigiraf|ability: Armor Tail|Parting Shot|[of] p2b: Grimmsnarl
|move|p1b: Zoroark|Shadow Ball|p2a: Sneasler
|-damage|p2a: Sneasler|14/100
|move|p2a: Sneasler|Dire Claw|p1a: Farigiraf
|-damage|p1a: Farigiraf|70/100
|
|upkeep
|turn|5
|j| FongSC
|l| FongSC
|
|t:|1785932392
|move|p1b: Zoroark|Shadow Ball|p2a: Sneasler
|-damage|p2a: Sneasler|0 fnt
|faint|p2a: Sneasler
|move|p2b: Grimmsnarl|Spirit Break|p1a: Farigiraf
|-damage|p1a: Farigiraf|46/100
|-unboost|p1a: Farigiraf|spa|1
|-enditem|p1a: Farigiraf|Sitrus Berry|[eat]
|-heal|p1a: Farigiraf|71/100|[from] item: Sitrus Berry
|move|p1a: Farigiraf|Trick Room|p1a: Farigiraf
|-fieldstart|move: Trick Room|[of] p1a: Farigiraf
|
|upkeep
|
|t:|1785932402
|switch|p2a: Sinistcha|Sinistcha-Masterpiece, L50|56/100
|-heal|p2b: Grimmsnarl|53/100|[from] ability: Hospitality|[of] p2a: Sinistcha
|turn|6
|
|t:|1785932467
|move|p1a: Farigiraf|Psychic|p2a: Sinistcha
|-damage|p2a: Sinistcha|38/100
|-unboost|p2a: Sinistcha|spd|1
|move|p2b: Grimmsnarl|Spirit Break|p1b: Zoroark
|-damage|p1b: Zoroark|0 fnt
|faint|p1b: Zoroark
|move|p2a: Sinistcha|Calm Mind|p2a: Sinistcha
|-boost|p2a: Sinistcha|spa|1
|-boost|p2a: Sinistcha|spd|1
|
|-heal|p2a: Sinistcha|44/100|[from] item: Leftovers
|upkeep
|
|t:|1785932478
|switch|p1b: Sylveon|Sylveon, L50, M|100/100
|turn|7
|j| Goodryan2630
|
|t:|1785932491
|move|p1a: Farigiraf|Helping Hand|p1b: Sylveon
|-singleturn|p1b: Sylveon|Helping Hand|[of] p1a: Farigiraf
|move|p2b: Grimmsnarl|Spirit Break|p1b: Sylveon
|-damage|p1b: Sylveon|62/100
|-unboost|p1b: Sylveon|spa|1
|move|p2a: Sinistcha|Matcha Gotcha|p1a: Farigiraf|[spread] p1a,p1b
|-damage|p1a: Farigiraf|33/100
|-heal|p2a: Sinistcha|69/100|[from] drain|[of] p1a: Farigiraf
|-damage|p1b: Sylveon|28/100
|-heal|p2a: Sinistcha|88/100|[from] drain|[of] p1b: Sylveon
|-status|p1b: Sylveon|brn
|move|p1b: Sylveon|Hyper Voice|p2b: Grimmsnarl|[spread] p2a,p2b
|-supereffective|p2b: Grimmsnarl|1
|-damage|p2a: Sinistcha|58/100
|-damage|p2b: Grimmsnarl|0 fnt
|faint|p2b: Grimmsnarl
|
|-heal|p2a: Sinistcha|64/100|[from] item: Leftovers
|-damage|p1b: Sylveon|22/100 brn|[from] brn
|upkeep
|j| FongSC
|
|t:|1785932507
|switch|p2b: Charizard|Charizard, L50, F|100/100
|turn|8
|l| KKCWind
|
|t:|1785932535
|detailschange|p2b: Charizard|Charizard-Mega-Y, L50, F
|-mega|p2b: Charizard|Charizard|Charizardite Y
|-weather|SunnyDay|[from] ability: Drought|[of] p2b: Charizard
|move|p1a: Farigiraf|Thunderbolt|p2b: Charizard
|-supereffective|p2b: Charizard|1
|-damage|p2b: Charizard|80/100
|move|p2a: Sinistcha|Shadow Ball|p1b: Sylveon
|-damage|p1b: Sylveon|0 fnt
|faint|p1b: Sylveon
|move|p2b: Charizard|Weather Ball|p1a: Farigiraf
|-damage|p1a: Farigiraf|0 fnt
|faint|p1a: Farigiraf
|
|-weather|SunnyDay|[upkeep]
|-heal|p2a: Sinistcha|70/100|[from] item: Leftovers
|-sideend|p2: fujishimamegumi|move: Light Screen
|upkeep
|
|t:|1785932552
|switch|p1b: Blastoise|Blastoise-Mega, L50, M|74/100
|turn|9
|j| winsomelosealot
|
|t:|1785932579
|move|p2b: Charizard|Protect|p2b: Charizard
|-singleturn|p2b: Charizard|Protect
|move|p2a: Sinistcha|Matcha Gotcha|p1b: Blastoise
|-supereffective|p1b: Blastoise|1
|-damage|p1b: Blastoise|0 fnt
|-heal|p2a: Sinistcha|100/100|[from] drain|[of] p1b: Blastoise
|faint|p1b: Blastoise
|
|win|fujishimamegumi
|c|☆fujishimamegumi|謝謝指教:D
|l| winsomelosealot
|l| youchan1122
|j| haewonlove
|l| FongSC
|l| haewonlove
|l| weidaoguy
|l| 7019Q_Q
|j| Eggy’sDad
|l| Eggy’sDad
|l| Midoria100
|l| r13974682
