|j|☆minccino fan
|j|☆Toster505056
|html|minccino fanToster505056    
|uhtml|bestof|Game 2 of a best-of-3
|t:|1756281012
|gametype|doubles
|player|p1|minccino fan|170|1197
|player|p2|Toster505056|brawly|1081
|gen|9
|tier|[Gen 9] VGC 2025 Reg H (Bo3)
|rated|
|rule|Species Clause: Limit one of each Pokémon
|rule|Item Clause: Limit 1 of each item
|clearpoke
|poke|p1|Charizard, L50, F|
|poke|p1|Torkoal, L50, M|
|poke|p1|Porygon2, L50|
|poke|p1|Incineroar, L50, F|
|poke|p1|Jumpluff, L50, M|
|poke|p1|Ursaluna, L50, M|
|poke|p2|Tyranitar, L50, F|
|poke|p2|Gastrodon-East, L50, M|
|poke|p2|Lycanroc, L50, M|
|poke|p2|Dragapult, L50, F|
|poke|p2|Cinderace, L50, M|
|poke|p2|Rillaboom, L50, F|
|teampreview|4
|showteam|p1|Charizard||ChoiceSpecs|SolarPower|HeatWave,Overheat,WeatherBall,AirSlash|||F|||50|,,,,,Ghost]Torkoal||EjectPack|Drought|Eruption,Overheat,HelpingHand,Protect|||M|||50|,,,,,Fire]Porygon2||Eviolite|Download|TeraBlast,IceBeam,Recover,TrickRoom||||||50|,,,,,Fighting]Incineroar||SitrusBerry|Intimidate|FlareBlitz,KnockOff,FakeOut,PartingShot|||F|||50|,,,,,Ghost]Jumpluff||CovertCloak|Chlorophyll|SleepPowder,SunnyDay,RagePowder,Tailwind|||M|||50|,,,,,Water]Ursaluna||FlameOrb|Guts|HeadlongRush,Facade,Earthquake,Protect|||M|||50|,,,,,Ghost
|showteam|p2|Tyranitar||ChoiceScarf|SandStream|RockSlide,TeraBlast,KnockOff,LowKick|||F|||50|,,,,,Flying]Gastrodon-East||Leftovers|StormDrain|EarthPower,IcyWind,HelpingHand,Protect|||M|||50|,,,,,Fire]Lycanroc||FocusSash|SandRush|RockSlide,CloseCombat,Howl,Protect|||M|||50|,,,,,Ghost]Dragapult||ChoiceBand|ClearBody|DragonDarts,TeraBlast,SuckerPunch,Uturn|||F|||50|,,,,,Ghost]Cinderace||ClearAmulet|Libero|PyroBall,SuckerPunch,CourtChange,Protect|||M|||50|,,,,,Grass]Rillaboom||AssaultVest|GrassySurge|WoodHammer,GrassyGlide,FakeOut,Uturn|||F|||50|,,,,,Fire
|inactive|Battle timer is ON: inactive players will automatically lose when time's up. (requested by minccino fan)
|
|t:|1756281020
|teamsize|p1|4
|teamsize|p2|4
|start
|switch|p1a: Jumpluff|Jumpluff, L50, M|100/100
|switch|p1b: Ursaluna|Ursaluna, L50, M|100/100
|switch|p2a: Lycanroc|Lycanroc, L50, M|100/100
|switch|p2b: Dragapult|Dragapult, L50, F, shiny|100/100
|turn|1
|inactive|minccino fan has 30 seconds left.
|
|t:|1756281052
|-terastallize|p1a: Jumpluff|Water
|move|p2b: Dragapult|U-turn|p1a: Jumpluff
|-damage|p1a: Jumpluff|55/100
|
|t:|1756281062
|switch|p2b: Rillaboom|Rillaboom, L50, F, shiny|100/100|[from] U-turn
|-fieldstart|move: Grassy Terrain|[from] ability: Grassy Surge|[of] p2b: Rillaboom
|move|p2a: Lycanroc|Rock Slide|p1a: Jumpluff|[spread] p1a,p1b
|-resisted|p1b: Ursaluna
|-damage|p1a: Jumpluff|25/100
|-damage|p1b: Ursaluna|91/100
|move|p1a: Jumpluff|Tailwind|p1a: Jumpluff
|-sidestart|p1: minccino fan|move: Tailwind
|move|p1b: Ursaluna|Earthquake|p2b: Rillaboom|[spread] p1a,p2a,p2b
|-supereffective|p2a: Lycanroc
|-resisted|p2b: Rillaboom
|-damage|p1a: Jumpluff|0 fnt
|-damage|p2a: Lycanroc|28/100
|-damage|p2b: Rillaboom|90/100
|faint|p1a: Jumpluff
|
|-heal|p2a: Lycanroc|34/100|[from] Grassy Terrain
|-heal|p1b: Ursaluna|97/100|[from] Grassy Terrain
|-heal|p2b: Rillaboom|96/100|[from] Grassy Terrain
|-status|p1b: Ursaluna|brn|[from] item: Flame Orb
|upkeep
|
|t:|1756281074
|switch|p1a: Incineroar|Incineroar, L50, F|100/100
|-ability|p1a: Incineroar|Intimidate|boost
|-unboost|p2a: Lycanroc|atk|1
|-unboost|p2b: Rillaboom|atk|1
|turn|2
|
|t:|1756281092
|switch|p2b: Dragapult|Dragapult, L50, F, shiny|100/100
|move|p2a: Lycanroc|Protect|p2a: Lycanroc
|-singleturn|p2a: Lycanroc|Protect
|move|p1a: Incineroar|Fake Out|p2b: Dragapult
|-immune|p2b: Dragapult
|move|p1b: Ursaluna|Facade|p2b: Dragapult
|-immune|p2b: Dragapult
|
|-heal|p2a: Lycanroc|40/100|[from] Grassy Terrain
|-heal|p1b: Ursaluna|100/100 brn|[from] Grassy Terrain
|-damage|p1b: Ursaluna|95/100 brn|[from] brn
|upkeep
|turn|3
|inactive|Toster505056 has 30 seconds left.
|
|t:|1756281119
|move|p1a: Incineroar|Knock Off|p2b: Dragapult
|-supereffective|p2b: Dragapult
|-damage|p2b: Dragapult|0 fnt
|-enditem|p2b: Dragapult|Choice Band|[from] move: Knock Off|[of] p1a: Incineroar
|faint|p2b: Dragapult
|move|p2a: Lycanroc|Close Combat|p1b: Ursaluna
|-supereffective|p1b: Ursaluna
|-damage|p1b: Ursaluna|56/100 brn
|-unboost|p2a: Lycanroc|def|1
|-unboost|p2a: Lycanroc|spd|1
|move|p1b: Ursaluna|Headlong Rush|p2a: Lycanroc
|-supereffective|p2a: Lycanroc
|-damage|p2a: Lycanroc|0 fnt
|-unboost|p1b: Ursaluna|def|1
|-unboost|p1b: Ursaluna|spd|1
|faint|p2a: Lycanroc
|
|-heal|p1b: Ursaluna|62/100 brn|[from] Grassy Terrain
|-damage|p1b: Ursaluna|56/100 brn|[from] brn
|upkeep
|
|t:|1756281130
|switch|p2b: Rillaboom|Rillaboom, L50, F, shiny|96/100
|switch|p2a: Tyranitar|Tyranitar, L50, F, shiny|100/100
|-weather|Sandstorm|[from] ability: Sand Stream|[of] p2a: Tyranitar
|turn|4
|
|t:|1756281141
|switch|p1a: Porygon2|Porygon2, L50|100/100
|-ability|p1a: Porygon2|Download|boost
|-boost|p1a: Porygon2|spa|1
|move|p1b: Ursaluna|Protect|p1b: Ursaluna
|-singleturn|p1b: Ursaluna|Protect
|move|p2b: Rillaboom|Fake Out|p1a: Porygon2
|-damage|p1a: Porygon2|91/100
|move|p2a: Tyranitar|Rock Slide|p1b: Ursaluna|[spread] 
|-activate|p1b: Ursaluna|move: Protect
|-miss|p2a: Tyranitar|p1a: Porygon2
|
|-weather|Sandstorm|[upkeep]
|-damage|p1a: Porygon2|85/100|[from] Sandstorm
|-damage|p2b: Rillaboom|90/100|[from] Sandstorm
|-heal|p1b: Ursaluna|62/100 brn|[from] Grassy Terrain
|-heal|p1a: Porygon2|91/100|[from] Grassy Terrain
|-heal|p2b: Rillaboom|96/100|[from] Grassy Terrain
|-damage|p1b: Ursaluna|56/100 brn|[from] brn
|-sideend|p1: minccino fan|move: Tailwind
|upkeep
|turn|5
|
|t:|1756281153
|switch|p1b: Incineroar|Incineroar, L50, F|100/100
|-ability|p1b: Incineroar|Intimidate|boost
|-unboost|p2a: Tyranitar|atk|1
|-unboost|p2b: Rillaboom|atk|1
|move|p2a: Tyranitar|Rock Slide|p1b: Incineroar|[spread] p1a,p1b
|-supereffective|p1b: Incineroar
|-damage|p1a: Porygon2|79/100
|-damage|p1b: Incineroar|64/100
|move|p2b: Rillaboom|Wood Hammer|p1a: Porygon2
|-damage|p1a: Porygon2|43/100
|-damage|p2b: Rillaboom|84/100|[from] Recoil
|move|p1a: Porygon2|Trick Room|p1a: Porygon2
|-fieldstart|move: Trick Room|[of] p1a: Porygon2
|
|-weather|Sandstorm|[upkeep]
|-damage|p1a: Porygon2|36/100|[from] Sandstorm
|-damage|p1b: Incineroar|58/100|[from] Sandstorm
|-damage|p2b: Rillaboom|78/100|[from] Sandstorm
|-heal|p1a: Porygon2|43/100|[from] Grassy Terrain
|-heal|p1b: Incineroar|64/100|[from] Grassy Terrain
|-heal|p2b: Rillaboom|84/100|[from] Grassy Terrain
|-fieldend|move: Grassy Terrain
|upkeep
|turn|6
|-message|Toster505056 forfeited.
|
|win|minccino fan
|raw|minccino fan's rating: 1197 → 1214(+17 for winning)
|raw|Toster505056's rating: 1081 → 1066(-15 for losing)
|l|☆Toster505056
|player|p2|
