|j|☆Hemz0 0
|j|☆SupernovaSZ8
|html|Hemz0 0SupernovaSZ8    
|uhtml|bestof|Game 2 of a best-of-3
|t:|1756495875
|gametype|doubles
|player|p1|Hemz0 0|depotagent|1213
|player|p2|SupernovaSZ8|nessa|1237
|gen|9
|tier|[Gen 9] VGC 2025 Reg H (Bo3)
|rated|
|rule|Species Clause: Limit one of each Pokémon
|rule|Item Clause: Limit 1 of each item
|clearpoke
|poke|p1|Pelipper, L50, F|
|poke|p1|Archaludon, L50, M|
|poke|p1|Incineroar, L50, M|
|poke|p1|Sneasler, L50, F|
|poke|p1|Rillaboom, L50, M|
|poke|p1|Gholdengo, L50|
|poke|p2|Gholdengo, L50|
|poke|p2|Ursaluna-Bloodmoon, L50, M|
|poke|p2|Incineroar, L50, M|
|poke|p2|Sneasler, L50, F|
|poke|p2|Whimsicott, L50, F|
|poke|p2|Porygon2, L50|
|teampreview|4
|showteam|p1|Pelipper||ChoiceScarf|Drizzle|WeatherBall,Hurricane,Tailwind,Uturn|||F|||50|,,,,,Ghost]Archaludon||PowerHerb|Sturdy|ElectroShot,DragonPulse,FlashCannon,Protect|||M|||50|,,,,,Electric]Incineroar||SafetyGoggles|Intimidate|Taunt,FakeOut,KnockOff,PartingShot|||M|||50|,,,,,Ghost]Sneasler||GrassySeed|Unburden|CloseCombat,DireClaw,ThroatChop,Protect|||F|||50|,,,,,Dark]Rillaboom||AssaultVest|GrassySurge|WoodHammer,GrassyGlide,FakeOut,HighHorsepower|||M|||50|,,,,,Fire]Gholdengo||MetalCoat|GoodasGold|ShadowBall,MakeItRain,NastyPlot,Protect||||||50|,,,,,Fighting
|showteam|p2|Gholdengo||MetalCoat|GoodasGold|MakeItRain,ShadowBall,NastyPlot,Protect||||||50|,,,,,Dragon]Ursaluna-Bloodmoon||LifeOrb|MindsEye|HyperVoice,EarthPower,BloodMoon,Protect|||M|||50|,,,,,Normal]Incineroar||SafetyGoggles|Intimidate|FlareBlitz,KnockOff,FakeOut,PartingShot|||M|||50|,,,,,Water]Sneasler||WhiteHerb|Unburden|DireClaw,CloseCombat,ThroatChop,Protect|||F|||50|,,,,,Stellar]Whimsicott||FocusSash|Prankster|Moonblast,Tailwind,Encore,Protect|||F|||50|,,,,,Ghost]Porygon2||Eviolite|Download|TeraBlast,IceBeam,TrickRoom,Recover||||||50|,,,,,Ground
|
|t:|1756495914
|teamsize|p1|4
|teamsize|p2|4
|start
|switch|p1a: Gholdengo|Gholdengo, L50|100/100
|switch|p1b: Incineroar|Incineroar, L50, M|100/100
|switch|p2a: Incineroar|Incineroar, L50, M|100/100
|switch|p2b: Porygon2|Porygon2, L50, shiny|100/100
|-ability|p2b: Porygon2|Download|boost
|-boost|p2b: Porygon2|atk|1
|-ability|p2a: Incineroar|Intimidate|boost
|-unboost|p1a: Gholdengo|atk|1
|-unboost|p1b: Incineroar|atk|1
|-ability|p1b: Incineroar|Intimidate|boost
|-unboost|p2a: Incineroar|atk|1
|-unboost|p2b: Porygon2|atk|1
|turn|1
|
|t:|1756495941
|-terastallize|p2b: Porygon2|Ground
|move|p1b: Incineroar|Fake Out|p2a: Incineroar
|-damage|p2a: Incineroar|93/100
|move|p1a: Gholdengo|Nasty Plot|p1a: Gholdengo
|-boost|p1a: Gholdengo|spa|2
|move|p2b: Porygon2|Tera Blast|p1a: Gholdengo|[anim] Tera Blast Ground
|-supereffective|p1a: Gholdengo
|-damage|p1a: Gholdengo|29/100
|cant|p2a: Incineroar|flinch
|
|upkeep
|turn|2
|
|t:|1756495959
|switch|p1b: Sabzi Wala|Rillaboom, L50, M, shiny|100/100
|-fieldstart|move: Grassy Terrain|[from] ability: Grassy Surge|[of] p1b: Sabzi Wala
|move|p1a: Gholdengo|Protect|p1a: Gholdengo
|-singleturn|p1a: Gholdengo|Protect
|move|p2a: Incineroar|Parting Shot|p1b: Sabzi Wala
|-unboost|p1b: Sabzi Wala|atk|1
|-unboost|p1b: Sabzi Wala|spa|1
|
|t:|1756495967
|switch|p2a: Ursaluna|Ursaluna-Bloodmoon, L50, M|100/100|[from] Parting Shot
|move|p2b: Porygon2|Trick Room|p2b: Porygon2
|-fieldstart|move: Trick Room|[of] p2b: Porygon2
|
|-heal|p1a: Gholdengo|35/100|[from] Grassy Terrain
|upkeep
|turn|3
|
|t:|1756496006
|switch|p2b: Incineroar|Incineroar, L50, M|93/100
|-ability|p2b: Incineroar|Intimidate|boost
|-unboost|p1a: Gholdengo|atk|1
|-unboost|p1b: Sabzi Wala|atk|1
|-terastallize|p1a: Gholdengo|Fighting
|move|p1b: Sabzi Wala|Fake Out|p2a: Ursaluna
|-damage|p2a: Ursaluna|95/100
|cant|p2a: Ursaluna|flinch
|move|p1a: Gholdengo|Make It Rain|p2b: Incineroar|[spread] p2a,p2b
|-resisted|p2b: Incineroar
|-damage|p2a: Ursaluna|0 fnt
|-damage|p2b: Incineroar|48/100
|-unboost|p1a: Gholdengo|spa|1
|faint|p2a: Ursaluna
|
|-heal|p2b: Incineroar|54/100|[from] Grassy Terrain
|-heal|p1a: Gholdengo|41/100|[from] Grassy Terrain
|upkeep
|
|t:|1756496019
|switch|p2a: Porygon2|Porygon2, L50, shiny, tera:Ground|100/100
|-ability|p2a: Porygon2|Download|boost
|-boost|p2a: Porygon2|spa|1
|turn|4
|
|t:|1756496031
|switch|p1b: Incineroar|Incineroar, L50, M|100/100
|-ability|p1b: Incineroar|Intimidate|boost
|-unboost|p2a: Porygon2|atk|1
|-unboost|p2b: Incineroar|atk|1
|move|p1a: Gholdengo|Protect|p1a: Gholdengo
|-singleturn|p1a: Gholdengo|Protect
|move|p2b: Incineroar|Flare Blitz|p1b: Incineroar
|-resisted|p1b: Incineroar
|-damage|p1b: Incineroar|85/100
|-damage|p2b: Incineroar|49/100|[from] Recoil
|move|p2a: Porygon2|Tera Blast|p1a: Gholdengo|[anim] Tera Blast Ground
|-activate|p1a: Gholdengo|move: Protect
|
|-heal|p1b: Incineroar|91/100|[from] Grassy Terrain
|-heal|p2b: Incineroar|55/100|[from] Grassy Terrain
|-heal|p1a: Gholdengo|47/100|[from] Grassy Terrain
|upkeep
|turn|5
|
|t:|1756496061
|move|p1b: Incineroar|Fake Out|p2a: Porygon2
|-damage|p2a: Porygon2|94/100
|move|p2b: Incineroar|Parting Shot|p1b: Incineroar
|-unboost|p1b: Incineroar|atk|1
|-unboost|p1b: Incineroar|spa|1
|
|t:|1756496063
|switch|p2b: Sneasler|Sneasler, L50, F|100/100|[from] Parting Shot
|cant|p2a: Porygon2|flinch
|move|p1a: Gholdengo|Make It Rain|p2a: Porygon2|[spread] p2a,p2b
|-crit|p2b: Sneasler
|-damage|p2a: Porygon2|42/100
|-damage|p2b: Sneasler|0 fnt
|-unboost|p1a: Gholdengo|spa|1
|faint|p2b: Sneasler
|
|-heal|p1b: Incineroar|97/100|[from] Grassy Terrain
|-heal|p2a: Porygon2|48/100|[from] Grassy Terrain
|-heal|p1a: Gholdengo|54/100|[from] Grassy Terrain
|upkeep
|
|t:|1756496070
|switch|p2b: Incineroar|Incineroar, L50, M|55/100
|-ability|p2b: Incineroar|Intimidate|boost
|-unboost|p1a: Gholdengo|atk|1
|-unboost|p1b: Incineroar|atk|1
|turn|6
|
|t:|1756496084
|move|p1a: Gholdengo|Protect|p1a: Gholdengo
|-singleturn|p1a: Gholdengo|Protect
|move|p1b: Incineroar|Parting Shot|p2a: Porygon2
|-unboost|p2a: Porygon2|atk|1
|-unboost|p2a: Porygon2|spa|1
|
|t:|1756496089
|switch|p1b: Sabzi Wala|Rillaboom, L50, M, shiny|100/100|[from] Parting Shot
|move|p2b: Incineroar|Flare Blitz|p1a: Gholdengo
|-activate|p1a: Gholdengo|move: Protect
|move|p2a: Porygon2|Tera Blast|p1b: Sabzi Wala|[anim] Tera Blast Ground
|-resisted|p1b: Sabzi Wala
|-damage|p1b: Sabzi Wala|88/100
|
|-heal|p2b: Incineroar|61/100|[from] Grassy Terrain
|-heal|p2a: Porygon2|54/100|[from] Grassy Terrain
|-heal|p1b: Sabzi Wala|94/100|[from] Grassy Terrain
|-heal|p1a: Gholdengo|60/100|[from] Grassy Terrain
|-fieldend|move: Trick Room
|-fieldend|move: Grassy Terrain
|upkeep
|turn|7
|-message|SupernovaSZ8 forfeited.
|
|win|Hemz0 0
||SupernovaSZ8 is ready for game 3.
||Hemz0 0 is ready for game 3.
|uhtml|next|Next: Game 3 of 3
