|j|☆phuc_lamvgc
|j|☆lime beens
|html|phuc_lamvgclime beens    
|uhtml|bestof|Game 3 of a best-of-3
|t:|1783390864
|gametype|doubles
|player|p1|phuc_lamvgc|miku-ghost|1140
|player|p2|lime beens|artist-gen4|1145
|gen|9
|tier|[Gen 9 Champions] VGC 2026 Reg M-B (Bo3)
|rated|
|rule|Species Clause: Limit one of each Pokémon
|rule|Item Clause: Limit 1 of each item
|clearpoke
|poke|p1|Pyroar, L50, M, shiny|
|poke|p1|Floette-Eternal, L50, F, shiny|
|poke|p1|Farigiraf, L50, M, shiny|
|poke|p1|Incineroar, L50, M, shiny|
|poke|p1|Torkoal, L50, M, shiny|
|poke|p1|Vileplume, L50, M, shiny|
|poke|p2|Sableye, L50, M|
|poke|p2|Alakazam, L50, M|
|poke|p2|Slowbro-Galar, L50, M|
|poke|p2|Barbaracle, L50, F|
|poke|p2|Aerodactyl, L50, F|
|poke|p2|Heracross, L50, F|
|teampreview|4
|showteam|p1|Pyroar||Pyroarite|Unnerve|Overheat,SolarBeam,HeatWave,Protect|Timid||M|||50|]Floette-Eternal||Floettite|FlowerVeil|Moonblast,DrainingKiss,CalmMind,Protect|Modest||F|||50|]Farigiraf||SitrusBerry|ArmorTail|HelpingHand,TrickRoom,Psychic,Thunderbolt|Relaxed||M|||50|]Incineroar||WhiteHerb|Intimidate|FakeOut,FlareBlitz,DarkestLariat,CloseCombat|Brave||M|||50|]Torkoal||Charcoal|Drought|WeatherBall,Eruption,HelpingHand,Protect|Quiet||M|||50|]Vileplume||FocusSash|Chlorophyll|SolarBeam,SleepPowder,SludgeBomb,AfterYou|Timid||M|||50|
|showteam|p2|Sableye||Leftovers|Prankster|Disable,Encore,Detect,FakeOut|Bold||M|||50|]Alakazam||Alakazite|MagicGuard|Psychic,FocusBlast,DazzlingGleam,Protect|Timid||M|||50|]Slowbro-Galar||QuickClaw|QuickDraw|IceBeam,Psyshock,ShellSideArm,NastyPlot|Modest||M|||50|]Barbaracle||ChoiceScarf|Sniper|StoneEdge,NightSlash,ShadowClaw,AquaCutter|Adamant||F|||50|]Aerodactyl||FocusSash|Pressure|Tailwind,DualWingbeat,Protect,PsychicFangs|Jolly||F|||50|]Heracross||Heracronite|Moxie|PinMissile,RockBlast,CloseCombat,Protect|Adamant||F|||50|
|inactive|Battle timer is ON: inactive players will automatically lose when time's up. (requested by lime beens)
|
|t:|1783390878
|teamsize|p1|4
|teamsize|p2|4
|start
|switch|p1a: Incineroar|Incineroar, L50, M, shiny|100/100
|switch|p1b: Farigiraf|Farigiraf, L50, M, shiny|100/100
|switch|p2a: Slowbro|Slowbro-Galar, L50, M|100/100
|switch|p2b: Barbaracle|Barbaracle, L50, F|100/100
|-ability|p1a: Incineroar|Intimidate|boost
|-unboost|p2a: Slowbro|atk|1
|-unboost|p2b: Barbaracle|atk|1
|turn|1
|inactive|phuc_lamvgc has 30 seconds left.
|inactive|phuc_lamvgc has 20 seconds left.
|-activate|p2a: Slowbro|item: Quick Claw
|
|t:|1783390914
|move|p1a: Incineroar|Fake Out|p2b: Barbaracle
|-resisted|p2b: Barbaracle|1
|-damage|p2b: Barbaracle|92/100
|move|p2a: Slowbro|Nasty Plot|p2a: Slowbro
|-boost|p2a: Slowbro|spa|2
|cant|p2b: Barbaracle|flinch
|move|p1b: Farigiraf|Trick Room|p1b: Farigiraf
|-fieldstart|move: Trick Room|[of] p1b: Farigiraf
|
|upkeep
|turn|2
|
|t:|1783390930
|move|p1b: Farigiraf|Helping Hand|p1a: Incineroar
|-singleturn|p1a: Incineroar|Helping Hand|[of] p1b: Farigiraf
|move|p2a: Slowbro|Shell Side Arm|p1a: Incineroar|[anim] Shell Side Arm Special
|-damage|p1a: Incineroar|13/100
|-hint|Special Shell Side Arm
|move|p1a: Incineroar|Darkest Lariat|p2a: Slowbro
|-supereffective|p2a: Slowbro|1
|-damage|p2a: Slowbro|0 fnt
|faint|p2a: Slowbro
|move|p2b: Barbaracle|Aqua Cutter|p1a: Incineroar
|-supereffective|p1a: Incineroar|1
|-damage|p1a: Incineroar|0 fnt
|faint|p1a: Incineroar
|
|upkeep
|
|t:|1783390944
|switch|p2a: Heracross|Heracross, L50, F|100/100
|switch|p1a: Torkoal|Torkoal, L50, M, shiny|100/100
|-weather|SunnyDay|[from] ability: Drought|[of] p1a: Torkoal
|turn|3
|
|t:|1783390965
|detailschange|p2a: Heracross|Heracross-Mega, L50, F
|-mega|p2a: Heracross|Heracross|Heracronite
|move|p1a: Torkoal|Weather Ball|p2a: Heracross
|-supereffective|p2a: Heracross|1
|-damage|p2a: Heracross|0 fnt
|faint|p2a: Heracross
|move|p1b: Farigiraf|Thunderbolt|p2b: Barbaracle
|-supereffective|p2b: Barbaracle|1
|-damage|p2b: Barbaracle|36/100
|move|p2b: Barbaracle|Aqua Cutter|p1a: Torkoal
|-supereffective|p1a: Torkoal|1
|-damage|p1a: Torkoal|83/100
|
|-weather|SunnyDay|[upkeep]
|upkeep
|
|t:|1783390977
|switch|p2a: Aerodactyl|Aerodactyl, L50, F|100/100
|-ability|p2a: Aerodactyl|Pressure
|turn|4
|
|t:|1783390988
|move|p1a: Torkoal|Helping Hand|p1b: Farigiraf
|-singleturn|p1b: Farigiraf|Helping Hand|[of] p1a: Torkoal
|move|p2a: Aerodactyl|Protect|p2a: Aerodactyl
|-singleturn|p2a: Aerodactyl|Protect
|move|p1b: Farigiraf|Thunderbolt|p2a: Aerodactyl
|-activate|p2a: Aerodactyl|move: Protect
|move|p2b: Barbaracle|Aqua Cutter|p1a: Torkoal
|-supereffective|p1a: Torkoal|1
|-damage|p1a: Torkoal|64/100
|
|-weather|SunnyDay|[upkeep]
|upkeep
|turn|5
|
|t:|1783391008
|move|p1a: Torkoal|Helping Hand|p1b: Farigiraf
|-singleturn|p1b: Farigiraf|Helping Hand|[of] p1a: Torkoal
|move|p1b: Farigiraf|Thunderbolt|p2b: Barbaracle
|-supereffective|p2b: Barbaracle|1
|-damage|p2b: Barbaracle|0 fnt
|faint|p2b: Barbaracle
|move|p2a: Aerodactyl|Dual Wingbeat|p1b: Farigiraf|[miss]
|-miss|p2a: Aerodactyl|p1b: Farigiraf
|
|-weather|SunnyDay|[upkeep]
|-fieldend|move: Trick Room
|upkeep
|turn|6
|-message|lime beens forfeited.
|raw|phuc_lamvgc's rating: 1140 → 1165(+25 for winning)
|raw|lime beens's rating: 1145 → 1120(-25 for losing)
|
|win|phuc_lamvgc
|l|☆lime beens
|player|p2|
