|j|☆royalroyalpooppir
|j|☆elmono11
|html|royalroyalpooppirelmono11    
|uhtml|bestof|Game 1 of a best-of-3
|t:|1786200514
|gametype|doubles
|player|p1|royalroyalpooppir|102|1269
|player|p2|elmono11|2|1397
|gen|9
|tier|[Gen 9 Champions] VGC 2026 Reg M-B (Bo3)
|rated|
|rule|Species Clause: Limit one of each Pokémon
|rule|Item Clause: Limit 1 of each item
|clearpoke
|poke|p1|Chandelure, L50, F|
|poke|p1|Tauros-Paldea-Aqua, L50, M|
|poke|p1|Ninetales-Alola, L50, F|
|poke|p1|Maushold, L50|
|poke|p1|Mudsdale, L50, M|
|poke|p1|Farigiraf, L50, F|
|poke|p2|Charizard, L50, M|
|poke|p2|Floette-Eternal, L50, F|
|poke|p2|Garchomp, L50, M|
|poke|p2|Kingambit, L50, M|
|poke|p2|Basculegion, L50, M|
|poke|p2|Whimsicott, L50, F|
|teampreview|4
|showteam|p1|Chandelure||Chandelurite|FlashFire|Overheat,HeatWave,ShadowBall,Protect|Modest||F|||50|]Tauros-Paldea-Aqua||LifeOrb|Intimidate|WaveCrash,CloseCombat,Protect,AquaJet|Adamant||M|||50|]Ninetales-Alola||LightClay|SnowWarning|Blizzard,IcyWind,AuroraVeil,Protect|Timid||F|||50|]Maushold||WideLens|Technician|PopulationBomb,FollowMe,Protect,HelpingHand|Jolly|||||50|]Mudsdale||Leftovers|InnerFocus|HighHorsepower,RockSlide,Curse,Protect|Brave||M|||50|]Farigiraf||ColburBerry|ArmorTail|HyperVoice,Psychic,TrickRoom,HelpingHand|Quiet||F|||50|
|showteam|p2|Charizard||CharizarditeY|Blaze|HeatWave,WeatherBall,SolarBeam,Protect|Modest||M|||50|]Floette-Eternal||Floettite|FlowerVeil|Moonblast,DazzlingGleam,LightofRuin,Protect|Modest||F|||50|]Garchomp||SitrusBerry|RoughSkin|Earthquake,DragonClaw,RockSlide,Protect|Adamant||M|||50|]Kingambit||OccaBerry|Defiant|KowtowCleave,SuckerPunch,IronHead,LowKick|Adamant||M|||50|]Basculegion||LifeOrb|Adaptability|WaveCrash,LastRespects,AquaJet,Protect|Adamant||M|||50|]Whimsicott||FocusSash|Prankster|Moonblast,Tailwind,Encore,Protect|Timid||F|||50|
|inactive|Battle timer is ON: inactive players will automatically lose when time's up. (requested by elmono11)
|inactive|royalroyalpooppir has 60 seconds left.
|inactive|elmono11 has 60 seconds left.
|inactive|royalroyalpooppir has 30 seconds left.
|inactive|elmono11 has 30 seconds left.
|inactive|royalroyalpooppir has 20 seconds left.
|inactive|elmono11 has 20 seconds left.
|inactive|elmono11 has 15 seconds left.
|inactive|elmono11 has 10 seconds left.
|
|t:|1786200601
|teamsize|p1|4
|teamsize|p2|4
|start
|switch|p1a: Chandelure|Chandelure, L50, F|100/100
|switch|p1b: Ninetales|Ninetales-Alola, L50, F|100/100
|switch|p2a: Garchomp|Garchomp, L50, M|100/100
|switch|p2b: Charizard|Charizard, L50, M|100/100
|-weather|Snowscape|[from] ability: Snow Warning|[of] p1b: Ninetales
|turn|1
|inactive|royalroyalpooppir has 30 seconds left.
|inactive|elmono11 has 30 seconds left.
|inactive|royalroyalpooppir has 20 seconds left.
|inactive|royalroyalpooppir has 15 seconds left.
|
|t:|1786200644
|switch|p2a: Kingambit|Kingambit, L50, M|100/100
|detailschange|p2b: Charizard|Charizard-Mega-Y, L50, M
|-mega|p2b: Charizard|Charizard|Charizardite Y
|-weather|SunnyDay|[from] ability: Drought|[of] p2b: Charizard
|move|p1b: Ninetales|Protect|p1b: Ninetales
|-singleturn|p1b: Ninetales|Protect
|move|p1a: Chandelure|Protect|p1a: Chandelure
|-singleturn|p1a: Chandelure|Protect
|move|p2b: Charizard|Heat Wave|p1a: Chandelure|[spread] 
|-activate|p1a: Chandelure|move: Protect
|-activate|p1b: Ninetales|move: Protect
|
|-weather|SunnyDay|[upkeep]
|upkeep
|turn|2
|
|t:|1786200664
|switch|p1a: Tauros|Tauros-Paldea-Aqua, L50, M|100/100
|-ability|p1a: Tauros|Intimidate|boost
|-unboost|p2a: Kingambit|atk|1
|-ability|p2a: Kingambit|Defiant|boost
|-boost|p2a: Kingambit|atk|2
|-unboost|p2b: Charizard|atk|1
|move|p1b: Ninetales|Icy Wind|p2a: Kingambit|[spread] p2a,p2b
|-resisted|p2a: Kingambit|1
|-damage|p2a: Kingambit|95/100
|-damage|p2b: Charizard|89/100
|-unboost|p2a: Kingambit|spe|1
|-ability|p2a: Kingambit|Defiant|boost
|-boost|p2a: Kingambit|atk|2
|-unboost|p2b: Charizard|spe|1
|move|p2b: Charizard|Weather Ball|p1b: Ninetales
|-supereffective|p1b: Ninetales|1
|-damage|p1b: Ninetales|0 fnt
|faint|p1b: Ninetales
|move|p2a: Kingambit|Kowtow Cleave|p1a: Tauros
|-resisted|p1a: Tauros|1
|-damage|p1a: Tauros|27/100
|
|-weather|SunnyDay|[upkeep]
|upkeep
|
|t:|1786200666
|switch|p1b: Maushold|Maushold, L50|100/100
|turn|3
|
|t:|1786200689
|move|p1b: Maushold|Follow Me|p1b: Maushold
|-singleturn|p1b: Maushold|move: Follow Me
|move|p2a: Kingambit|Sucker Punch||[still]
|-fail|p2a: Kingambit
|move|p1a: Tauros|Close Combat|p2a: Kingambit
|-supereffective|p2a: Kingambit|2
|-damage|p2a: Kingambit|0 fnt
|-unboost|p1a: Tauros|def|1
|-unboost|p1a: Tauros|spd|1
|faint|p2a: Kingambit
|-damage|p1a: Tauros|17/100|[from] item: Life Orb
|move|p2b: Charizard|Heat Wave|p1b: Maushold|[spread] p1b
|-miss|p2b: Charizard|p1a: Tauros
|-damage|p1b: Maushold|4/100
|
|-weather|SunnyDay|[upkeep]
|upkeep
|
|t:|1786200694
|switch|p2a: Whimsicott|Whimsicott, L50, F|100/100
|turn|4
|
|t:|1786200711
|switch|p1b: Chandelure|Chandelure, L50, F|100/100
|move|p1a: Tauros|Protect|p1a: Tauros
|-singleturn|p1a: Tauros|Protect
|move|p2a: Whimsicott|Encore||[still]
|-fail|p2a: Whimsicott
|move|p2b: Charizard|Heat Wave|p1b: Chandelure|[spread] 
|-activate|p1a: Tauros|move: Protect
|-start|p1b: Chandelure|ability: Flash Fire
|
|-weather|SunnyDay|[upkeep]
|upkeep
|turn|5
|
|t:|1786200719
|detailschange|p1b: Chandelure|Chandelure-Mega, L50, F
|-mega|p1b: Chandelure|Chandelure|Chandelurite
|-end|p1b: Chandelure|ability: Flash Fire|[silent]
|move|p2a: Whimsicott|Tailwind|p2a: Whimsicott
|-sidestart|p2: elmono11|move: Tailwind
|move|p1a: Tauros|Aqua Jet|p2a: Whimsicott
|-resisted|p2a: Whimsicott|1
|-crit|p2a: Whimsicott
|-damage|p2a: Whimsicott|86/100
|-damage|p1a: Tauros|7/100|[from] item: Life Orb
|move|p2b: Charizard|Heat Wave|p1a: Tauros|[spread] p1a
|-miss|p2b: Charizard|p1b: Chandelure
|-resisted|p1a: Tauros|1
|-damage|p1a: Tauros|0 fnt
|faint|p1a: Tauros
|move|p1b: Chandelure|Heat Wave|p2a: Whimsicott|[spread] p2a,p2b
|-supereffective|p2a: Whimsicott|1
|-resisted|p2b: Charizard|1
|-damage|p2a: Whimsicott|0 fnt
|-damage|p2b: Charizard|57/100
|faint|p2a: Whimsicott
|
|-weather|none
|upkeep
|
|t:|1786200728
|switch|p2a: Garchomp|Garchomp, L50, M|100/100
|switch|p1a: Maushold|Maushold, L50|4/100
|turn|6
|-message|royalroyalpooppir forfeited.
|
|win|elmono11
