|j|☆HalcyonJon
|j|☆Truevillany123
|html|HalcyonJonTruevillany123    
|uhtml|bestof|Game 1 of a best-of-3
|t:|1757711665
|gametype|doubles
|player|p1|HalcyonJon|pokemonbreeder|1088
|player|p2|Truevillany123|1|1081
|gen|9
|tier|[Gen 9] VGC 2025 Reg H (Bo3)
|rated|
|rule|Species Clause: Limit one of each Pokémon
|rule|Item Clause: Limit 1 of each item
|clearpoke
|poke|p1|Comfey, L50, F|
|poke|p1|Magmar, L50, M|
|poke|p1|Primarina, L50, F|
|poke|p1|Sneasler, L50, M|
|poke|p1|Rillaboom, L50, M|
|poke|p1|Hydreigon, L50, M|
|poke|p2|Dragonite, L50, M|
|poke|p2|Ursaluna-Bloodmoon, L50, M|
|poke|p2|Gholdengo, L50|
|poke|p2|Annihilape, L50, M|
|poke|p2|Ninetales-Alola, L50, F|
|poke|p2|Rillaboom, L50, F|
|teampreview|4
|showteam|p1|Comfey||MentalHerb|Triage|DrainingKiss,FloralHealing,Tailwind,Protect|||F|||50|,,,,,Steel]Magmar||Eviolite|VitalSpirit|Overheat,ClearSmog,HelpingHand,FollowMe|||M|||50|,,,,,Water]Primarina||RoomService|LiquidVoice|Moonblast,HyperVoice,SparklingAria,Protect|||F|||50|,,,,,Steel]Sneasler||GrassySeed|Unburden|CloseCombat,DireClaw,SludgeWave,Protect|||M|||50|,,,,,Dark]Rillaboom||WeaknessPolicy|GrassySurge|WoodHammer,GrassyGlide,HighHorsepower,Protect|||M|||50|,,,,,Dark]Hydreigon||ThroatSpray|Levitate|DragonPulse,Snarl,HeatWave,Protect|||M|||50|,,,,,Fire
|showteam|p2|Dragonite||LoadedDice|Multiscale|ScaleShot,Protect,Haze,Tailwind|||M|||50|,,,,,Fairy]Ursaluna-Bloodmoon||LifeOrb|MindsEye|BloodMoon,HyperVoice,EarthPower,Protect|||M|||50|,,,,,Normal]Gholdengo||ChoiceSpecs|GoodasGold|MakeItRain,ShadowBall,PowerGem,Trick||||||50|,,,,,Steel]Annihilape||SitrusBerry|Defiant|DrainPunch,RageFist,Protect,BulkUp|||M|||50|,,,,,Fire]Ninetales-Alola||FocusSash|SnowWarning|FreezeDry,AuroraVeil,Encore,IcicleSpear|||F|||50|,,,,,Ghost]Rillaboom||AssaultVest|GrassySurge|FakeOut,WoodHammer,HighHorsepower,Uturn|||F|||50|,,,,,Fire
|
|t:|1757711715
|teamsize|p1|4
|teamsize|p2|4
|start
|switch|p1a: Sneasler|Sneasler, L50, M|100/100
|switch|p1b: Rillaboom|Rillaboom, L50, M|100/100
|switch|p2a: Dragonite|Dragonite, L50, M, shiny|100/100
|switch|p2b: Rillaboom|Rillaboom, L50, F|100/100
|-fieldstart|move: Grassy Terrain|[from] ability: Grassy Surge|[of] p2b: Rillaboom
|-enditem|p1a: Sneasler|Grassy Seed
|-boost|p1a: Sneasler|def|1|[from] item: Grassy Seed
|turn|1
|
|t:|1757711750
|move|p2b: Rillaboom|Fake Out|p1a: Sneasler
|-damage|p1a: Sneasler|83/100
|cant|p1a: Sneasler|flinch
|move|p2a: Dragonite|Scale Shot|p1b: Rillaboom
|-damage|p1b: Rillaboom|86/100
|-damage|p1b: Rillaboom|71/100
|-damage|p1b: Rillaboom|58/100
|-crit|p1b: Rillaboom
|-damage|p1b: Rillaboom|39/100
|-damage|p1b: Rillaboom|26/100
|-hitcount|p1b: Rillaboom|5
|-unboost|p2a: Dragonite|def|1
|-boost|p2a: Dragonite|spe|1
|move|p1b: Rillaboom|Wood Hammer|p2a: Dragonite
|-resisted|p2a: Dragonite
|-damage|p2a: Dragonite|87/100
|-damage|p1b: Rillaboom|22/100|[from] Recoil
|
|-heal|p1a: Sneasler|89/100|[from] Grassy Terrain
|-heal|p1b: Rillaboom|28/100|[from] Grassy Terrain
|upkeep
|turn|2
|
|t:|1757711789
|switch|p1b: Comfey|Comfey, L50, F|100/100
|move|p1a: Sneasler|Dire Claw|p2a: Dragonite
|-damage|p2a: Dragonite|4/100
|move|p2a: Dragonite|Tailwind|p2a: Dragonite
|-sidestart|p2: Truevillany123|move: Tailwind
|move|p2b: Rillaboom|High Horsepower|p1a: Sneasler
|-supereffective|p1a: Sneasler
|-damage|p1a: Sneasler|7/100
|
|-heal|p1a: Sneasler|13/100|[from] Grassy Terrain
|upkeep
|turn|3
|
|t:|1757711815
|-terastallize|p2b: Rillaboom|Fire
|move|p2a: Dragonite|Protect|p2a: Dragonite
|-singleturn|p2a: Dragonite|Protect
|move|p1b: Comfey|Floral Healing|p1a: Sneasler
|-heal|p1a: Sneasler|79/100
|move|p1a: Sneasler|Dire Claw|p2b: Rillaboom
|-damage|p2b: Rillaboom|54/100
|-status|p2b: Rillaboom|par
|move|p2b: Rillaboom|Wood Hammer|p1b: Comfey
|-damage|p1b: Comfey|21/100
|-damage|p2b: Rillaboom|32/100 par|[from] Recoil
|
|-heal|p1a: Sneasler|85/100|[from] Grassy Terrain
|-heal|p2b: Rillaboom|38/100 par|[from] Grassy Terrain
|-heal|p1b: Comfey|26/100|[from] Grassy Terrain
|upkeep
|turn|4
|
|t:|1757711836
|move|p1b: Comfey|Draining Kiss|p2a: Dragonite
|-supereffective|p2a: Dragonite
|-damage|p2a: Dragonite|0 fnt
|-heal|p1b: Comfey|30/100|[from] drain|[of] p2a: Dragonite
|faint|p2a: Dragonite
|move|p1a: Sneasler|Dire Claw|p2b: Rillaboom
|-damage|p2b: Rillaboom|0 fnt
|faint|p2b: Rillaboom
|
|-heal|p1a: Sneasler|91/100|[from] Grassy Terrain
|-heal|p1b: Comfey|35/100|[from] Grassy Terrain
|upkeep
|
|t:|1757711840
|switch|p2a: Annihilape|Annihilape, L50, M|100/100
|switch|p2b: Ninetales|Ninetales-Alola, L50, F|100/100
|-weather|Snowscape|[from] ability: Snow Warning|[of] p2b: Ninetales
|turn|5
|c|☆Truevillany123|gg\
|
|t:|1757711882
|move|p2b: Ninetales|Freeze-Dry|p2a: Annihilape
|-damage|p2a: Annihilape|75/100
|move|p1a: Sneasler|Dire Claw|p2b: Ninetales
|-supereffective|p2b: Ninetales
|-damage|p2b: Ninetales|10/100
|-status|p2b: Ninetales|par
|move|p2a: Annihilape|Drain Punch|p2b: Ninetales
|-damage|p2b: Ninetales|0 fnt
|-heal|p2a: Annihilape|79/100|[from] drain|[of] p2b: Ninetales
|faint|p2b: Ninetales
|move|p1b: Comfey|Tailwind|p1b: Comfey
|-sidestart|p1: HalcyonJon|move: Tailwind
|
|-weather|Snowscape|[upkeep]
|-heal|p1a: Sneasler|97/100|[from] Grassy Terrain
|-heal|p2a: Annihilape|85/100|[from] Grassy Terrain
|-heal|p1b: Comfey|41/100|[from] Grassy Terrain
|-sideend|p2: Truevillany123|move: Tailwind
|-fieldend|move: Grassy Terrain
|upkeep
|turn|6
|
|t:|1757711921
|move|p1b: Comfey|Draining Kiss|p2a: Annihilape
|-supereffective|p2a: Annihilape
|-damage|p2a: Annihilape|55/100
|-heal|p1b: Comfey|71/100|[from] drain|[of] p2a: Annihilape
|move|p1a: Sneasler|Dire Claw|p2a: Annihilape
|-resisted|p2a: Annihilape
|-damage|p2a: Annihilape|32/100
|-enditem|p2a: Annihilape|Sitrus Berry|[eat]
|-heal|p2a: Annihilape|57/100|[from] item: Sitrus Berry
|move|p2a: Annihilape|Drain Punch|p2: Ninetales|[notarget]
|-fail|p2a: Annihilape
|
|-weather|Snowscape|[upkeep]
|upkeep
|turn|7
|
|t:|1757711942
|move|p1b: Comfey|Draining Kiss|p2a: Annihilape
|-supereffective|p2a: Annihilape
|-damage|p2a: Annihilape|27/100
|-heal|p1b: Comfey|100/100|[from] drain|[of] p2a: Annihilape
|move|p1a: Sneasler|Dire Claw|p2a: Annihilape
|-resisted|p2a: Annihilape
|-damage|p2a: Annihilape|3/100
|move|p2a: Annihilape|Drain Punch|p2: Ninetales|[notarget]
|-fail|p2a: Annihilape
|
|-weather|Snowscape|[upkeep]
|upkeep
|turn|8
|
|t:|1757711955
|move|p1b: Comfey|Draining Kiss|p2a: Annihilape
|-supereffective|p2a: Annihilape
|-damage|p2a: Annihilape|0 fnt
|faint|p2a: Annihilape
|
|win|HalcyonJon
