|j|☆estarla
|j|☆AlyxOU
|html|estarlaAlyxOU    
|uhtml|bestof|Game 1 of a best-of-3
|t:|1783207024
|gametype|doubles
|player|p1|estarla|266|1129
|player|p2|AlyxOU|266|1066
|gen|9
|tier|[Gen 9 Champions] VGC 2026 Reg M-B (Bo3)
|rated|
|rule|Species Clause: Limit one of each Pokémon
|rule|Item Clause: Limit 1 of each item
|clearpoke
|poke|p1|Farigiraf, L50, M|
|poke|p1|Incineroar, L50, M|
|poke|p1|Mawile, L50, F|
|poke|p1|Tyrantrum, L50, M|
|poke|p1|Torkoal, L50, M|
|poke|p1|Sinistcha-Masterpiece, L50|
|poke|p2|Charizard, L50, M|
|poke|p2|Whimsicott, L50, M|
|poke|p2|Kingambit, L50, M|
|poke|p2|Basculegion, L50, M|
|poke|p2|Garchomp, L50, F|
|poke|p2|Glimmora, L50, F|
|teampreview|4
|showteam|p1|Farigiraf||ColburBerry|ArmorTail|TrickRoom,HelpingHand,Psychic,Thunderbolt|Relaxed||M|||50|]Incineroar||Charcoal|Intimidate|FlareBlitz,PartingShot,FakeOut,DarkestLariat|Adamant||M|||50|]Mawile||Mawilite|Intimidate|Protect,PlayRough,SuckerPunch,SwordsDance|Brave||F|||50|]Tyrantrum||ExpertBelt|StrongJaw|RockSlide,CloseCombat,IceFang,Protect|Adamant||M|||50|]Torkoal||LifeOrb|Drought|Eruption,HeatWave,Protect,WeatherBall|Quiet||M|||50|]Sinistcha-Masterpiece||SitrusBerry|Hospitality|GigaDrain,RagePowder,TrickRoom,LifeDew|Bold|||||50|
|showteam|p2|Charizard||CharizarditeY|Blaze|HeatWave,SolarBeam,WeatherBall,Protect|Modest||M|||50|]Whimsicott||FairyFeather|Prankster|Moonblast,Tailwind,Encore,Protect|Timid||M|||50|]Kingambit||ChopleBerry|Defiant|KowtowCleave,LowKick,SuckerPunch,Protect|Adamant||M|||50|]Basculegion||MysticWater|Adaptability|WaveCrash,LastRespects,AquaJet,Protect|Adamant||M|||50|]Garchomp||SitrusBerry|RoughSkin|DragonClaw,Earthquake,RockSlide,PoisonJab|Jolly||F|||50|]Glimmora||FocusSash|ToxicDebris|PowerGem,SludgeBomb,EarthPower,SpikyShield|Modest||F|||50|
|inactive|Battle timer is ON: inactive players will automatically lose when time's up. (requested by AlyxOU)
|
|t:|1783207034
|teamsize|p1|4
|teamsize|p2|4
|start
|switch|p1a: Farigiraf|Farigiraf, L50, M|100/100
|switch|p1b: Incineroar|Incineroar, L50, M|100/100
|switch|p2a: Garchomp|Garchomp, L50, F|100/100
|switch|p2b: Whimsicott|Whimsicott, L50, M|100/100
|-ability|p1b: Incineroar|Intimidate|boost
|-unboost|p2a: Garchomp|atk|1
|-unboost|p2b: Whimsicott|atk|1
|turn|1
|
|t:|1783207047
|switch|p2a: Glimmora|Glimmora, L50, F|100/100
|move|p2b: Whimsicott|Tailwind|p2b: Whimsicott
|-sidestart|p2: AlyxOU|move: Tailwind
|move|p1b: Incineroar|Parting Shot|p2a: Glimmora
|-unboost|p2a: Glimmora|atk|1
|-unboost|p2a: Glimmora|spa|1
|
|t:|1783207056
|switch|p1b: Tyrantrum|Tyrantrum, L50, M|100/100|[from] Parting Shot
|move|p1a: Farigiraf|Trick Room|p1a: Farigiraf
|-fieldstart|move: Trick Room|[of] p1a: Farigiraf
|
|upkeep
|turn|2
|c|☆AlyxOU|you're clicking trick room arent you
|c|☆AlyxOU|yep
|c|☆estarla|Yep
|
|t:|1783207074
|move|p2b: Whimsicott|Encore||[still]
|cant|p1a: Farigiraf|ability: Armor Tail|Encore|[of] p2b: Whimsicott
|move|p1a: Farigiraf|Psychic|p2a: Glimmora
|-supereffective|p2a: Glimmora|1
|-damage|p2a: Glimmora|13/100
|move|p1b: Tyrantrum|Rock Slide|p2b: Whimsicott|[spread] p2a,p2b
|-damage|p2a: Glimmora|0 fnt
|-damage|p2b: Whimsicott|59/100
|-activate|p2a: Glimmora|ability: Toxic Debris
|-sidestart|p1: estarla|move: Toxic Spikes
|faint|p2a: Glimmora
|
|upkeep
|c|☆AlyxOU|fucking prankster
|
|t:|1783207085
|switch|p2a: Basculegion|Basculegion, L50, M|100/100
|turn|3
|
|t:|1783207108
|switch|p1b: Incineroar|Incineroar, L50, M|100/100
|-status|p1b: Incineroar|psn
|-ability|p1b: Incineroar|Intimidate|boost
|-unboost|p2a: Basculegion|atk|1
|-unboost|p2b: Whimsicott|atk|1
|move|p1a: Farigiraf|Psychic|p2b: Whimsicott
|-damage|p2b: Whimsicott|10/100
|move|p2a: Basculegion|Wave Crash|p1a: Farigiraf
|-damage|p1a: Farigiraf|52/100
|-damage|p2a: Basculegion|82/100|[from] Recoil
|move|p2b: Whimsicott|Moonblast|p1b: Incineroar
|-damage|p1b: Incineroar|59/100 psn
|
|-damage|p1b: Incineroar|47/100 psn|[from] psn
|upkeep
|turn|4
|
|t:|1783207131
|move|p1a: Farigiraf|Thunderbolt|p2b: Whimsicott
|-resisted|p2b: Whimsicott|1
|-damage|p2b: Whimsicott|0 fnt
|faint|p2b: Whimsicott
|move|p1b: Incineroar|Darkest Lariat|p2a: Basculegion
|-supereffective|p2a: Basculegion|1
|-damage|p2a: Basculegion|1/100
|move|p2a: Basculegion|Wave Crash|p1a: Farigiraf
|-crit|p1a: Farigiraf
|-damage|p1a: Farigiraf|0 fnt
|faint|p1a: Farigiraf
|-damage|p2a: Basculegion|0 fnt|[from] Recoil
|faint|p2a: Basculegion
|
|-damage|p1b: Incineroar|34/100 psn|[from] psn
|-sideend|p2: AlyxOU|move: Tailwind
|upkeep
|
|t:|1783207138
|switch|p1a: Mawile|Mawile, L50, F|100/100
|switch|p2b: Garchomp|Garchomp, L50, F|100/100
|-ability|p1a: Mawile|Intimidate|boost
|-unboost|p2b: Garchomp|atk|1
|turn|5
|c|☆AlyxOU|gg
|
|t:|1783207147
|detailschange|p1a: Mawile|Mawile-Mega, L50, F
|-mega|p1a: Mawile|Mawile|Mawilite
|move|p1a: Mawile|Swords Dance|p1a: Mawile
|-boost|p1a: Mawile|atk|2
|move|p1b: Incineroar|Parting Shot|p2b: Garchomp
|-unboost|p2b: Garchomp|atk|1
|-unboost|p2b: Garchomp|spa|1
|
|t:|1783207151
|switch|p1b: Tyrantrum|Tyrantrum, L50, M|100/100|[from] Parting Shot
|-status|p1b: Tyrantrum|psn
|move|p2b: Garchomp|Earthquake|p1a: Mawile|[spread] p1a,p1b
|-supereffective|p1a: Mawile|1
|-supereffective|p1b: Tyrantrum|1
|-damage|p1a: Mawile|64/100
|-damage|p1b: Tyrantrum|68/100 psn
|
|-damage|p1b: Tyrantrum|56/100 psn|[from] psn
|-fieldend|move: Trick Room
|upkeep
|turn|6
|
|t:|1783207160
|move|p1a: Mawile|Sucker Punch|p2b: Garchomp
|-damage|p2b: Garchomp|17/100
|-damage|p1a: Mawile|52/100|[from] ability: Rough Skin|[of] p2b: Garchomp
|-enditem|p2b: Garchomp|Sitrus Berry|[eat]
|-heal|p2b: Garchomp|41/100|[from] item: Sitrus Berry
|move|p2b: Garchomp|Earthquake|p1b: Tyrantrum|[spread] p1a,p1b
|-supereffective|p1a: Mawile|1
|-supereffective|p1b: Tyrantrum|1
|-damage|p1a: Mawile|12/100
|-damage|p1b: Tyrantrum|23/100 psn
|move|p1b: Tyrantrum|Ice Fang|p2b: Garchomp
|-supereffective|p2b: Garchomp|2
|-damage|p2b: Garchomp|0 fnt
|-damage|p1b: Tyrantrum|11/100 psn|[from] ability: Rough Skin|[of] p2b: Garchomp
|faint|p2b: Garchomp
|
|win|estarla
