|j|☆SlipperyDanger
|j|☆nillythekid
|html|SlipperyDangernillythekid    
|uhtml|bestof|Game 2 of a best-of-3
|t:|1783534404
|gametype|doubles
|player|p1|SlipperyDanger|cynthia-gen4|
|player|p2|nillythekid|hiker-gen4|
|gen|9
|tier|[Gen 9 Champions] VGC 2026 Reg M-B (Bo3)
|rule|Species Clause: Limit one of each Pokémon
|rule|Item Clause: Limit 1 of each item
|clearpoke
|poke|p1|Blastoise, L50, M|
|poke|p1|Sableye, L50, F|
|poke|p1|Maushold, L50|
|poke|p1|Farigiraf, L50, F|
|poke|p1|Mawile, L50, M|
|poke|p1|Incineroar, L50, F|
|poke|p2|Sinistcha, L50|
|poke|p2|Incineroar, L50, F|
|poke|p2|Milotic, L50, M|
|poke|p2|Raichu, L50, F|
|poke|p2|Floette-Eternal, L50, F|
|poke|p2|Ceruledge, L50, M|
|teampreview|4
|showteam|p1|Blastoise||Blastoisinite|RainDish|WaterSpout,DarkPulse,ShellSmash,Protect|Modest||M|||50|]Sableye||RoseliBerry|Prankster|RainDance,Encore,Disable,FakeOut|Calm||F|||50|]Maushold||FocusSash|FriendGuard|FollowMe,RainDance,Feint,Protect|Jolly|||||50|]Farigiraf||LifeOrb|ArmorTail|HyperVoice,Psychic,TrickRoom,HelpingHand|Quiet||F|||50|]Mawile||Mawilite|HyperCutter|PlayRough,IronHead,SuckerPunch,Protect|Adamant||M|||50|]Incineroar||WhiteHerb|Intimidate|FlareBlitz,DarkestLariat,CloseCombat,FakeOut|Adamant||F|||50|
|showteam|p2|Sinistcha||KasibBerry|Hospitality|MatchaGotcha,LifeDew,RagePowder,Protect|Relaxed|||||50|]Incineroar||SitrusBerry|Intimidate|FlareBlitz,ThroatChop,FakeOut,PartingShot|Impish||F|||50|]Milotic||Leftovers|Competitive|MuddyWater,Coil,Hypnosis,Protect|Calm||M|||50|]Raichu||RaichuniteY|LightningRod|ZapCannon,FocusBlast,FakeOut,Protect|Timid||F|||50|]Floette-Eternal||Floettite|FlowerVeil|DazzlingGleam,DrainingKiss,CalmMind,Protect|Timid||F|||50|]Ceruledge||ColburBerry|FlashFire|BitterBlade,ShadowSneak,BulkUp,Protect|Adamant||M|||50|
|
|t:|1783534454
|teamsize|p1|4
|teamsize|p2|4
|start
|switch|p1a: Blastoise|Blastoise, L50, M|100/100
|switch|p1b: Maushold|Maushold, L50|100/100
|switch|p2a: Milotic|Milotic, L50, M|100/100
|switch|p2b: Raichu|Raichu, L50, F|100/100
|turn|1
|
|t:|1783534475
|detailschange|p2b: Raichu|Raichu-Mega-Y, L50, F
|-mega|p2b: Raichu|Raichu|Raichunite Y
|detailschange|p1a: Blastoise|Blastoise-Mega, L50, M
|-mega|p1a: Blastoise|Blastoise|Blastoisinite
|move|p1b: Maushold|Follow Me|p1b: Maushold
|-singleturn|p1b: Maushold|move: Follow Me
|move|p2b: Raichu|Zap Cannon|p1b: Maushold
|-damage|p1b: Maushold|27/100
|-status|p1b: Maushold|par
|move|p1a: Blastoise|Shell Smash|p1a: Blastoise
|-unboost|p1a: Blastoise|def|1
|-unboost|p1a: Blastoise|spd|1
|-boost|p1a: Blastoise|atk|2
|-boost|p1a: Blastoise|spa|2
|-boost|p1a: Blastoise|spe|2
|move|p2a: Milotic|Coil|p2a: Milotic
|-boost|p2a: Milotic|atk|1
|-boost|p2a: Milotic|def|1
|-boost|p2a: Milotic|accuracy|1
|
|upkeep
|turn|2
|
|t:|1783534504
|move|p2b: Raichu|Protect|p2b: Raichu
|-singleturn|p2b: Raichu|Protect
|move|p1b: Maushold|Follow Me|p1b: Maushold
|-singleturn|p1b: Maushold|move: Follow Me
|move|p1a: Blastoise|Water Spout|p2a: Milotic|[spread] p2a
|-activate|p2b: Raichu|move: Protect
|-resisted|p2a: Milotic|1
|-damage|p2a: Milotic|57/100
|move|p2a: Milotic|Muddy Water|p1b: Maushold|[spread] p1a,p1b
|-resisted|p1a: Blastoise|1
|-damage|p1a: Blastoise|88/100
|-damage|p1b: Maushold|0 fnt
|faint|p1b: Maushold
|
|-heal|p2a: Milotic|63/100|[from] item: Leftovers
|upkeep
|
|t:|1783534523
|switch|p1b: Sableye|Sableye, L50, F|100/100
|turn|3
|
|t:|1783534529
|switch|p2b: Sinistcha|Sinistcha, L50|100/100
|-heal|p2a: Milotic|88/100|[from] ability: Hospitality|[of] p2b: Sinistcha
|move|p1b: Sableye|Rain Dance|p1b: Sableye
|-weather|RainDance
|move|p1a: Blastoise|Water Spout|p2a: Milotic|[spread] p2a,p2b
|-resisted|p2a: Milotic|1
|-resisted|p2b: Sinistcha|1
|-damage|p2a: Milotic|30/100
|-damage|p2b: Sinistcha|24/100
|move|p2a: Milotic|Muddy Water|p1a: Blastoise|[spread] p1a,p1b
|-resisted|p1a: Blastoise|1
|-damage|p1a: Blastoise|62/100
|-damage|p1b: Sableye|61/100
|-unboost|p1a: Blastoise|accuracy|1
|
|-weather|RainDance|[upkeep]
|-heal|p2a: Milotic|36/100|[from] item: Leftovers
|upkeep
|turn|4
|
|t:|1783534551
|move|p2b: Sinistcha|Rage Powder|p2b: Sinistcha
|-singleturn|p2b: Sinistcha|move: Rage Powder
|move|p1b: Sableye|Disable|p2b: Sinistcha
|-start|p2b: Sinistcha|Disable|Rage Powder
|move|p1a: Blastoise|Water Spout|p2b: Sinistcha|[spread] p2a,p2b
|-resisted|p2a: Milotic|1
|-crit|p2a: Milotic
|-resisted|p2b: Sinistcha|1
|-damage|p2a: Milotic|0 fnt
|-damage|p2b: Sinistcha|0 fnt
|faint|p2a: Milotic
|faint|p2b: Sinistcha
|
|-weather|RainDance|[upkeep]
|upkeep
|
|t:|1783534561
|switch|p2a: Ceruledge|Ceruledge, L50, M|100/100
|switch|p2b: Raichu|Raichu-Mega-Y, L50, F|100/100
|turn|5
|
|t:|1783534600
|switch|p1b: Farigiraf|Farigiraf, L50, F|100/100
|move|p2a: Ceruledge|Shadow Sneak||[still]
|cant|p1b: Farigiraf|ability: Armor Tail|Shadow Sneak|[of] p2a: Ceruledge
|move|p1a: Blastoise|Water Spout|p2b: Raichu|[spread] p2a,p2b
|-supereffective|p2a: Ceruledge|1
|-damage|p2a: Ceruledge|0 fnt
|-damage|p2b: Raichu|0 fnt
|faint|p2a: Ceruledge
|faint|p2b: Raichu
|
|win|SlipperyDanger
|c|☆SlipperyDanger|Gg!
|c|☆nillythekid|gg
