|j|☆katkraydel
|j|☆EmanuelaOrlandiVGC
|html|katkraydelEmanuelaOrlandiVGC    
|uhtml|bestof|Game 2 of a best-of-3
|t:|1783158436
|gametype|doubles
|player|p1|katkraydel|lebanne|1274
|player|p2|EmanuelaOrlandiVGC|kieran-champion|1327
|gen|9
|tier|[Gen 9 Champions] VGC 2026 Reg M-B (Bo3)
|rated|
|rule|Species Clause: Limit one of each Pokémon
|rule|Item Clause: Limit 1 of each item
|clearpoke
|poke|p1|Whimsicott, L50, M|
|poke|p1|Tyranitar, L50, M|
|poke|p1|Gengar, L50, M|
|poke|p1|Kommo-o, L50, F|
|poke|p1|Excadrill, L50, M|
|poke|p1|Floette-Eternal, L50, F|
|poke|p2|Sneasler, L50, M|
|poke|p2|Delphox, L50, M|
|poke|p2|Kingambit, L50, M|
|poke|p2|Sinistcha, L50|
|poke|p2|Incineroar, L50, M|
|poke|p2|Blastoise, L50, M|
|teampreview|4
|showteam|p1|Whimsicott||MentalHerb|Prankster|Moonblast,Tailwind,Encore,FakeTears|Bold||M|||50|]Tyranitar||ChoiceScarf|SandStream|RockSlide,KnockOff,LowKick,IcePunch|Jolly||M|||50|]Gengar||Gengarite|CursedBody|ShadowBall,SludgeBomb,Substitute,Protect|Modest||M|||50|]Kommo-o||LifeOrb|Overcoat|ClangingScales,AuraSphere,FlashCannon,Protect|Modest||F|||50|]Excadrill||FocusSash|SandRush|HighHorsepower,IronHead,RockTomb,Protect|Adamant||M|||50|]Floette-Eternal||Floettite|FlowerVeil|Moonblast,DazzlingGleam,LightofRuin,Protect|Modest||F|||50|
|showteam|p2|Sneasler||FocusSash|PoisonTouch|FakeOut,CloseCombat,QuickGuard,DireClaw|Jolly||M|||50|]Delphox||Delphoxite|Blaze|HeatWave,Psyshock,Protect,NastyPlot|Timid||M|||50|]Kingambit||BlackGlasses|Defiant|KowtowCleave,SwordsDance,SuckerPunch,Protect|Adamant||M|||50|]Sinistcha||OccaBerry|Hospitality|MatchaGotcha,RagePowder,TrickRoom,Protect|Bold|||||50|]Incineroar||SitrusBerry|Intimidate|FakeOut,PartingShot,ThroatChop,FlareBlitz|Careful||M|||50|]Blastoise||Blastoisinite|Torrent|WaterSpout,DarkPulse,ShellSmash,Protect|Modest||M|||50|
|inactive|Battle timer is ON: inactive players will automatically lose when time's up. (requested by EmanuelaOrlandiVGC)
|
|t:|1783158478
|teamsize|p1|4
|teamsize|p2|4
|start
|switch|p1a: Whimsicott|Whimsicott, L50, M|100/100
|switch|p1b: Gengar|Gengar, L50, M|100/100
|switch|p2a: Incineroar|Incineroar, L50, M|100/100
|switch|p2b: Delphox|Delphox, L50, M|100/100
|-ability|p2a: Incineroar|Intimidate|boost
|-unboost|p1a: Whimsicott|atk|1
|-unboost|p1b: Gengar|atk|1
|turn|1
|
|t:|1783158498
|detailschange|p2b: Delphox|Delphox-Mega, L50, M
|-mega|p2b: Delphox|Delphox|Delphoxite
|detailschange|p1b: Gengar|Gengar-Mega, L50, M
|-mega|p1b: Gengar|Gengar|Gengarite
|move|p1b: Gengar|Protect|p1b: Gengar
|-singleturn|p1b: Gengar|Protect
|move|p2a: Incineroar|Fake Out|p1a: Whimsicott
|-damage|p1a: Whimsicott|89/100
|cant|p1a: Whimsicott|flinch
|move|p2b: Delphox|Nasty Plot|p2b: Delphox
|-boost|p2b: Delphox|spa|2
|
|upkeep
|turn|2
|
|t:|1783158517
|move|p2b: Delphox|Protect|p2b: Delphox
|-singleturn|p2b: Delphox|Protect
|move|p1a: Whimsicott|Encore|p2b: Delphox
|-activate|p2b: Delphox|move: Protect
|move|p1b: Gengar|Substitute|p1b: Gengar
|-start|p1b: Gengar|Substitute
|-damage|p1b: Gengar|75/100
|move|p2a: Incineroar|Flare Blitz|p1a: Whimsicott
|-supereffective|p1a: Whimsicott|1
|-damage|p1a: Whimsicott|0 fnt
|faint|p1a: Whimsicott
|-damage|p2a: Incineroar|75/100|[from] Recoil
|
|upkeep
|
|t:|1783158523
|switch|p1a: Tyranitar|Tyranitar, L50, M|100/100
|-weather|Sandstorm|[from] ability: Sand Stream|[of] p1a: Tyranitar
|turn|3
|inactive|EmanuelaOrlandiVGC has 30 seconds left.
|
|t:|1783158554
|move|p2b: Delphox|Protect|p2b: Delphox
|-singleturn|p2b: Delphox|Protect
|move|p1a: Tyranitar|Rock Slide|p2a: Incineroar|[spread] p2a
|-activate|p2b: Delphox|move: Protect
|-supereffective|p2a: Incineroar|1
|-damage|p2a: Incineroar|14/100
|-enditem|p2a: Incineroar|Sitrus Berry|[eat]
|-heal|p2a: Incineroar|39/100|[from] item: Sitrus Berry
|move|p1b: Gengar|Shadow Ball|p2b: Delphox
|-activate|p2b: Delphox|move: Protect
|cant|p2a: Incineroar|flinch
|
|-weather|Sandstorm|[upkeep]
|-damage|p2b: Delphox|93/100|[from] Sandstorm
|-damage|p1b: Gengar|69/100|[from] Sandstorm
|-damage|p2a: Incineroar|33/100|[from] Sandstorm
|upkeep
|turn|4
|
|t:|1783158573
|move|p2b: Delphox|Heat Wave|p1a: Tyranitar|[spread] p1b
|-miss|p2b: Delphox|p1a: Tyranitar
|-end|p1b: Gengar|Substitute
|move|p1a: Tyranitar|Rock Slide|p2b: Delphox|[spread] p2a,p2b
|-supereffective|p2a: Incineroar|1
|-supereffective|p2b: Delphox|1
|-damage|p2a: Incineroar|0 fnt
|-damage|p2b: Delphox|15/100
|faint|p2a: Incineroar
|move|p1b: Gengar|Shadow Ball|p2b: Delphox
|-supereffective|p2b: Delphox|1
|-damage|p2b: Delphox|0 fnt
|faint|p2b: Delphox
|
|-weather|Sandstorm|[upkeep]
|-damage|p1b: Gengar|63/100|[from] Sandstorm
|upkeep
|
|t:|1783158579
|switch|p2b: Sneasler|Sneasler, L50, M|100/100
|switch|p2a: Sinistcha|Sinistcha, L50|100/100
|turn|5
|
|t:|1783158588
|switch|p1a: Kommo-o|Kommo-o, L50, F|100/100
|move|p2b: Sneasler|Fake Out|p1a: Kommo-o
|-damage|p1a: Kommo-o|89/100
|move|p1b: Gengar|Shadow Ball|p2a: Sinistcha
|-supereffective|p2a: Sinistcha|1
|-damage|p2a: Sinistcha|0 fnt
|faint|p2a: Sinistcha
|
|-weather|Sandstorm|[upkeep]
|-damage|p2b: Sneasler|94/100|[from] Sandstorm
|-damage|p1b: Gengar|57/100|[from] Sandstorm
|upkeep
|turn|6
|-message|EmanuelaOrlandiVGC forfeited.
|
|win|katkraydel
|l|☆EmanuelaOrlandiVGC
|player|p2|
||EmanuelaOrlandiVGC is ready for game 3.
||katkraydel is ready for game 3.
|uhtml|next|Next: Game 3 of 3
|l|☆katkraydel
|player|p1|
|j|☆katkraydel
|player|p1|katkraydel|lebanne|
|l|☆katkraydel
|player|p1|
|j|☆katkraydel
|player|p1|katkraydel|lebanne|
