|j|☆sweetlysunny
|j|☆thebrickwall285
|html|sweetlysunnythebrickwall285    
|uhtml|bestof|Game 2 of a best-of-3
|t:|1783879118
|gametype|doubles
|player|p1|sweetlysunny|serena|1176
|player|p2|thebrickwall285|2|1097
|gen|9
|tier|[Gen 9 Champions] VGC 2026 Reg M-B (Bo3)
|rated|
|rule|Species Clause: Limit one of each Pokémon
|rule|Item Clause: Limit 1 of each item
|clearpoke
|poke|p1|Torkoal, L50, M|
|poke|p1|Pyroar, L50, F|
|poke|p1|Vileplume, L50, F|
|poke|p1|Scrafty, L50, F|
|poke|p1|Farigiraf, L50, M|
|poke|p1|Sylveon, L50, F|
|poke|p2|Scovillain, L50, F|
|poke|p2|Aerodactyl, L50, M|
|poke|p2|Sylveon, L50, F|
|poke|p2|Salazzle, L50, F|
|poke|p2|Meowstic, L50, M|
|poke|p2|Kingambit, L50, M|
|teampreview|4
|showteam|p1|Torkoal||Charcoal|Drought|HeatWave,Eruption,HelpingHand,Protect|Quiet||M|||50|]Pyroar||Pyroarite|Unnerve|HeatWave,Overheat,ScorchingSands,Protect|Timid||F|||50|]Vileplume||FocusSash|Chlorophyll|EnergyBall,SludgeBomb,SleepPowder,AfterYou|Timid||F|||50|]Scrafty||Scraftinite|Intimidate|FakeOut,CloseCombat,PoisonJab,KnockOff|Brave||F|||50|]Farigiraf||SitrusBerry|ArmorTail|HyperVoice,Psychic,HelpingHand,TrickRoom|Bold||M|||50|]Sylveon||FairyFeather|Pixilate|HyperVoice,HyperBeam,QuickAttack,Protect|Quiet||F|||50|
|showteam|p2|Scovillain||Scovillainite|Chlorophyll|Flamethrower,GigaDrain,RagePowder,LeechSeed|Modest||F|||50|]Aerodactyl||Aerodactylite|RockHead|DragonClaw,Tailwind,DualWingbeat,RockSlide|Jolly||M|||50|]Sylveon||SitrusBerry|Pixilate|CalmMind,Protect,HyperVoice,ShadowBall|Modest||F|||50|]Salazzle||ShellBell|Corrosion|FakeOut,Flamethrower,SludgeBomb,Toxic|Hasty||F|||50|]Meowstic||FocusSash|Prankster|FakeOut,TrickRoom,Psychic,SunnyDay|Sassy||M|||50|]Kingambit||Leftovers|Defiant|IronHead,LowKick,SuckerPunch,KowtowCleave|Adamant||M|||50|
|inactive|Battle timer is ON: inactive players will automatically lose when time's up. (requested by sweetlysunny)
|
|t:|1783879131
|teamsize|p1|4
|teamsize|p2|4
|start
|switch|p1a: Farigiraf|Farigiraf, L50, M|100/100
|switch|p1b: Scrafty|Scrafty, L50, F|100/100
|switch|p2a: Kingambit|Kingambit, L50, M|100/100
|switch|p2b: Meowstic|Meowstic, L50, M|100/100
|-ability|p1b: Scrafty|Intimidate|boost
|-unboost|p2a: Kingambit|atk|1
|-ability|p2a: Kingambit|Defiant|boost
|-boost|p2a: Kingambit|atk|2
|-unboost|p2b: Meowstic|atk|1
|turn|1
|
|t:|1783879146
|move|p1b: Scrafty|Fake Out|p2b: Meowstic
|-damage|p2b: Meowstic|83/100
|move|p2a: Kingambit|Kowtow Cleave|p1a: Farigiraf
|-supereffective|p1a: Farigiraf|1
|-damage|p1a: Farigiraf|0 fnt
|faint|p1a: Farigiraf
|cant|p2b: Meowstic|flinch
|
|upkeep
|
|t:|1783879155
|switch|p1a: Torkoal|Torkoal, L50, M|100/100
|-weather|SunnyDay|[from] ability: Drought|[of] p1a: Torkoal
|turn|2
|
|t:|1783879166
|move|p2b: Meowstic|Psychic|p1a: Torkoal
|-damage|p1a: Torkoal|65/100
|move|p1b: Scrafty|Close Combat|p2a: Kingambit
|-supereffective|p2a: Kingambit|2
|-damage|p2a: Kingambit|0 fnt
|-unboost|p1b: Scrafty|def|1
|-unboost|p1b: Scrafty|spd|1
|faint|p2a: Kingambit
|move|p1a: Torkoal|Heat Wave|p2b: Meowstic
|-damage|p2b: Meowstic|19/100
|
|-weather|SunnyDay|[upkeep]
|upkeep
|
|t:|1783879173
|switch|p2a: Sylveon|Sylveon, L50, F|100/100
|turn|3
|
|t:|1783879180
|detailschange|p1b: Scrafty|Scrafty-Mega, L50, F
|-mega|p1b: Scrafty|Scrafty|Scraftinite
|-ability|p1b: Scrafty|Intimidate|boost
|-unboost|p2a: Sylveon|atk|1
|-unboost|p2b: Meowstic|atk|1
|move|p2b: Meowstic|Psychic|p1a: Torkoal
|-damage|p1a: Torkoal|31/100
|move|p2a: Sylveon|Hyper Voice|p1a: Torkoal|[spread] p1a,p1b
|-resisted|p1a: Torkoal|1
|-supereffective|p1b: Scrafty|2
|-damage|p1a: Torkoal|3/100
|-damage|p1b: Scrafty|0 fnt
|faint|p1b: Scrafty
|move|p1a: Torkoal|Heat Wave|p2a: Sylveon|[spread] p2a,p2b
|-damage|p2a: Sylveon|58/100
|-damage|p2b: Meowstic|0 fnt
|faint|p2b: Meowstic
|
|-weather|SunnyDay|[upkeep]
|upkeep
|
|t:|1783879191
|switch|p2b: Scovillain|Scovillain, L50, F|100/100
|switch|p1b: Sylveon|Sylveon, L50, F|100/100
|turn|4
|
|t:|1783879202
|detailschange|p2b: Scovillain|Scovillain-Mega, L50, F
|-mega|p2b: Scovillain|Scovillain|Scovillainite
|move|p1a: Torkoal|Helping Hand|p1b: Sylveon
|-singleturn|p1b: Sylveon|Helping Hand|[of] p1a: Torkoal
|move|p2b: Scovillain|Flamethrower|p1b: Sylveon
|-damage|p1b: Sylveon|42/100
|move|p2a: Sylveon|Hyper Voice|p1b: Sylveon|[spread] p1a,p1b
|-resisted|p1a: Torkoal|1
|-damage|p1a: Torkoal|0 fnt
|-damage|p1b: Sylveon|12/100
|faint|p1a: Torkoal
|move|p1b: Sylveon|Hyper Voice|p2b: Scovillain|[spread] p2a,p2b
|-crit|p2a: Sylveon
|-resisted|p2b: Scovillain|1
|-damage|p2a: Sylveon|0 fnt
|-damage|p2b: Scovillain|56/100
|-status|p1b: Sylveon|brn|[from] ability: Spicy Spray|[of] p2b: Scovillain
|faint|p2a: Sylveon
|
|-weather|SunnyDay|[upkeep]
|-damage|p1b: Sylveon|6/100 brn|[from] brn
|upkeep
|turn|5
|
|t:|1783879217
|move|p2b: Scovillain|Giga Drain|p1b: Sylveon
|-damage|p1b: Sylveon|0 fnt
|-heal|p2b: Scovillain|60/100|[from] drain|[of] p1b: Sylveon
|faint|p1b: Sylveon
|
|win|thebrickwall285
