|j|☆Arkhept
|j|☆beeetch
|html|Arkheptbeeetch    
|uhtml|bestof|Game 3 of a best-of-3
|t:|1756675955
|gametype|doubles
|player|p1|Arkhept|misty|1302
|player|p2|beeetch|beauty-gen4dp|1275
|gen|9
|tier|[Gen 9] VGC 2025 Reg H (Bo3)
|rated|
|rule|Species Clause: Limit one of each Pokémon
|rule|Item Clause: Limit 1 of each item
|clearpoke
|poke|p1|Milotic, L50, F|
|poke|p1|Tyranitar, L50, F|
|poke|p1|Talonflame, L50, M|
|poke|p1|Garchomp, L50, M|
|poke|p1|Amoonguss, L50, F|
|poke|p1|Gholdengo, L50|
|poke|p2|Toedscruel, L50, M|
|poke|p2|Weezing-Galar, L50, F|
|poke|p2|Corviknight, L50, M|
|poke|p2|Pawmot, L50, M|
|poke|p2|Garchomp, L50, F|
|poke|p2|Typhlosion-Hisui, L50, M|
|teampreview|4
|showteam|p1|Milotic||SafetyGoggles|Competitive|Scald,IcyWind,Haze,Protect|||F|||50|,,,,,Dragon]Tyranitar||AssaultVest|SandStream|RockSlide,KnockOff,LowKick,TeraBlast|||F|||50|,,,,,Flying]Talonflame||CovertCloak|GaleWings|BraveBird,Tailwind,WillOWisp,Taunt|||M|||50|,,,,,Ghost]Garchomp||LifeOrb|RoughSkin|Protect,StompingTantrum,Earthquake,DragonClaw|||M|||50|,,,,,Steel]Amoonguss||SitrusBerry|Regenerator|Protect,RagePowder,Spore,PollenPuff|||F|||50|,,,,,Water]Gholdengo||IronPlate|GoodasGold|MakeItRain,ShadowBall,NastyPlot,Protect||||||50|,,,,,Flying
|showteam|p2|Toedscruel||CovertCloak|MyceliumMight|Spore,EarthPower,AcidSpray,RagePowder|||M|||50|,,,,,Water]Weezing-Galar||ChoiceSpecs|NeutralizingGas|DazzlingGleam,SludgeBomb,StrangeSteam,Flamethrower|||F|||50|,,,,,Fire]Corviknight||SitrusBerry|MirrorArmor|Protect,Tailwind,Roost,BraveBird|||M|||50|,,,,,Dragon]Pawmot||FocusSash|NaturalCure|Protect,CloseCombat,DoubleShock,FakeOut|||M|||50|,,,,,Electric]Garchomp||LifeOrb|RoughSkin|Protect,Earthquake,DragonClaw,StompingTantrum|||F|||50|,,,,,Ground]Typhlosion-Hisui||ChoiceScarf|Blaze|Eruption,SleepTalk,HeatWave,ShadowBall|||M|||50|,,,,,Fire
|
|t:|1756675968
|teamsize|p1|4
|teamsize|p2|4
|start
|switch|p1a: Talonflame|Talonflame, L50, M|100/100
|switch|p1b: Garchomp|Garchomp, L50, M|100/100
|switch|p2a: Weezing|Weezing-Galar, L50, F|100/100
|switch|p2b: Pawmot|Pawmot, L50, M|100/100
|-ability|p2a: Weezing|Neutralizing Gas
|turn|1
|
|t:|1756675982
|move|p2b: Pawmot|Fake Out|p1b: Garchomp
|-damage|p1b: Garchomp|87/100
|move|p1a: Talonflame|Tailwind|p1a: Talonflame
|-sidestart|p1: Arkhept|move: Tailwind
|cant|p1b: Garchomp|flinch
|move|p2a: Weezing|Dazzling Gleam|p1a: Talonflame|[spread] p1a,p1b
|-resisted|p1a: Talonflame
|-supereffective|p1b: Garchomp
|-crit|p1b: Garchomp
|-damage|p1a: Talonflame|77/100
|-damage|p1b: Garchomp|0 fnt
|faint|p1b: Garchomp
|
|upkeep
|
|t:|1756675989
|switch|p1b: Tyranitar|Tyranitar, L50, F|100/100
|turn|2
|
|t:|1756676030
|-terastallize|p2b: Pawmot|Electric
|move|p1a: Talonflame|Will-O-Wisp|p2b: Pawmot|[miss]
|-miss|p1a: Talonflame|p2b: Pawmot
|move|p1b: Tyranitar|Rock Slide|p2b: Pawmot|[spread] p2a,p2b
|-damage|p2a: Weezing|70/100
|-damage|p2b: Pawmot|50/100
|move|p2b: Pawmot|Double Shock|p1a: Talonflame
|-supereffective|p1a: Talonflame
|-damage|p1a: Talonflame|0 fnt
|-start|p2b: Pawmot|typechange|Electric|[from] move: Double Shock
|faint|p1a: Talonflame
|move|p2a: Weezing|Dazzling Gleam|p1b: Tyranitar
|-supereffective|p1b: Tyranitar
|-damage|p1b: Tyranitar|40/100
|
|upkeep
|
|t:|1756676034
|switch|p1a: Milotic|Milotic, L50, F|100/100
|turn|3
|
|t:|1756676046
|move|p2b: Pawmot|Protect|p2b: Pawmot
|-singleturn|p2b: Pawmot|Protect
|move|p1a: Milotic|Icy Wind|p2a: Weezing|[spread] p2a
|-activate|p2b: Pawmot|move: Protect
|-damage|p2a: Weezing|56/100
|-unboost|p2a: Weezing|spe|1
|move|p1b: Tyranitar|Rock Slide|p2a: Weezing|[spread] p2a
|-activate|p2b: Pawmot|move: Protect
|-damage|p2a: Weezing|23/100
|cant|p2a: Weezing|flinch
|
|upkeep
|turn|4
|
|t:|1756676057
|switch|p2b: Corviknight|Corviknight, L50, M|100/100
|move|p1a: Milotic|Icy Wind|p2b: Corviknight|[spread] p2a,p2b
|-damage|p2a: Weezing|10/100
|-damage|p2b: Corviknight|91/100
|-unboost|p2a: Weezing|spe|1
|-unboost|p2b: Corviknight|spe|1
|move|p1b: Tyranitar|Rock Slide|p2a: Weezing|[spread] p2a,p2b
|-damage|p2a: Weezing|0 fnt
|-damage|p2b: Corviknight|66/100
|faint|p2a: Weezing
|-end|p2a: Weezing|ability: Neutralizing Gas
|-weather|Sandstorm|[from] ability: Sand Stream|[of] p1b: Tyranitar
|
|-weather|Sandstorm|[upkeep]
|-sideend|p1: Arkhept|move: Tailwind
|upkeep
|
|t:|1756676068
|switch|p2a: Pawmot|Pawmot, L50, M, tera:Electric|50/100
|turn|5
|
|t:|1756676096
|-terastallize|p1b: Tyranitar|Flying
|move|p2a: Pawmot|Close Combat|p1b: Tyranitar
|-resisted|p1b: Tyranitar
|-damage|p1b: Tyranitar|14/100
|-unboost|p2a: Pawmot|def|1
|-unboost|p2a: Pawmot|spd|1
|move|p1a: Milotic|Icy Wind|p2b: Corviknight|[spread] p2a,p2b
|-damage|p2a: Pawmot|24/100
|-damage|p2b: Corviknight|57/100
|-unboost|p2a: Pawmot|spe|1
|-ability|p2b: Corviknight|Mirror Armor
|-unboost|p1a: Milotic|spe|1
|-ability|p1a: Milotic|Competitive|boost
|-boost|p1a: Milotic|spa|2
|move|p1b: Tyranitar|Rock Slide|p2a: Pawmot|[spread] p2a,p2b
|-damage|p2a: Pawmot|0 fnt
|-damage|p2b: Corviknight|28/100
|-enditem|p2b: Corviknight|Sitrus Berry|[eat]
|-heal|p2b: Corviknight|53/100|[from] item: Sitrus Berry
|faint|p2a: Pawmot
|move|p2b: Corviknight|Brave Bird|p1a: Milotic
|-damage|p1a: Milotic|64/100
|-damage|p2b: Corviknight|41/100|[from] Recoil
|
|-weather|Sandstorm|[upkeep]
|-damage|p1b: Tyranitar|8/100|[from] Sandstorm
|upkeep
|
|t:|1756676114
|switch|p2a: Typhlosion|Typhlosion-Hisui, L50, M|100/100
|turn|6
|
|t:|1756676135
|move|p2a: Typhlosion|Heat Wave|p1a: Milotic|[spread] p1a,p1b
|-resisted|p1a: Milotic
|-damage|p1a: Milotic|50/100
|-damage|p1b: Tyranitar|0 fnt
|faint|p1b: Tyranitar
|move|p1a: Milotic|Scald|p2a: Typhlosion
|-supereffective|p2a: Typhlosion
|-damage|p2a: Typhlosion|0 fnt
|faint|p2a: Typhlosion
|move|p2b: Corviknight|Roost|p2b: Corviknight
|-heal|p2b: Corviknight|91/100
|-singleturn|p2b: Corviknight|move: Roost
|
|-weather|Sandstorm|[upkeep]
|upkeep
|turn|7
|
|t:|1756676148
|move|p2b: Corviknight|Protect|p2b: Corviknight
|-singleturn|p2b: Corviknight|Protect
|move|p1a: Milotic|Scald|p2b: Corviknight
|-activate|p2b: Corviknight|move: Protect
|
|-weather|Sandstorm|[upkeep]
|upkeep
|turn|8
|
|t:|1756676153
|move|p1a: Milotic|Scald|p2b: Corviknight
|-damage|p2b: Corviknight|43/100
|move|p2b: Corviknight|Brave Bird|p1a: Milotic
|-damage|p1a: Milotic|11/100
|-damage|p2b: Corviknight|30/100|[from] Recoil
|
|-weather|none
|upkeep
|turn|9
|
|t:|1756676162
|move|p2b: Corviknight|Protect|p2b: Corviknight
|-singleturn|p2b: Corviknight|Protect
|move|p1a: Milotic|Scald|p2b: Corviknight
|-activate|p2b: Corviknight|move: Protect
|
|upkeep
|turn|10
|
|t:|1756676170
|move|p1a: Milotic|Scald|p2b: Corviknight
|-damage|p2b: Corviknight|0 fnt
|faint|p2b: Corviknight
|
|win|Arkhept
|raw|Arkhept's rating: 1302 → 1320(+18 for winning)
|raw|beeetch's rating: 1275 → 1252(-23 for losing)
