|j|тШЖStutesting
|j|тШЖeutherians
|html|Stutestingeutherians    
|uhtml|bestof|Game 1 of a best-of-3
|t:|1757626407
|gametype|doubles
|player|p1|Stutesting|265|1219
|player|p2|eutherians|265|1259
|gen|9
|tier|[Gen 9] VGC 2025 Reg H (Bo3)
|rated|
|rule|Species Clause: Limit one of each Pok├йmon
|rule|Item Clause: Limit 1 of each item
|clearpoke
|poke|p1|Amoonguss, L50, M|
|poke|p1|Incineroar, L50, F|
|poke|p1|Ceruledge, L50, F|
|poke|p1|Porygon2, L50|
|poke|p1|Palafin, L50, F|
|poke|p1|Ursaluna, L50, M|
|poke|p2|Ribombee, L50, F|
|poke|p2|Archaludon, L50, F|
|poke|p2|Annihilape, L50, F|
|poke|p2|Indeedee, L50, M|
|poke|p2|Incineroar, L50, F|
|poke|p2|Corviknight, L50, F|
|teampreview|4
|showteam|p1|Amoonguss||SitrusBerry|Regenerator|Spore,RagePowder,PollenPuff,Protect|||M|||50|,,,,,Water]Incineroar||SafetyGoggles|Intimidate|FakeOut,KnockOff,FlareBlitz,PartingShot|||F|||50|,,,,,Grass]Ceruledge||AssaultVest|FlashFire|BitterBlade,ShadowSneak,CloseCombat,TeraBlast|||F|||50|,,,,,Grass]Porygon2||Eviolite|Download|TeraBlast,IceBeam,TrickRoom,Recover||||||50|,,,,,Fairy]Palafin||MysticWater|ZerotoHero|JetPunch,WaveCrash,CloseCombat,Protect|||F|||50|,,,,,Water]Ursaluna||FlameOrb|Guts|Facade,HeadlongRush,Earthquake,Protect|||M|||50|,,,,,Poison
|showteam|p2|Ribombee||FocusSash|ShieldDust|Moonblast,Tailwind,FakeTears,Protect|||F|||50|,,,,,Fairy]Archaludon||PowerHerb|Sturdy|ElectroShot,DragonPulse,FlashCannon,Protect|||F|||50|,,,,,Stellar]Annihilape||SafetyGoggles|Defiant|RageFist,CloseCombat,FinalGambit,Taunt|||F|||50|,,,,,Fire]Indeedee||ChoiceScarf|PsychicSurge|ExpandingForce,TeraBlast,Trick,Protect|||M|||50|,,,,,Psychic]Incineroar||AssaultVest|Intimidate|FakeOut,FlareBlitz,KnockOff,Uturn|||F|||50|,,,,,Grass]Corviknight||PsychicSeed|MirrorArmor|IronDefense,BodyPress,BraveBird,Roost|||F|||50|,,,,,Dragon
|inactive|Battle timer is ON: inactive players will automatically lose when time's up. (requested by Stutesting)
|c|тШЖeutherians|That is a ceruledge
|c|тШЖStutesting|ItтАЩs my lil guy
|inactive|Stutesting has 60 seconds left.
|inactive|eutherians has 60 seconds left.
|
|t:|1757626452
|teamsize|p1|4
|teamsize|p2|4
|start
|switch|p1a: Porygon2|Porygon2, L50|100/100
|switch|p1b: Ceruledge|Ceruledge, L50, F, shiny|100/100
|switch|p2a: Annihilape|Annihilape, L50, F|100/100
|switch|p2b: Incineroar|Incineroar, L50, F|100/100
|-ability|p2b: Incineroar|Intimidate|boost
|-unboost|p1a: Porygon2|atk|1
|-unboost|p1b: Ceruledge|atk|1
|-ability|p1a: Porygon2|Download|boost
|-boost|p1a: Porygon2|spa|1
|turn|1
|c|тШЖeutherians|Do you like my guy
|c|тШЖeutherians|ЁЯРЭ
|c|тШЖStutesting|ItтАЩs like whimsiott
|inactive|Stutesting has 30 seconds left.
|inactive|eutherians has 30 seconds left.
|c|тШЖStutesting|But worse
|c|тШЖStutesting|Me gusta
|
|t:|1757626486
|switch|p1b: Amoonguss|Amoonguss, L50, M|100/100
|move|p2a: Annihilape|Final Gambit|p1a: Porygon2
|-damage|p1a: Porygon2|0 fnt
|faint|p2a: Annihilape
|faint|p1a: Porygon2
|move|p2b: Incineroar|Knock Off|p1b: Amoonguss
|-damage|p1b: Amoonguss|58/100
|-enditem|p1b: Amoonguss|Sitrus Berry|[from] move: Knock Off|[of] p2b: Incineroar
|
|upkeep
|
|t:|1757626502
|switch|p2a: Archaludon|Archaludon, L50, F|100/100
|switch|p1a: Ursaluna|Ursaluna, L50, M|100/100
|turn|2
|inactive|eutherians has 30 seconds left.
|
|t:|1757626538
|-terastallize|p2b: Incineroar|Grass
|move|p2a: Archaludon|Protect|p2a: Archaludon
|-singleturn|p2a: Archaludon|Protect
|move|p1a: Ursaluna|Protect|p1a: Ursaluna
|-singleturn|p1a: Ursaluna|Protect
|move|p2b: Incineroar|Flare Blitz|p1b: Amoonguss
|-supereffective|p1b: Amoonguss
|-damage|p1b: Amoonguss|0 fnt
|faint|p1b: Amoonguss
|-damage|p2b: Incineroar|80/100|[from] Recoil
|
|-status|p1a: Ursaluna|brn|[from] item: Flame Orb
|upkeep
|
|t:|1757626546
|switch|p1b: Ceruledge|Ceruledge, L50, F, shiny|100/100
|turn|3
|
|t:|1757626557
|move|p2a: Archaludon|Electro Shot||[still]
|-prepare|p2a: Archaludon|Electro Shot
|-boost|p2a: Archaludon|spa|1
|-enditem|p2a: Archaludon|Power Herb
|-anim|p2a: Archaludon|Electro Shot|p1b: Ceruledge
|-damage|p1b: Ceruledge|59/100
|move|p1b: Ceruledge|Bitter Blade|p2b: Incineroar
|-supereffective|p2b: Incineroar
|-damage|p2b: Incineroar|2/100
|-heal|p1b: Ceruledge|100/100|[from] drain|[of] p2b: Incineroar
|move|p2b: Incineroar|Knock Off|p1b: Ceruledge
|-supereffective|p1b: Ceruledge
|-damage|p1b: Ceruledge|20/100
|-enditem|p1b: Ceruledge|Assault Vest|[from] move: Knock Off|[of] p2b: Incineroar
|move|p1a: Ursaluna|Headlong Rush|p2a: Archaludon
|-supereffective|p2a: Archaludon
|-ability|p2a: Archaludon|Sturdy
|-damage|p2a: Archaludon|1/100
|-unboost|p1a: Ursaluna|def|1
|-unboost|p1a: Ursaluna|spd|1
|
|-damage|p1a: Ursaluna|94/100 brn|[from] brn
|upkeep
|turn|4
|
|t:|1757626582
|-terastallize|p1b: Ceruledge|Grass
|move|p1b: Ceruledge|Shadow Sneak|p2a: Archaludon
|-damage|p2a: Archaludon|0 fnt
|faint|p2a: Archaludon
|move|p2b: Incineroar|U-turn|p1a: Ursaluna
|-damage|p1a: Ursaluna|73/100 brn
|
|t:|1757626589
|switch|p2b: Ribombee|Ribombee, L50, F|100/100|[from] U-turn
|move|p1a: Ursaluna|Earthquake|p2b: Ribombee|[spread] p1b,p2b
|-resisted|p1b: Ceruledge
|-crit|p1b: Ceruledge
|-resisted|p2b: Ribombee
|-damage|p1b: Ceruledge|0 fnt
|-damage|p2b: Ribombee|45/100
|faint|p1b: Ceruledge
|
|-damage|p1a: Ursaluna|67/100 brn|[from] brn
|upkeep
|
|t:|1757626596
|switch|p2a: Incineroar|Incineroar, L50, F, tera:Grass|2/100
|-ability|p2a: Incineroar|Intimidate|boost
|-unboost|p1a: Ursaluna|atk|1
|turn|5
|c|тШЖStutesting|IтАЩm gonna be straight up i forgot you had another Pok├йmon
|
|t:|1757626608
|move|p1a: Ursaluna|Protect|p1a: Ursaluna
|-singleturn|p1a: Ursaluna|Protect
|move|p2a: Incineroar|Fake Out|p1a: Ursaluna
|-activate|p1a: Ursaluna|move: Protect
|move|p2b: Ribombee|Moonblast|p1a: Ursaluna
|-activate|p1a: Ursaluna|move: Protect
|
|-damage|p1a: Ursaluna|61/100 brn|[from] brn
|upkeep
|turn|6
|
|t:|1757626616
|move|p2b: Ribombee|Moonblast|p1a: Ursaluna
|-damage|p1a: Ursaluna|17/100 brn
|move|p2a: Incineroar|Knock Off|p1a: Ursaluna
|-damage|p1a: Ursaluna|0 fnt
|-enditem|p1a: Ursaluna|Flame Orb|[from] move: Knock Off|[of] p2a: Incineroar
|faint|p1a: Ursaluna
|
|win|eutherians
||Stutesting is ready for game 2.
|l|тШЖStutesting
|player|p1|
|inactive|eutherians has 30 seconds to confirm battle start!
|inactive|eutherians has 20 seconds to confirm battle start!
||eutherians is ready for game 2.
|uhtml|next|Next: Game 2 of 3
