|j|☆rusted warrior
|j|☆bahia ducati
|html|rusted warriorbahia ducati    
|uhtml|bestof|Game 3 of a best-of-3
|t:|1757777004
|gametype|doubles
|player|p1|rusted warrior|miku-ghost|1167
|player|p2|bahia ducati|skier|1120
|gen|9
|tier|[Gen 9] VGC 2025 Reg H (Bo3)
|rated|
|rule|Species Clause: Limit one of each Pokémon
|rule|Item Clause: Limit 1 of each item
|clearpoke
|poke|p1|Gholdengo, L50|
|poke|p1|Incineroar, L50, M|
|poke|p1|Amoonguss, L50, F|
|poke|p1|Porygon2, L50|
|poke|p1|Ursaluna, L50, M|
|poke|p1|Dragonite, L50, M|
|poke|p2|Dragonite, L50, F|
|poke|p2|Gholdengo, L50|
|poke|p2|Ursaluna-Bloodmoon, L50, M|
|poke|p2|Annihilape, L50, F|
|poke|p2|Maushold-Four, L50|
|poke|p2|Rillaboom, L50, M|
|teampreview|4
|showteam|p1|Gholdengo||LifeOrb|GoodasGold|MakeItRain,ShadowBall,NastyPlot,Protect||||||50|,,,,,Water]Incineroar||SafetyGoggles|Intimidate|KnockOff,FlareBlitz,FakeOut,PartingShot|||M|||50|,,,,,Ghost]Amoonguss||CovertCloak|Regenerator|RagePowder,PollenPuff,Protect,Spore|||F|||50|,,,,,Dark]Porygon2||Eviolite|Download|TeraBlast,IceBeam,TrickRoom,Recover||||||50|,,,,,Fighting]Ursaluna||FlameOrb|Guts|Facade,Earthquake,HeadlongRush,Protect|||M|||50|,,,,,Ghost]Dragonite||LoadedDice|Multiscale|ScaleShot,Tailwind,Protect,Haze|||M|||50|,,,,,Fairy
|showteam|p2|Dragonite||LoadedDice|Multiscale|ScaleShot,Tailwind,Haze,Protect|||F|||50|,,,,,Fairy]Gholdengo||LifeOrb|GoodasGold|MakeItRain,ShadowBall,NastyPlot,Protect||||||50|,,,,,Water]Ursaluna-Bloodmoon||AssaultVest|MindsEye|BloodMoon,EarthPower,HyperVoice,VacuumWave|||M|||50|,,,,,Water]Annihilape||SitrusBerry|Defiant|DrainPunch,RageFist,BulkUp,Protect|||F|||50|,,,,,Fire]Maushold-Four||FocusSash|FriendGuard|SuperFang,BeatUp,FollowMe,Protect||||||50|,,,,,Ghost]Rillaboom||MiracleSeed|GrassySurge|WoodHammer,GrassyGlide,HighHorsepower,FakeOut|||M|||50|,,,,,Fire
|inactive|Battle timer is ON: inactive players will automatically lose when time's up. (requested by bahia ducati)
|
|t:|1757777022
|teamsize|p1|4
|teamsize|p2|4
|start
|switch|p1a: Dragonite|Dragonite, L50, M, shiny|100/100
|switch|p1b: Incineroar|Incineroar, L50, M, shiny|100/100
|switch|p2a: Ursaluna|Ursaluna-Bloodmoon, L50, M|100/100
|switch|p2b: Rillaboom|Rillaboom, L50, M|100/100
|-fieldstart|move: Grassy Terrain|[from] ability: Grassy Surge|[of] p2b: Rillaboom
|-ability|p1b: Incineroar|Intimidate|boost
|-unboost|p2a: Ursaluna|atk|1
|-unboost|p2b: Rillaboom|atk|1
|turn|1
|inactive|rusted warrior has 30 seconds left.
|inactive|bahia ducati has 30 seconds left.
|
|t:|1757777052
|switch|p2a: Annihilape|Annihilape, L50, F|100/100
|move|p1a: Dragonite|Protect|p1a: Dragonite
|-singleturn|p1a: Dragonite|Protect
|move|p2b: Rillaboom|Fake Out|p1a: Dragonite
|-activate|p1a: Dragonite|move: Protect
|move|p1b: Incineroar|Fake Out|p2a: Annihilape
|-immune|p2a: Annihilape
|
|upkeep
|turn|2
|inactive|bahia ducati has 30 seconds left.
|
|t:|1757777082
|-terastallize|p2a: Annihilape|Fire
|move|p2b: Rillaboom|Grassy Glide|p1a: Dragonite
|-resisted|p1a: Dragonite
|-damage|p1a: Dragonite|96/100
|move|p2a: Annihilape|Rage Fist|p1a: Dragonite
|-damage|p1a: Dragonite|75/100
|move|p1a: Dragonite|Scale Shot|p2a: Annihilape
|-damage|p2a: Annihilape|86/100
|-damage|p2a: Annihilape|68/100
|-damage|p2a: Annihilape|54/100
|-damage|p2a: Annihilape|39/100
|-enditem|p2a: Annihilape|Sitrus Berry|[eat]
|-heal|p2a: Annihilape|64/100|[from] item: Sitrus Berry
|-damage|p2a: Annihilape|48/100
|-hitcount|p2a: Annihilape|5
|-unboost|p1a: Dragonite|def|1
|-boost|p1a: Dragonite|spe|1
|move|p1b: Incineroar|Knock Off|p2a: Annihilape
|-damage|p2a: Annihilape|16/100
|
|-heal|p2a: Annihilape|22/100|[from] Grassy Terrain
|upkeep
|turn|3
|inactive|rusted warrior has 30 seconds left.
|inactive|bahia ducati has 30 seconds left.
|inactive|bahia ducati has 20 seconds left.
|
|t:|1757777119
|switch|p2a: Ursaluna|Ursaluna-Bloodmoon, L50, M|100/100
|move|p1a: Dragonite|Tailwind|p1a: Dragonite
|-sidestart|p1: rusted warrior|move: Tailwind
|move|p1b: Incineroar|Knock Off|p2a: Ursaluna
|-damage|p2a: Ursaluna|70/100
|-enditem|p2a: Ursaluna|Assault Vest|[from] move: Knock Off|[of] p1b: Incineroar
|move|p2b: Rillaboom|High Horsepower|p1b: Incineroar
|-supereffective|p1b: Incineroar
|-damage|p1b: Incineroar|54/100
|
|-heal|p1b: Incineroar|60/100|[from] Grassy Terrain
|-heal|p2a: Ursaluna|76/100|[from] Grassy Terrain
|upkeep
|turn|4
|
|t:|1757777146
|switch|p2b: Gholdengo|Gholdengo, L50|100/100
|move|p1a: Dragonite|Scale Shot|p2a: Ursaluna
|-damage|p2a: Ursaluna|65/100
|-damage|p2a: Ursaluna|55/100
|-damage|p2a: Ursaluna|43/100
|-damage|p2a: Ursaluna|32/100
|-hitcount|p2a: Ursaluna|4
|-unboost|p1a: Dragonite|def|1
|-boost|p1a: Dragonite|spe|1
|move|p1b: Incineroar|Flare Blitz|p2b: Gholdengo
|-supereffective|p2b: Gholdengo
|-damage|p2b: Gholdengo|0 fnt
|faint|p2b: Gholdengo
|-damage|p1b: Incineroar|31/100|[from] Recoil
|move|p2a: Ursaluna|Earth Power|p1b: Incineroar
|-supereffective|p1b: Incineroar
|-damage|p1b: Incineroar|0 fnt
|faint|p1b: Incineroar
|
|-heal|p2a: Ursaluna|38/100|[from] Grassy Terrain
|upkeep
|
|t:|1757777166
|switch|p2b: Rillaboom|Rillaboom, L50, M|100/100
|switch|p1b: Ursaluna|Ursaluna, L50, M|100/100
|turn|5
|inactive|bahia ducati has 30 seconds left.
|inactive|bahia ducati has 20 seconds left.
|inactive|bahia ducati has 15 seconds left.
|
|t:|1757777209
|move|p2b: Rillaboom|Fake Out|p1a: Dragonite
|-damage|p1a: Dragonite|42/100
|move|p2a: Ursaluna|Vacuum Wave|p1b: Ursaluna
|-supereffective|p1b: Ursaluna
|-damage|p1b: Ursaluna|73/100
|cant|p1a: Dragonite|flinch
|move|p1b: Ursaluna|Headlong Rush|p2b: Rillaboom
|-resisted|p2b: Rillaboom
|-damage|p2b: Rillaboom|67/100
|-unboost|p1b: Ursaluna|def|1
|-unboost|p1b: Ursaluna|spd|1
|
|-heal|p1b: Ursaluna|79/100|[from] Grassy Terrain
|-heal|p2b: Rillaboom|73/100|[from] Grassy Terrain
|-heal|p2a: Ursaluna|43/100|[from] Grassy Terrain
|-fieldend|move: Grassy Terrain
|-status|p1b: Ursaluna|brn|[from] item: Flame Orb
|upkeep
|turn|6
|
|t:|1757777231
|switch|p2b: Annihilape|Annihilape, L50, F, tera:Fire|22/100
|move|p2a: Ursaluna|Vacuum Wave|p1b: Ursaluna
|-supereffective|p1b: Ursaluna
|-damage|p1b: Ursaluna|35/100 brn
|move|p1a: Dragonite|Scale Shot|p2b: Annihilape
|-damage|p2b: Annihilape|6/100
|-damage|p2b: Annihilape|0 fnt
|faint|p2b: Annihilape
|-hitcount|p2: Annihilape|2
|-unboost|p1a: Dragonite|def|1
|-boost|p1a: Dragonite|spe|1
|move|p1b: Ursaluna|Facade|p2a: Ursaluna
|-damage|p2a: Ursaluna|0 fnt
|faint|p2a: Ursaluna
|
|-damage|p1b: Ursaluna|30/100 brn|[from] brn
|-sideend|p1: rusted warrior|move: Tailwind
|upkeep
|-message|bahia ducati forfeited.
|raw|rusted warrior's rating: 1167 → 1189(+22 for winning)
|raw|bahia ducati's rating: 1120 → 1098(-22 for losing)
|
|win|rusted warrior
|l|☆bahia ducati
|player|p2|
