|j|☆Im_Neutro
|j|☆INT Moreira23
|html|Im_NeutroINT Moreira23    
|uhtml|bestof|Game 1 of a best-of-3
|t:|1782766358
|gametype|doubles
|player|p1|Im_Neutro|noland|1160
|player|p2|INT Moreira23|blackbelt-gen4|1052
|gen|9
|tier|[Gen 9 Champions] VGC 2026 Reg M-B (Bo3)
|rated|
|rule|Species Clause: Limit one of each Pokémon
|rule|Item Clause: Limit 1 of each item
|clearpoke
|poke|p1|Gengar, L50, F|
|poke|p1|Sneasler, L50, M|
|poke|p1|Incineroar, L50, F|
|poke|p1|Sinistcha, L50|
|poke|p1|Milotic, L50, F|
|poke|p1|Kommo-o, L50, M|
|poke|p2|Scovillain, L50, M|
|poke|p2|Froslass, L50, F|
|poke|p2|Lycanroc-Dusk, L50, M|
|poke|p2|Basculegion, L50, M|
|poke|p2|Kingambit, L50, M|
|poke|p2|Sneasler, L50, M|
|teampreview|4
|showteam|p1|Gengar||Gengarite|CursedBody|PerishSong,Protect,ShadowBall,Disable|Timid||F|||50|]Sneasler||FocusSash|Unburden|CloseCombat,DireClaw,FakeOut,Coaching|Jolly||M|||50|]Incineroar||PasshoBerry|Intimidate|FlareBlitz,FakeOut,PartingShot,Protect|Relaxed||F|||50|]Sinistcha||MentalHerb|Hospitality|MatchaGotcha,RagePowder,Protect,LifeDew|Bold|||||50|]Milotic||SitrusBerry|Competitive|Coil,MuddyWater,Recover,Hypnosis|Calm||F|||50|]Kommo-o||Leftovers|Soundproof|ClangorousSoul,ClangingScales,AuraSphere,Protect|Modest||M|||50|
|showteam|p2|Scovillain||Scovillainite|Moody|Overheat,GigaDrain,RagePowder,Protect|Bold||M|||50|]Froslass||Froslassite|SnowCloak|Blizzard,ShadowBall,AuroraVeil,Protect|Modest||F|||50|]Lycanroc-Dusk||FocusSash|ToughClaws|RockSlide,CloseCombat,Accelerock,Protect|Adamant||M|||50|]Basculegion||SitrusBerry|Adaptability|WaveCrash,LastRespects,AquaJet,Protect|Adamant||M|||50|]Kingambit||BlackGlasses|Defiant|KowtowCleave,SuckerPunch,SwordsDance,Protect|Adamant||M|||50|]Sneasler||WhiteHerb|Unburden|CloseCombat,DireClaw,FakeOut,Protect|Adamant||M|||50|
|inactive|Battle timer is ON: inactive players will automatically lose when time's up. (requested by Im_Neutro)
|inactive|INT Moreira23 has 60 seconds left.
|inactive|INT Moreira23 has 30 seconds left.
|inactive|INT Moreira23 has 20 seconds left.
|inactive|INT Moreira23 has 15 seconds left.
|inactive|INT Moreira23 has 10 seconds left.
|inactive|INT Moreira23 has 5 seconds left.
|
|t:|1782766447
|teamsize|p1|4
|teamsize|p2|4
|start
|switch|p1a: Gengar|Gengar, L50, F|100/100
|switch|p1b: Incineroar|Incineroar, L50, F|100/100
|switch|p2a: Scovillain|Scovillain, L50, M|100/100
|switch|p2b: Basculegion|Basculegion, L50, M|100/100
|-ability|p1b: Incineroar|Intimidate|boost
|-unboost|p2a: Scovillain|atk|1
|-unboost|p2b: Basculegion|atk|1
|turn|1
|inactive|Im_Neutro has 30 seconds left.
|inactive|INT Moreira23 has 30 seconds left.
|inactive|Im_Neutro has 20 seconds left.
|inactive|Im_Neutro has 15 seconds left.
|inactive|Im_Neutro has 10 seconds left.
|
|t:|1782766495
|detailschange|p1a: Gengar|Gengar-Mega, L50, F
|-mega|p1a: Gengar|Gengar|Gengarite
|detailschange|p2a: Scovillain|Scovillain-Mega, L50, M
|-mega|p2a: Scovillain|Scovillain|Scovillainite
|move|p1b: Incineroar|Fake Out|p2a: Scovillain
|-damage|p2a: Scovillain|88/100
|-immune|p1b: Incineroar
|cant|p2a: Scovillain|flinch
|move|p1a: Gengar|Shadow Ball|p2b: Basculegion
|-supereffective|p2b: Basculegion|1
|-damage|p2b: Basculegion|19/100
|-enditem|p2b: Basculegion|Sitrus Berry|[eat]
|-heal|p2b: Basculegion|44/100|[from] item: Sitrus Berry
|move|p2b: Basculegion|Wave Crash|p1b: Incineroar
|-supereffective|p1b: Incineroar|1
|-enditem|p1b: Incineroar|Passho Berry|[eat]
|-enditem|p1b: Incineroar|Passho Berry|[weaken]
|-damage|p1b: Incineroar|56/100
|-damage|p2b: Basculegion|31/100|[from] Recoil
|
|upkeep
|turn|2
|inactive|INT Moreira23 has 30 seconds left.
|
|t:|1782766526
|move|p2a: Scovillain|Rage Powder|p2a: Scovillain
|-singleturn|p2a: Scovillain|move: Rage Powder
|move|p1a: Gengar|Shadow Ball|p2a: Scovillain
|-damage|p2a: Scovillain|37/100
|-status|p1a: Gengar|brn|[from] ability: Spicy Spray|[of] p2a: Scovillain
|move|p2b: Basculegion|Wave Crash|p1b: Incineroar
|-supereffective|p1b: Incineroar|1
|-damage|p1b: Incineroar|0 fnt
|faint|p1b: Incineroar
|-damage|p2b: Basculegion|13/100|[from] Recoil
|
|-damage|p1a: Gengar|94/100 brn|[from] brn
|upkeep
|
|t:|1782766548
|switch|p1b: Kommo-o|Kommo-o, L50, M|100/100
|turn|3
|
|t:|1782766564
|switch|p2b: Kingambit|Kingambit, L50, M|100/100
|move|p2a: Scovillain|Protect|p2a: Scovillain
|-singleturn|p2a: Scovillain|Protect
|move|p1a: Gengar|Shadow Ball|p2b: Kingambit
|-resisted|p2b: Kingambit|1
|-damage|p2b: Kingambit|77/100
|-unboost|p2b: Kingambit|spd|1
|-ability|p2b: Kingambit|Defiant|boost
|-boost|p2b: Kingambit|atk|2
|move|p1b: Kommo-o|Clangorous Soul|p1b: Kommo-o
|-boost|p1b: Kommo-o|atk|1
|-boost|p1b: Kommo-o|def|1
|-boost|p1b: Kommo-o|spa|1
|-boost|p1b: Kommo-o|spd|1
|-boost|p1b: Kommo-o|spe|1
|-damage|p1b: Kommo-o|67/100
|
|-heal|p1b: Kommo-o|73/100|[from] item: Leftovers
|-damage|p1a: Gengar|88/100 brn|[from] brn
|upkeep
|turn|4
|inactive|INT Moreira23 has 30 seconds left.
|
|t:|1782766595
|move|p1b: Kommo-o|Protect|p1b: Kommo-o
|-singleturn|p1b: Kommo-o|Protect
|move|p1a: Gengar|Protect|p1a: Gengar
|-singleturn|p1a: Gengar|Protect
|move|p2a: Scovillain|Rage Powder|p2a: Scovillain
|-singleturn|p2a: Scovillain|move: Rage Powder
|move|p2b: Kingambit|Sucker Punch||[still]
|-fail|p2b: Kingambit
|
|-heal|p1b: Kommo-o|80/100|[from] item: Leftovers
|-damage|p1a: Gengar|82/100 brn|[from] brn
|upkeep
|turn|5
|inactive|INT Moreira23 has 30 seconds left.
|
|t:|1782766622
|move|p2a: Scovillain|Rage Powder|p2a: Scovillain
|-singleturn|p2a: Scovillain|move: Rage Powder
|move|p2b: Kingambit|Sucker Punch||[still]
|-fail|p2b: Kingambit
|move|p1b: Kommo-o|Clanging Scales|p2a: Scovillain|[spread] p2a,p2b
|-resisted|p2b: Kingambit|1
|-damage|p2a: Scovillain|0 fnt
|-damage|p2b: Kingambit|39/100
|-status|p1b: Kommo-o|brn|[from] ability: Spicy Spray|[of] p2a: Scovillain
|faint|p2a: Scovillain
|-unboost|p1b: Kommo-o|def|1
|move|p1a: Gengar|Disable|p2b: Kingambit
|-start|p2b: Kingambit|Disable|Sucker Punch
|
|-heal|p1b: Kommo-o|86/100 brn|[from] item: Leftovers
|-damage|p1b: Kommo-o|80/100 brn|[from] brn
|-damage|p1a: Gengar|76/100 brn|[from] brn
|upkeep
|
|t:|1782766642
|switch|p2a: Sneasler|Sneasler, L50, M|100/100
|turn|6
|
|t:|1782766651
|move|p1b: Kommo-o|Protect|p1b: Kommo-o
|-singleturn|p1b: Kommo-o|Protect
|move|p1a: Gengar|Protect|p1a: Gengar
|-singleturn|p1a: Gengar|Protect
|move|p2a: Sneasler|Fake Out|p1b: Kommo-o
|-activate|p1b: Kommo-o|move: Protect
|move|p2b: Kingambit|Kowtow Cleave|p1a: Gengar
|-activate|p1a: Gengar|move: Protect
|
|-heal|p1b: Kommo-o|86/100 brn|[from] item: Leftovers
|-damage|p1b: Kommo-o|80/100 brn|[from] brn
|-damage|p1a: Gengar|70/100 brn|[from] brn
|upkeep
|turn|7
|inactive|INT Moreira23 has 30 seconds left.
|inactive|INT Moreira23 has 20 seconds left.
|
|t:|1782766691
|move|p2b: Kingambit|Protect|p2b: Kingambit
|-singleturn|p2b: Kingambit|Protect
|move|p1b: Kommo-o|Aura Sphere|p2b: Kingambit
|-activate|p2b: Kingambit|move: Protect
|move|p1a: Gengar|Shadow Ball|p2a: Sneasler
|-damage|p2a: Sneasler|42/100
|move|p2a: Sneasler|Close Combat|p1b: Kommo-o
|-damage|p1b: Kommo-o|26/100 brn
|-unboost|p2a: Sneasler|def|1
|-unboost|p2a: Sneasler|spd|1
|-enditem|p2a: Sneasler|White Herb
|-clearnegativeboost|p2a: Sneasler|[silent]
|
|-heal|p1b: Kommo-o|33/100 brn|[from] item: Leftovers
|-damage|p1b: Kommo-o|26/100 brn|[from] brn
|-damage|p1a: Gengar|64/100 brn|[from] brn
|upkeep
|turn|8
|inactive|INT Moreira23 has 30 seconds left.
|
|t:|1782766717
|move|p2a: Sneasler|Close Combat|p1b: Kommo-o
|-damage|p1b: Kommo-o|0 fnt
|-unboost|p2a: Sneasler|def|1
|-unboost|p2a: Sneasler|spd|1
|faint|p1b: Kommo-o
|move|p1a: Gengar|Shadow Ball|p2a: Sneasler
|-damage|p2a: Sneasler|0 fnt
|faint|p2a: Sneasler
|move|p2b: Kingambit|Kowtow Cleave|p1a: Gengar
|-supereffective|p1a: Gengar|1
|-damage|p1a: Gengar|0 fnt
|faint|p1a: Gengar
|
|upkeep
|-message|Im_Neutro forfeited.
|
|win|INT Moreira23
|l|☆Im_Neutro
|player|p1|
||Im_Neutro is ready for game 2.
||INT Moreira23 is ready for game 2.
|uhtml|next|Next: Game 2 of 3
