|j|☆ManaphyFanVGC
|j|☆lucky777n
|html|ManaphyFanVGClucky777n    
|uhtml|bestof|Game 3 of a best-of-3
|t:|1784013573
|gametype|doubles
|player|p1|ManaphyFanVGC|cynthia-gen4|1046
|player|p2|lucky777n|boarder|1002
|gen|9
|tier|[Gen 9 Champions] VGC 2026 Reg M-B (Bo3)
|rated|
|rule|Species Clause: Limit one of each Pokémon
|rule|Item Clause: Limit 1 of each item
|clearpoke
|poke|p1|Floette-Eternal, L50, F|
|poke|p1|Whimsicott, L50, F, shiny|
|poke|p1|Arcanine-Hisui, L50, F|
|poke|p1|Basculegion, L50, M|
|poke|p1|Kingambit, L50, F, shiny|
|poke|p1|Archaludon, L50, F, shiny|
|poke|p2|Gengar, L50, M|
|poke|p2|Incineroar, L50, M|
|poke|p2|Snorlax, L50, M|
|poke|p2|Ninetales-Alola, L50, M|
|poke|p2|Kingambit, L50, F|
|poke|p2|Sneasler, L50, M|
|teampreview|4
|showteam|p1|Floette-Eternal||Floettite|FlowerVeil|Moonblast,DazzlingGleam,LightofRuin,Protect|Modest||F|||50|]Whimsicott||FocusSash|Prankster|Tailwind,Moonblast,Encore,Protect|Timid||F|||50|]Arcanine-Hisui||SitrusBerry|RockHead|RockSlide,FlareBlitz,ExtremeSpeed,Protect|Jolly||F|||50|]Basculegion||ChoiceScarf|Adaptability|WaveCrash,LastRespects,AquaJet,FlipTurn|Jolly||M|||50|]Kingambit||BlackGlasses|Defiant|KowtowCleave,SuckerPunch,IronHead,Protect|Adamant||F|||50|]Archaludon||WhiteHerb|Sturdy|AuraSphere,DracoMeteor,FlashCannon,Protect|Modest||F|||50|
|showteam|p2|Gengar||Gengarite|CursedBody|ShadowBall,Disable,PerishSong,Protect|Timid||M|||50|]Incineroar||SitrusBerry|Intimidate|FakeOut,FlareBlitz,PartingShot,Protect|Relaxed||M|||50|]Snorlax||Leftovers|ThickFat|Fissure,Encore,Yawn,Protect|Relaxed||M|||50|]Ninetales-Alola||NeverMeltIce|SnowWarning|Blizzard,FreezeDry,Encore,Protect|Timid||M|||50|]Kingambit||BlackGlasses|Defiant|SuckerPunch,KowtowCleave,SwordsDance,Protect|Adamant||F|||50|]Sneasler||WhiteHerb|Unburden|FakeOut,CloseCombat,GunkShot,Protect|Jolly||M|||50|
|inactive|Battle timer is ON: inactive players will automatically lose when time's up. (requested by ManaphyFanVGC)
|
|t:|1784013580
|teamsize|p1|4
|teamsize|p2|4
|start
|switch|p1a: Basculegion|Basculegion, L50, M|100/100
|switch|p1b: Floette|Floette-Eternal, L50, F|100/100
|switch|p2a: Gengar|Gengar, L50, M|100/100
|switch|p2b: Incineroar|Incineroar, L50, M|100/100
|-ability|p2b: Incineroar|Intimidate|boost
|-unboost|p1a: Basculegion|atk|1
|-unboost|p1b: Floette|atk|1
|turn|1
|
|t:|1784013596
|detailschange|p2a: Gengar|Gengar-Mega, L50, M
|-mega|p2a: Gengar|Gengar|Gengarite
|detailschange|p1b: Floette|Floette-Mega, L50, F
|-mega|p1b: Floette|Floette|Floettite
|-ability|p1b: Floette|Fairy Aura
|move|p2b: Incineroar|Fake Out|p1b: Floette
|-damage|p1b: Floette|89/100
|move|p1a: Basculegion|Wave Crash|p2b: Incineroar
|-supereffective|p2b: Incineroar|1
|-damage|p2b: Incineroar|26/100
|-enditem|p2b: Incineroar|Sitrus Berry|[eat]
|-heal|p2b: Incineroar|51/100|[from] item: Sitrus Berry
|-damage|p1a: Basculegion|75/100|[from] Recoil
|move|p2a: Gengar|Perish Song|p2a: Gengar
|-start|p1a: Basculegion|perish3|[silent]
|-start|p1b: Floette|perish3|[silent]
|-start|p2a: Gengar|perish3|[silent]
|-start|p2b: Incineroar|perish3|[silent]
|-fieldactivate|move: Perish Song
|cant|p1b: Floette|flinch
|
|-start|p1a: Basculegion|perish3
|-start|p2a: Gengar|perish3
|-start|p1b: Floette|perish3
|-start|p2b: Incineroar|perish3
|upkeep
|turn|2
|inactive|ManaphyFanVGC has 30 seconds left.
|
|t:|1784013621
|switch|p1a: Kingambit|Kingambit, L50, F, shiny|100/100
|move|p2a: Gengar|Protect|p2a: Gengar
|-singleturn|p2a: Gengar|Protect
|move|p2b: Incineroar|Protect|p2b: Incineroar
|-singleturn|p2b: Incineroar|Protect
|move|p1b: Floette|Moonblast|p2b: Incineroar
|-activate|p2b: Incineroar|move: Protect
|
|-start|p2a: Gengar|perish2
|-start|p1b: Floette|perish2
|-start|p2b: Incineroar|perish2
|upkeep
|turn|3
|
|t:|1784013644
|switch|p2a: Sneasler|Sneasler, L50, M|100/100
|move|p1b: Floette|Light of Ruin|p2a: Sneasler
|-damage|p2a: Sneasler|0 fnt
|faint|p2a: Sneasler
|-damage|p1b: Floette|39/100|[from] Recoil
|move|p1a: Kingambit|Kowtow Cleave|p2b: Incineroar
|-resisted|p2b: Incineroar|1
|-damage|p2b: Incineroar|29/100
|move|p2b: Incineroar|Parting Shot|p1b: Floette
|-unboost|p1b: Floette|atk|1
|-unboost|p1b: Floette|spa|1
|
|t:|1784013658
|switch|p2b: Gengar|Gengar-Mega, L50, M|100/100|[from] Parting Shot
|
|-start|p1b: Floette|perish1
|upkeep
|
|t:|1784013664
|switch|p2a: Kingambit|Kingambit, L50, F|100/100
|turn|4
|
|t:|1784013681
|move|p2b: Gengar|Protect|p2b: Gengar
|-singleturn|p2b: Gengar|Protect
|move|p2a: Kingambit|Protect|p2a: Kingambit
|-singleturn|p2a: Kingambit|Protect
|move|p1a: Kingambit|Sucker Punch||[still]
|-fail|p1a: Kingambit
|move|p1b: Floette|Light of Ruin|p2a: Kingambit
|-activate|p2a: Kingambit|move: Protect
|
|-start|p1b: Floette|perish0
|faint|p1b: Floette
|upkeep
|
|t:|1784013684
|switch|p1b: Archaludon|Archaludon, L50, F, shiny|100/100
|turn|5
|
|t:|1784013707
|move|p1a: Kingambit|Sucker Punch|p2b: Gengar
|-supereffective|p2b: Gengar|1
|-damage|p2b: Gengar|0 fnt
|faint|p2b: Gengar
|move|p2a: Kingambit|Sucker Punch|p1b: Archaludon
|-damage|p1b: Archaludon|56/100
|move|p1b: Archaludon|Aura Sphere|p2a: Kingambit
|-supereffective|p2a: Kingambit|2
|-damage|p2a: Kingambit|0 fnt
|faint|p2a: Kingambit
|
|upkeep
|
|t:|1784013719
|switch|p2b: Incineroar|Incineroar, L50, M|29/100
|-ability|p2b: Incineroar|Intimidate|boost
|-unboost|p1a: Kingambit|atk|1
|-ability|p1a: Kingambit|Defiant|boost
|-boost|p1a: Kingambit|atk|2
|-unboost|p1b: Archaludon|atk|1
|-enditem|p1b: Archaludon|White Herb
|-clearnegativeboost|p1b: Archaludon|[silent]
|turn|6
|
|t:|1784013729
|move|p1b: Archaludon|Aura Sphere|p2b: Incineroar
|-supereffective|p2b: Incineroar|1
|-damage|p2b: Incineroar|0 fnt
|faint|p2b: Incineroar
|
|win|ManaphyFanVGC
|raw|ManaphyFanVGC's rating: 1046 → 1075(+29 for winning)
|raw|lucky777n's rating: 1002 → 1000(-2 for losing)
