|j|☆kvoothe
|j|☆Jacrepid
|html|kvootheJacrepid    
|uhtml|bestof|Game 2 of a best-of-3
|t:|1783448062
|gametype|doubles
|player|p1|kvoothe|lucas-gen4pt|1096
|player|p2|Jacrepid|fisherman|1040
|gen|9
|tier|[Gen 9 Champions] VGC 2026 Reg M-B (Bo3)
|rated|
|rule|Species Clause: Limit one of each Pokémon
|rule|Item Clause: Limit 1 of each item
|clearpoke
|poke|p1|Staraptor, L50, F, shiny|
|poke|p1|Grimmsnarl, L50, M|
|poke|p1|Garchomp, L50, M|
|poke|p1|Floette-Eternal, L50, F|
|poke|p1|Sinistcha, L50|
|poke|p1|Kingambit, L50, M|
|poke|p2|Floette-Eternal, L50, F|
|poke|p2|Blastoise, L50, M|
|poke|p2|Kingambit, L50, M|
|poke|p2|Sneasler, L50, M|
|poke|p2|Sinistcha, L50|
|poke|p2|Incineroar, L50, M|
|teampreview|4
|showteam|p1|Staraptor||Staraptite|Intimidate|Protect,Roost,BraveBird,CloseCombat|Adamant||F|||50|]Grimmsnarl||LightClay|Prankster|SpiritBreak,PartingShot,Reflect,LightScreen|Impish||M|||50|]Garchomp||ChoiceScarf|RoughSkin|RockSlide,StompingTantrum,Earthquake,DragonClaw|Jolly||M|||50|]Floette-Eternal||Floettite|FlowerVeil|Protect,CalmMind,DazzlingGleam,Moonblast|Timid||F|||50|]Sinistcha||ColburBerry|Hospitality|Protect,RagePowder,LifeDew,MatchaGotcha|Calm|||||50|]Kingambit||BlackGlasses|Defiant|Protect,KowtowCleave,SuckerPunch,IronHead|Adamant||M|||50|
|showteam|p2|Floette-Eternal||Floettite|FlowerVeil|Protect,CalmMind,DazzlingGleam,DrainingKiss|Modest||F|||50|]Blastoise||Blastoisinite|Torrent|ShellSmash,WaterSpout,AuraSphere,Protect|Modest||M|||50|]Kingambit||BlackGlasses|Defiant|SuckerPunch,KowtowCleave,SwordsDance,Protect|Adamant||M|||50|]Sneasler||FocusSash|PoisonTouch|FakeOut,PoisonJab,CloseCombat,QuickGuard|Jolly||M|||50|]Sinistcha||CobaBerry|Hospitality|MatchaGotcha,RagePowder,LifeDew,TrickRoom|Calm|||||50|]Incineroar||SitrusBerry|Intimidate|FakeOut,FlareBlitz,ThroatChop,PartingShot|Bold||M|||50|
|inactive|Battle timer is ON: inactive players will automatically lose when time's up. (requested by kvoothe)
|
|t:|1783448078
|teamsize|p1|4
|teamsize|p2|4
|start
|switch|p1a: Sinistcha|Sinistcha, L50|100/100
|switch|p1b: Kingambit|Kingambit, L50, M|100/100
|switch|p2a: Sneasler|Sneasler, L50, M|100/100
|switch|p2b: Floette|Floette-Eternal, L50, F|100/100
|turn|1
|
|t:|1783448097
|move|p2b: Floette|Protect|p2b: Floette
|-singleturn|p2b: Floette|Protect
|move|p1a: Sinistcha|Protect|p1a: Sinistcha
|-singleturn|p1a: Sinistcha|Protect
|move|p1b: Kingambit|Protect|p1b: Kingambit
|-singleturn|p1b: Kingambit|Protect
|move|p2a: Sneasler|Poison Jab|p1a: Sinistcha
|-activate|p1a: Sinistcha|move: Protect
|
|upkeep
|turn|2
|
|t:|1783448109
|detailschange|p2b: Floette|Floette-Mega, L50, F
|-mega|p2b: Floette|Floette|Floettite
|-ability|p2b: Floette|Fairy Aura
|move|p1a: Sinistcha|Rage Powder|p1a: Sinistcha
|-singleturn|p1a: Sinistcha|move: Rage Powder
|move|p2a: Sneasler|Close Combat|p1a: Sinistcha
|-immune|p1a: Sinistcha
|move|p2b: Floette|Dazzling Gleam|p1a: Sinistcha|[spread] p1a,p1b
|-damage|p1a: Sinistcha|52/100
|-damage|p1b: Kingambit|58/100
|move|p1b: Kingambit|Iron Head|p2b: Floette
|-supereffective|p2b: Floette|1
|-damage|p2b: Floette|1/100
|
|upkeep
|turn|3
|
|t:|1783448133
|move|p2a: Sneasler|Quick Guard|p2a: Sneasler
|-singleturn|p2a: Sneasler|Quick Guard
|move|p1b: Kingambit|Sucker Punch|p2b: Floette
|-activate|p2b: Floette|move: Quick Guard
|move|p2b: Floette|Draining Kiss|p1a: Sinistcha
|-damage|p1a: Sinistcha|14/100
|-heal|p2b: Floette|30/100|[from] drain|[of] p1a: Sinistcha
|move|p1a: Sinistcha|Life Dew|p1a: Sinistcha|[spread] p1a,p1b
|-heal|p1a: Sinistcha|40/100
|-heal|p1b: Kingambit|84/100
|
|upkeep
|turn|4
|
|t:|1783448146
|move|p1a: Sinistcha|Rage Powder|p1a: Sinistcha
|-singleturn|p1a: Sinistcha|move: Rage Powder
|move|p2a: Sneasler|Close Combat|p1a: Sinistcha
|-immune|p1a: Sinistcha
|move|p2b: Floette|Dazzling Gleam|p1a: Sinistcha|[spread] p1a,p1b
|-damage|p1a: Sinistcha|0 fnt
|-damage|p1b: Kingambit|42/100
|faint|p1a: Sinistcha
|move|p1b: Kingambit|Iron Head|p2b: Floette
|-supereffective|p2b: Floette|1
|-damage|p2b: Floette|0 fnt
|faint|p2b: Floette
|
|upkeep
|
|t:|1783448155
|switch|p2b: Kingambit|Kingambit, L50, M|100/100
|switch|p1a: Garchomp|Garchomp, L50, M|100/100
|turn|5
|
|t:|1783448169
|move|p1b: Kingambit|Sucker Punch|p2a: Sneasler
|-resisted|p2a: Sneasler|1
|-damage|p2a: Sneasler|59/100
|move|p1a: Garchomp|Earthquake|p2b: Kingambit|[spread] p1b,p2a,p2b
|-supereffective|p1b: Kingambit|1
|-supereffective|p2a: Sneasler|1
|-supereffective|p2b: Kingambit|1
|-damage|p1b: Kingambit|0 fnt
|-damage|p2a: Sneasler|0 fnt
|-damage|p2b: Kingambit|44/100
|faint|p1b: Kingambit
|faint|p2a: Sneasler
|move|p2b: Kingambit|Kowtow Cleave|p1a: Garchomp
|-damage|p1a: Garchomp|35/100
|-damage|p2b: Kingambit|32/100|[from] ability: Rough Skin|[of] p1a: Garchomp
|
|upkeep
|
|t:|1783448181
|switch|p2a: Sinistcha|Sinistcha, L50|100/100
|switch|p1b: Staraptor|Staraptor, L50, F, shiny|100/100
|-ability|p1b: Staraptor|Intimidate|boost
|-unboost|p2a: Sinistcha|atk|1
|-unboost|p2b: Kingambit|atk|1
|-ability|p2b: Kingambit|Defiant|boost
|-boost|p2b: Kingambit|atk|2
|-heal|p2b: Kingambit|57/100|[from] ability: Hospitality|[of] p2a: Sinistcha
|turn|6
|
|t:|1783448190
|detailschange|p1b: Staraptor|Staraptor-Mega, L50, F, shiny
|-mega|p1b: Staraptor|Staraptor|Staraptite
|move|p2b: Kingambit|Sucker Punch|p1a: Garchomp
|-damage|p1a: Garchomp|0 fnt
|-damage|p2b: Kingambit|45/100|[from] ability: Rough Skin|[of] p1a: Garchomp
|faint|p1a: Garchomp
|move|p1b: Staraptor|Brave Bird|p2a: Sinistcha
|-supereffective|p2a: Sinistcha|1
|-enditem|p2a: Sinistcha|Coba Berry|[eat]
|-enditem|p2a: Sinistcha|Coba Berry|[weaken]
|-damage|p2a: Sinistcha|35/100
|-damage|p1b: Staraptor|76/100|[from] Recoil
|move|p2a: Sinistcha|Matcha Gotcha|p1b: Staraptor
|-resisted|p1b: Staraptor|1
|-damage|p1b: Staraptor|60/100
|-heal|p2a: Sinistcha|43/100|[from] drain|[of] p1b: Staraptor
|
|upkeep
|turn|7
|
|t:|1783448209
|move|p2a: Sinistcha|Rage Powder|p2a: Sinistcha
|-singleturn|p2a: Sinistcha|move: Rage Powder
|move|p2b: Kingambit|Sucker Punch||[still]
|-fail|p2b: Kingambit
|move|p1b: Staraptor|Roost|p1b: Staraptor
|-heal|p1b: Staraptor|100/100
|-singleturn|p1b: Staraptor|move: Roost
|
|upkeep
|turn|8
|
|t:|1783448231
|move|p1b: Staraptor|Brave Bird|p2a: Sinistcha
|-supereffective|p2a: Sinistcha|1
|-damage|p2a: Sinistcha|0 fnt
|faint|p2a: Sinistcha
|-damage|p1b: Staraptor|84/100|[from] Recoil
|move|p2b: Kingambit|Kowtow Cleave|p1b: Staraptor
|-resisted|p1b: Staraptor|1
|-damage|p1b: Staraptor|36/100
|
|upkeep
|turn|9
|
|t:|1783448241
|move|p1b: Staraptor|Roost|p1b: Staraptor
|-heal|p1b: Staraptor|86/100
|-singleturn|p1b: Staraptor|move: Roost
|move|p2b: Kingambit|Kowtow Cleave|p1b: Staraptor
|-resisted|p1b: Staraptor|1
|-damage|p1b: Staraptor|42/100
|
|upkeep
|turn|10
|
|t:|1783448251
|move|p2b: Kingambit|Sucker Punch||[still]
|-fail|p2b: Kingambit
|move|p1b: Staraptor|Roost|p1b: Staraptor
|-heal|p1b: Staraptor|92/100
|-singleturn|p1b: Staraptor|move: Roost
|
|upkeep
|turn|11
|
|t:|1783448257
|move|p2b: Kingambit|Sucker Punch|p1b: Staraptor
|-resisted|p1b: Staraptor|1
|-damage|p1b: Staraptor|54/100
|move|p1b: Staraptor|Close Combat|p2b: Kingambit
|-supereffective|p2b: Kingambit|2
|-damage|p2b: Kingambit|0 fnt
|-boost|p1b: Staraptor|def|1
|-boost|p1b: Staraptor|spd|1
|faint|p2b: Kingambit
|
|win|kvoothe
|raw|kvoothe's rating: 1096 → 1118(+22 for winning)
|raw|Jacrepid's rating: 1040 → 1027(-13 for losing)
