|j|☆TeyOnTheRox
|j|☆EnzoPS
|html|TeyOnTheRoxEnzoPS    
|uhtml|bestof|Game 2 of a best-of-3
|t:|1757778351
|gametype|doubles
|player|p1|TeyOnTheRox|benga|1182
|player|p2|EnzoPS|cynthia-gen4|1162
|gen|9
|tier|[Gen 9] VGC 2025 Reg H (Bo3)
|rated|
|rule|Species Clause: Limit one of each Pokémon
|rule|Item Clause: Limit 1 of each item
|clearpoke
|poke|p1|Tyranitar, L50, M|
|poke|p1|Excadrill, L50, M|
|poke|p1|Sneasler, L50, F|
|poke|p1|Indeedee, L50, M|
|poke|p1|Corviknight, L50, F|
|poke|p1|Annihilape, L50, F|
|poke|p2|Pelipper, L50, F|
|poke|p2|Amoonguss, L50, M|
|poke|p2|Archaludon, L50, M|
|poke|p2|Basculegion, L50, M|
|poke|p2|Gholdengo, L50|
|poke|p2|Incineroar, L50, F|
|teampreview|4
|showteam|p1|Tyranitar||AssaultVest|SandStream|RockSlide,KnockOff,TeraBlast,LowKick|||M|||50|,,,,,Flying]Excadrill||FocusSash|SandRush|IronHead,HighHorsepower,Earthquake,Protect|||M|||50|,,,,,Stellar]Sneasler||PsychicSeed|Unburden|DireClaw,CloseCombat,ThroatChop,Protect|||F|||50|,,,,,Dark]Indeedee||ChoiceScarf|PsychicSurge|ExpandingForce,TeraBlast,Protect,Trick|||M|||50|,,,,,Psychic]Corviknight||Leftovers|MirrorArmor|BraveBird,BulkUp,Roost,Tailwind|||F|||50|,,,,,Dragon]Annihilape||SafetyGoggles|Defiant|CloseCombat,FinalGambit,RageFist,Taunt|||F|||50|,,,,,Water
|showteam|p2|Pelipper||FocusSash|Drizzle|Protect,WeatherBall,Hurricane,Tailwind|||F|||50|,,,,,Ground]Amoonguss||SitrusBerry|Regenerator|Protect,Spore,RagePowder,PollenPuff|||M|||50|,,,,,Water]Archaludon||AssaultVest|Stamina|DragonPulse,ElectroShot,FlashCannon,BodyPress|||M|||50|,,,,,Grass]Basculegion||ChoiceBand|SwiftSwim|FlipTurn,WaveCrash,AquaJet,LastRespects|||M|||50|,,,,,Grass]Gholdengo||LifeOrb|GoodasGold|Protect,MakeItRain,ShadowBall,NastyPlot||||||50|,,,,,Water]Incineroar||SafetyGoggles|Intimidate|FlareBlitz,KnockOff,PartingShot,FakeOut|||F|||50|,,,,,Ghost
|
|t:|1757778367
|teamsize|p1|4
|teamsize|p2|4
|start
|switch|p1a: Lightnin'|Sneasler, L50, F|100/100
|switch|p1b: Cars I|Indeedee, L50, M, shiny|100/100
|switch|p2a: Gholdengo|Gholdengo, L50|100/100
|switch|p2b: Amoonguss|Amoonguss, L50, M|100/100
|-fieldstart|move: Psychic Terrain|[from] ability: Psychic Surge|[of] p1b: Cars I
|-enditem|p1a: Lightnin'|Psychic Seed
|-boost|p1a: Lightnin'|spd|1|[from] item: Psychic Seed
|turn|1
|
|t:|1757778386
|-terastallize|p1b: Cars I|Psychic
|-terastallize|p2b: Amoonguss|Water
|move|p2a: Gholdengo|Protect|p2a: Gholdengo
|-singleturn|p2a: Gholdengo|Protect
|move|p1a: Lightnin'|Dire Claw|p2b: Amoonguss
|-crit|p2b: Amoonguss
|-damage|p2b: Amoonguss|48/100
|-status|p2b: Amoonguss|par
|-enditem|p2b: Amoonguss|Sitrus Berry|[eat]
|-heal|p2b: Amoonguss|73/100 par|[from] item: Sitrus Berry
|move|p1b: Cars I|Expanding Force|p2b: Amoonguss|[spread] p2b
|-activate|p2a: Gholdengo|move: Protect
|-damage|p2b: Amoonguss|11/100 par
|cant|p2b: Amoonguss|par
|
|upkeep
|turn|2
|
|t:|1757778410
|move|p1a: Lightnin'|Protect|p1a: Lightnin'
|-singleturn|p1a: Lightnin'|Protect
|move|p2b: Amoonguss|Rage Powder|p2b: Amoonguss
|-singleturn|p2b: Amoonguss|move: Rage Powder
|move|p1b: Cars I|Expanding Force|p2b: Amoonguss|[spread] p2a,p2b
|-resisted|p2a: Gholdengo
|-damage|p2a: Gholdengo|56/100
|-damage|p2b: Amoonguss|0 fnt
|faint|p2b: Amoonguss
|move|p2a: Gholdengo|Shadow Ball|p1b: Cars I
|-supereffective|p1b: Cars I
|-damage|p1b: Cars I|0 fnt
|faint|p1b: Cars I
|-damage|p2a: Gholdengo|46/100|[from] item: Life Orb
|
|upkeep
|
|t:|1757778419
|switch|p1b: Toe Master|Excadrill, L50, M|100/100
|switch|p2b: Incineroar|Incineroar, L50, F|100/100
|-ability|p2b: Incineroar|Intimidate|boost
|-unboost|p1a: Lightnin'|atk|1
|-unboost|p1b: Toe Master|atk|1
|turn|3
|
|t:|1757778467
|switch|p2a: Pelipper|Pelipper, L50, F, shiny|100/100
|-weather|RainDance|[from] ability: Drizzle|[of] p2a: Pelipper
|move|p1a: Lightnin'|Protect|p1a: Lightnin'
|-singleturn|p1a: Lightnin'|Protect
|move|p2b: Incineroar|Fake Out|p1a: Lightnin'
|-activate|p1a: Lightnin'|move: Psychic Terrain
|move|p1b: Toe Master|Earthquake|p2b: Incineroar|[spread] p2b
|-activate|p1a: Lightnin'|move: Protect
|-immune|p2a: Pelipper
|-supereffective|p2b: Incineroar
|-damage|p2b: Incineroar|50/100
|
|-weather|RainDance|[upkeep]
|upkeep
|turn|4
|
|t:|1757778491
|switch|p1a: Doc Hudson|Tyranitar, L50, M, shiny|100/100
|-weather|Sandstorm|[from] ability: Sand Stream|[of] p1a: Doc Hudson
|switch|p2b: Gholdengo|Gholdengo, L50|46/100
|move|p1b: Toe Master|High Horsepower|p2b: Gholdengo
|-supereffective|p2b: Gholdengo
|-damage|p2b: Gholdengo|0 fnt
|faint|p2b: Gholdengo
|move|p2a: Pelipper|Tailwind|p2a: Pelipper
|-sidestart|p2: EnzoPS|move: Tailwind
|
|-weather|Sandstorm|[upkeep]
|-damage|p2a: Pelipper|95/100|[from] Sandstorm
|upkeep
|
|t:|1757778500
|switch|p2b: Incineroar|Incineroar, L50, F|50/100
|-ability|p2b: Incineroar|Intimidate|boost
|-unboost|p1a: Doc Hudson|atk|1
|-unboost|p1b: Toe Master|atk|1
|turn|5
|
|t:|1757778514
|move|p1b: Toe Master|High Horsepower|p2b: Incineroar
|-supereffective|p2b: Incineroar
|-damage|p2b: Incineroar|0 fnt
|faint|p2b: Incineroar
|move|p2a: Pelipper|Hurricane|p1a: Doc Hudson|[miss]
|-miss|p2a: Pelipper|p1a: Doc Hudson
|move|p1a: Doc Hudson|Rock Slide|p2a: Pelipper
|-supereffective|p2a: Pelipper
|-damage|p2a: Pelipper|29/100
|
|-weather|Sandstorm|[upkeep]
|-damage|p2a: Pelipper|24/100|[from] Sandstorm
|-fieldend|move: Psychic Terrain
|upkeep
|turn|6
|-message|EnzoPS forfeited.
|
|win|TeyOnTheRox
|raw|TeyOnTheRox's rating: 1182 → 1206(+24 for winning)
|raw|EnzoPS's rating: 1162 → 1138(-24 for losing)
