|j|☆MugiwaraLux
|j|☆TTorr7474
|html|MugiwaraLuxTTorr7474    
|uhtml|bestof|Game 2 of a best-of-3
|t:|1754983833
|gametype|doubles
|player|p1|MugiwaraLux|1|1186
|player|p2|TTorr7474|lance|1246
|gen|9
|tier|[Gen 9] VGC 2025 Reg H (Bo3)
|rated|
|rule|Species Clause: Limit one of each Pokémon
|rule|Item Clause: Limit 1 of each item
|clearpoke
|poke|p1|Ursaluna, L50, F|
|poke|p1|Jumpluff, L50, F|
|poke|p1|Charizard, L50, M|
|poke|p1|Torkoal, L50, M|
|poke|p1|Incineroar, L50, F|
|poke|p1|Porygon2, L50|
|poke|p2|Dragapult, L50, F|
|poke|p2|Sneasler, L50, M|
|poke|p2|Indeedee, L50, M|
|poke|p2|Incineroar, L50, F|
|poke|p2|Typhlosion-Hisui, L50, F|
|poke|p2|Whimsicott, L50, M|
|teampreview|4
|showteam|p1|Ursaluna||FlameOrb|Guts|HeadlongRush,Facade,Earthquake,Protect|||F|||50|,,,,,Ghost]Jumpluff||CovertCloak|Chlorophyll|SleepPowder,SunnyDay,Tailwind,RagePowder|||F|||50|,,,,,Water]Charizard||ChoiceSpecs|SolarPower|AirSlash,HeatWave,Overheat,WeatherBall|||M|||50|,,,,,Ghost]Torkoal||EjectPack|Drought|HelpingHand,Eruption,Overheat,Protect|||M|||50|,,,,,Fire]Incineroar||SitrusBerry|Intimidate|FakeOut,FlareBlitz,KnockOff,PartingShot|||F|||50|,,,,,Ghost]Porygon2||Eviolite|Download|TeraBlast,IceBeam,Recover,TrickRoom||||||50|,,,,,Fighting
|showteam|p2|Dragapult||ChoiceBand|ClearBody|DragonDarts,PhantomForce,Uturn,Outrage|||F|||50|,,,,,Dragon]Sneasler||PsychicSeed|Unburden|DireClaw,ThroatChop,CloseCombat,Protect|||M|||50|,,,,,Dark]Indeedee||ChoiceScarf|PsychicSurge|ExpandingForce,DazzlingGleam,TeraBlast,Trick|||M|||50|,,,,,Fighting]Incineroar||SafetyGoggles|Intimidate|FakeOut,Taunt,KnockOff,PartingShot|||F|||50|,,,,,Bug]Typhlosion-Hisui||ChoiceSpecs|Blaze|Eruption,HeatWave,ShadowBall,Flamethrower|||F|||50|,,,,,Fire]Whimsicott||FocusSash|Prankster|Moonblast,Taunt,Tailwind,SunnyDay|||M|||50|,,,,,Ghost
|inactive|Battle timer is ON: inactive players will automatically lose when time's up. (requested by MugiwaraLux)
|
|t:|1754983860
|teamsize|p1|4
|teamsize|p2|4
|start
|switch|p1a: Porygon2|Porygon2, L50|100/100
|switch|p1b: Jumpluff|Jumpluff, L50, F|100/100
|switch|p2a: Whimsicott|Whimsicott, L50, M|100/100
|switch|p2b: Typhlosion|Typhlosion-Hisui, L50, F|100/100
|-ability|p1a: Porygon2|Download|boost
|-boost|p1a: Porygon2|spa|1
|turn|1
|
|t:|1754983882
|-terastallize|p1b: Jumpluff|Water
|move|p2a: Whimsicott|Taunt|p1a: Porygon2
|-start|p1a: Porygon2|move: Taunt
|move|p1b: Jumpluff|Sleep Powder|p2b: Typhlosion|[miss]
|-miss|p1b: Jumpluff|p2b: Typhlosion
|move|p2b: Typhlosion|Heat Wave|p1b: Jumpluff|[spread] p1b
|-miss|p2b: Typhlosion|p1a: Porygon2
|-resisted|p1b: Jumpluff
|-damage|p1b: Jumpluff|72/100
|move|p1a: Porygon2|Ice Beam|p2a: Whimsicott
|-supereffective|p2a: Whimsicott
|-enditem|p2a: Whimsicott|Focus Sash
|-damage|p2a: Whimsicott|1/100
|
|upkeep
|turn|2
|
|t:|1754983900
|switch|p1b: Ursaluna|Ursaluna, L50, F|100/100
|move|p2a: Whimsicott|Taunt|p1b: Ursaluna
|-start|p1b: Ursaluna|move: Taunt
|move|p2b: Typhlosion|Heat Wave|p1b: Ursaluna|[spread] p1a,p1b
|-damage|p1a: Porygon2|65/100
|-damage|p1b: Ursaluna|55/100
|move|p1a: Porygon2|Ice Beam|p2a: Whimsicott
|-supereffective|p2a: Whimsicott
|-damage|p2a: Whimsicott|0 fnt
|faint|p2a: Whimsicott
|
|-status|p1b: Ursaluna|brn|[from] item: Flame Orb
|upkeep
|
|t:|1754983910
|switch|p2a: Dragapult|Dragapult, L50, F|100/100
|turn|3
|
|t:|1754983921
|-terastallize|p2b: Typhlosion|Fire
|move|p2a: Dragapult|Dragon Darts|p1a: Porygon2
|-damage|p1a: Porygon2|43/100
|-anim|p2a: Dragapult|Dragon Darts|p1b: Ursaluna
|-damage|p1b: Ursaluna|28/100 brn
|move|p2b: Typhlosion|Heat Wave|p1a: Porygon2|[spread] p1a,p1b
|-damage|p1a: Porygon2|2/100
|-damage|p1b: Ursaluna|0 fnt
|faint|p1b: Ursaluna
|move|p1a: Porygon2|Ice Beam|p2a: Dragapult
|-supereffective|p2a: Dragapult
|-damage|p2a: Dragapult|0 fnt
|faint|p2a: Dragapult
|
|-end|p1a: Porygon2|move: Taunt
|upkeep
|
|t:|1754983931
|switch|p2a: Indeedee|Indeedee, L50, M|100/100
|switch|p1b: Jumpluff|Jumpluff, L50, F, tera:Water|72/100
|-fieldstart|move: Psychic Terrain|[from] ability: Psychic Surge|[of] p2a: Indeedee
|turn|4
|
|t:|1754983943
|switch|p1a: Torkoal|Torkoal, L50, M|100/100
|-weather|SunnyDay|[from] ability: Drought|[of] p1a: Torkoal
|move|p1b: Jumpluff|Sleep Powder|p2a: Indeedee
|-status|p2a: Indeedee|slp|[from] move: Sleep Powder
|cant|p2a: Indeedee|slp
|move|p2b: Typhlosion|Heat Wave|p1a: Torkoal|[spread] p1a,p1b
|-resisted|p1a: Torkoal
|-resisted|p1b: Jumpluff
|-damage|p1a: Torkoal|27/100
|-damage|p1b: Jumpluff|18/100
|
|-weather|SunnyDay|[upkeep]
|upkeep
|turn|5
|
|t:|1754983956
|move|p1b: Jumpluff|Sleep Powder|p2b: Typhlosion
|-status|p2b: Typhlosion|slp|[from] move: Sleep Powder
|-curestatus|p2a: Indeedee|slp|[msg]
|move|p2a: Indeedee|Expanding Force|p1b: Jumpluff|[spread] p1a,p1b
|-damage|p1a: Torkoal|0 fnt
|-damage|p1b: Jumpluff|0 fnt
|faint|p1a: Torkoal
|faint|p1b: Jumpluff
|cant|p2b: Typhlosion|slp
|
|-weather|SunnyDay|[upkeep]
|upkeep
|
|t:|1754983959
|switch|p1b: Porygon2|Porygon2, L50|2/100
|-ability|p1b: Porygon2|Download|boost
|-boost|p1b: Porygon2|atk|1
|turn|6
|c|☆MugiwaraLux|Unlucky
|c|☆MugiwaraLux|gg
|-message|MugiwaraLux forfeited.
|
|win|TTorr7474
|raw|MugiwaraLux's rating: 1186 → 1165(-21 for losing)
|raw|TTorr7474's rating: 1246 → 1267(+21 for winning)
|c|☆TTorr7474|i got bailed out
|c|☆TTorr7474|gg
