|j|ŌśåEchoes4
|j|Ōśåfylekull
|html|Echoes4fylekull    
|uhtml|bestof|Game 1 of a best-of-3
|t:|1785027896
|gametype|doubles
|player|p1|Echoes4|2|
|player|p2|fylekull|266|
|gen|9
|tier|[Gen 9 Champions] VGC 2026 Reg M-B (Bo3)
|rule|Species Clause: Limit one of each Pok├®mon
|rule|Item Clause: Limit 1 of each item
|clearpoke
|poke|p1|Swampert, L50, F|
|poke|p1|Kingambit, L50, F|
|poke|p1|Dragonite, L50, M|
|poke|p1|Scizor, L50, M|
|poke|p1|Overqwil, L50, M|
|poke|p1|Sableye, L50, M|
|poke|p2|Blaziken, L50, F|
|poke|p2|Klefki, L50, M|
|poke|p2|Skarmory, L50, F|
|poke|p2|Weavile, L50, F|
|poke|p2|Cofagrigus, L50, M|
|poke|p2|Greninja, L50, M|
|teampreview|4
|showteam|p1|Swampert||Swampertite|Torrent|WaveCrash,Protect,RockSlide,HighHorsepower|Adamant||F|||50|]Kingambit||BlackGlasses|Defiant|Protect,SuckerPunch,KowtowCleave,IronHead|Adamant||F|||50|]Dragonite||Dragoninite|Multiscale|Hurricane,Protect,Thunder,Flamethrower|Modest||M|||50|]Scizor||LifeOrb|Technician|BugBite,BulletPunch,Tailwind,QuickGuard|Adamant||M|||50|]Overqwil||Leftovers|Intimidate|Crunch,Liquidation,RainDance,Toxic|Careful||M|||50|]Sableye||SitrusBerry|Prankster|FoulPlay,RainDance,Quash,Protect|Calm||M|||50|
|showteam|p2|Blaziken||Blazikenite|SpeedBoost|Protect,FlareBlitz,CloseCombat,BulkUp|Adamant||F|||50|]Klefki||LightClay|Prankster|RainDance,Reflect,DazzlingGleam,Imprison|Timid||M|||50|]Skarmory||Leftovers|Sturdy|BodyPress,IronDefense,Roost,Protect|Impish||F|||50|]Weavile||FocusSash|Pickpocket|TripleAxel,BrickBreak,FakeOut,Protect|Adamant||F|||50|]Cofagrigus||ColburBerry|Mummy|BodyPress,Haze,WillOWisp,AllySwitch|Bold||M|||50|]Greninja||LifeOrb|Protean|GrassKnot,MudShot,IceBeam,Protect|Modest||M|||50|
|c|Ōśåfylekull|gl
|c|ŌśåEchoes4|glhf
|c|Ōśåfylekull|wait theres open sheets. im under the assumption we arent looking?
|c|ŌśåEchoes4|nah we not looking
|c|Ōśåfylekull|perf
|
|t:|1785028016
|teamsize|p1|4
|teamsize|p2|4
|start
|switch|p1a: Overqwil|Overqwil, L50, M|100/100
|switch|p1b: Swampert|Swampert, L50, F|100/100
|switch|p2a: Klefki|Klefki, L50, M|100/100
|switch|p2b: Greninja|Greninja, L50, M|100/100
|-ability|p1a: Overqwil|Intimidate|boost
|-unboost|p2a: Klefki|atk|1
|-unboost|p2b: Greninja|atk|1
|turn|1
|
|t:|1785028055
|detailschange|p1b: Swampert|Swampert-Mega, L50, F
|-mega|p1b: Swampert|Swampert|Swampertite
|move|p1b: Swampert|Protect|p1b: Swampert
|-singleturn|p1b: Swampert|Protect
|move|p2a: Klefki|Reflect|p2a: Klefki
|-sidestart|p2: fylekull|Reflect
|move|p2b: Greninja|Grass Knot|p1b: Swampert
|-start|p2b: Greninja|typechange|Grass|[from] ability: Protean
|-activate|p1b: Swampert|move: Protect
|move|p1a: Overqwil|Rain Dance|p1a: Overqwil
|-weather|RainDance
|
|-weather|RainDance|[upkeep]
|upkeep
|turn|2
|
|t:|1785028078
|switch|p2a: Cofagrigus|Cofagrigus, L50, M|100/100
|move|p2b: Greninja|Protect|p2b: Greninja
|-singleturn|p2b: Greninja|Protect
|move|p1b: Swampert|Wave Crash|p2b: Greninja
|-activate|p2b: Greninja|move: Protect
|move|p1a: Overqwil|Crunch|p2b: Greninja
|-activate|p2b: Greninja|move: Protect
|
|-weather|RainDance|[upkeep]
|upkeep
|turn|3
|
|t:|1785028106
|switch|p1b: Sableye|Sableye, L50, M|100/100
|move|p2a: Cofagrigus|Ally Switch|p2a: Cofagrigus
|swap|p2a: Cofagrigus|1|[from] move: Ally Switch
|move|p2a: Greninja|Grass Knot|p1b: Sableye
|-damage|p1b: Sableye|70/100
|-damage|p2a: Greninja|90/100|[from] item: Life Orb
|move|p1a: Overqwil|Crunch|p2a: Greninja
|-damage|p2a: Greninja|60/100
|
|-weather|RainDance|[upkeep]
|upkeep
|turn|4
|
|t:|1785028162
|move|p2a: Greninja|Protect|p2a: Greninja
|-singleturn|p2a: Greninja|Protect
|move|p1a: Overqwil|Toxic|p2a: Greninja
|-activate|p2a: Greninja|move: Protect
|move|p1b: Sableye|Foul Play|p2b: Cofagrigus
|-supereffective|p2b: Cofagrigus|1
|-enditem|p2b: Cofagrigus|Colbur Berry|[eat]
|-enditem|p2b: Cofagrigus|Colbur Berry|[weaken]
|-damage|p2b: Cofagrigus|92/100
|-activate|p2b: Cofagrigus|ability: Mummy|p1b: Sableye|[ability] Prankster
|move|p2b: Cofagrigus|Will-O-Wisp|p1b: Sableye|[miss]
|-miss|p2b: Cofagrigus|p1b: Sableye
|
|-weather|RainDance|[upkeep]
|upkeep
|turn|5
|
|t:|1785028197
|switch|p2a: Klefki|Klefki, L50, M|100/100
|move|p1a: Overqwil|Toxic|p2b: Cofagrigus
|-status|p2b: Cofagrigus|tox
|move|p1b: Sableye|Foul Play|p2a: Klefki
|-resisted|p2a: Klefki|1
|-damage|p2a: Klefki|91/100
|move|p2b: Cofagrigus|Will-O-Wisp|p1b: Sableye
|-status|p1b: Sableye|brn
|
|-weather|none
|-damage|p2b: Cofagrigus|86/100 tox|[from] psn
|-damage|p1b: Sableye|64/100 brn|[from] brn
|upkeep
|turn|6
|
|t:|1785028253
|move|p2a: Klefki|Imprison|p2a: Klefki
|-start|p2a: Klefki|move: Imprison
|cant|p1a: Overqwil|move: Imprison|Rain Dance
|move|p1b: Sableye|Foul Play|p2b: Cofagrigus
|-supereffective|p2b: Cofagrigus|1
|-damage|p2b: Cofagrigus|78/100 tox
|move|p2b: Cofagrigus|Body Press|p1a: Overqwil
|-damage|p1a: Overqwil|73/100
|
|-heal|p1a: Overqwil|79/100|[from] item: Leftovers
|-damage|p2b: Cofagrigus|66/100 tox|[from] psn
|-damage|p1b: Sableye|58/100 brn|[from] brn
|upkeep
|turn|7
|
|t:|1785028297
|switch|p2b: Greninja|Greninja, L50, M|60/100
|move|p2a: Klefki|Dazzling Gleam|p1a: Overqwil|[spread] p1a,p1b
|-supereffective|p1b: Sableye|1
|-damage|p1a: Overqwil|62/100
|-damage|p1b: Sableye|16/100 brn
|-enditem|p1b: Sableye|Sitrus Berry|[eat]
|-heal|p1b: Sableye|41/100 brn|[from] item: Sitrus Berry
|move|p1a: Overqwil|Crunch|p2b: Greninja
|-resisted|p2b: Greninja|1
|-damage|p2b: Greninja|46/100
|-unboost|p2b: Greninja|def|1
|move|p1b: Sableye|Foul Play|p2b: Greninja
|-resisted|p2b: Greninja|1
|-damage|p2b: Greninja|37/100
|
|-heal|p1a: Overqwil|68/100|[from] item: Leftovers
|-damage|p1b: Sableye|35/100 brn|[from] brn
|upkeep
|turn|8
|
|t:|1785028346
|move|p2b: Greninja|Protect|p2b: Greninja
|-start|p2b: Greninja|typechange|Normal|[from] ability: Protean
|-singleturn|p2b: Greninja|Protect
|move|p2a: Klefki|Dazzling Gleam|p1a: Overqwil|[spread] p1a,p1b
|-crit|p1a: Overqwil
|-supereffective|p1b: Sableye|1
|-damage|p1a: Overqwil|41/100
|-damage|p1b: Sableye|0 fnt
|faint|p1b: Sableye
|move|p1a: Overqwil|Toxic|p2b: Greninja
|-activate|p2b: Greninja|move: Protect
|
|-heal|p1a: Overqwil|47/100|[from] item: Leftovers
|-sideend|p2: fylekull|Reflect
|upkeep
|
|t:|1785028368
|switch|p1b: Dragonite|Dragonite, L50, M|100/100
|turn|9
|
|t:|1785028424
|switch|p2b: Cofagrigus|Cofagrigus, L50, M|66/100 tox
|move|p1b: Dragonite|Flamethrower|p2a: Klefki
|-supereffective|p2a: Klefki|1
|-damage|p2a: Klefki|14/100
|move|p2a: Klefki|Dazzling Gleam|p1b: Dragonite|[spread] p1a,p1b
|-supereffective|p1b: Dragonite|1
|-damage|p1a: Overqwil|30/100
|-damage|p1b: Dragonite|82/100
|move|p1a: Overqwil|Toxic|p2b: Cofagrigus
|-fail|p2b: Cofagrigus|tox
|
|-heal|p1a: Overqwil|36/100|[from] item: Leftovers
|-damage|p2b: Cofagrigus|60/100 tox|[from] psn
|upkeep
|turn|10
|
|t:|1785028457
|move|p2b: Cofagrigus|Ally Switch|p2b: Cofagrigus
|swap|p2b: Cofagrigus|0|[from] move: Ally Switch
|move|p2b: Klefki|Reflect|p2b: Klefki
|-sidestart|p2: fylekull|Reflect
|move|p1b: Dragonite|Flamethrower|p2a: Cofagrigus
|-damage|p2a: Cofagrigus|32/100 tox
|move|p1a: Overqwil|Liquidation|p2b: Klefki
|-damage|p2b: Klefki|0 fnt
|faint|p2b: Klefki
|
|-heal|p1a: Overqwil|42/100|[from] item: Leftovers
|-damage|p2a: Cofagrigus|20/100y tox|[from] psn
|upkeep
|
|t:|1785028468
|switch|p2b: Greninja|Greninja, L50, M|37/100
|turn|11
|
|t:|1785028485
|move|p1b: Dragonite|Protect|p1b: Dragonite
|-singleturn|p1b: Dragonite|Protect
|move|p2b: Greninja|Mud Shot|p1a: Overqwil
|-start|p2b: Greninja|typechange|Ground|[from] ability: Protean
|-supereffective|p1a: Overqwil|1
|-damage|p1a: Overqwil|0 fnt
|faint|p1a: Overqwil
|-damage|p2b: Greninja|27/100|[from] item: Life Orb
|move|p2a: Cofagrigus|Will-O-Wisp|p1b: Dragonite
|-activate|p1b: Dragonite|move: Protect
|
|-damage|p2a: Cofagrigus|2/100 tox|[from] psn
|upkeep
|
|t:|1785028498
|switch|p1a: Swampert|Swampert-Mega, L50, F|100/100
|turn|12
|
|t:|1785028541
|move|p2b: Greninja|Grass Knot|p1a: Swampert
|-supereffective|p1a: Swampert|2
|-damage|p1a: Swampert|0 fnt
|faint|p1a: Swampert
|-damage|p2b: Greninja|18/100|[from] item: Life Orb
|move|p1b: Dragonite|Flamethrower|p2b: Greninja
|-damage|p2b: Greninja|0 fnt
|faint|p2b: Greninja
|move|p2a: Cofagrigus|Will-O-Wisp|p1b: Dragonite
|-status|p1b: Dragonite|brn
|
|-damage|p2a: Cofagrigus|0 fnt|[from] psn
|faint|p2a: Cofagrigus
|-damage|p1b: Dragonite|76/100 brn|[from] brn
|upkeep
|
|t:|1785028569
|switch|p2a: Blaziken|Blaziken, L50, F|100/100
|turn|13
|
|t:|1785028580
|move|p2a: Blaziken|Protect|p2a: Blaziken
|-singleturn|p2a: Blaziken|Protect
|move|p1b: Dragonite|Hurricane|p2a: Blaziken
|-activate|p2a: Blaziken|move: Protect
|
|-damage|p1b: Dragonite|70/100 brn|[from] brn
|-ability|p2a: Blaziken|Speed Boost|boost
|-boost|p2a: Blaziken|spe|1
|upkeep
|turn|14
|
|t:|1785028618
|detailschange|p2a: Blaziken|Blaziken-Mega, L50, F
|-mega|p2a: Blaziken|Blaziken|Blazikenite
|move|p2a: Blaziken|Flare Blitz|p1b: Dragonite
|-resisted|p1b: Dragonite|1
|-damage|p1b: Dragonite|28/100 brn
|-damage|p2a: Blaziken|87/100|[from] Recoil
|move|p1b: Dragonite|Hurricane|p2a: Blaziken
|-supereffective|p2a: Blaziken|1
|-damage|p2a: Blaziken|0 fnt
|faint|p2a: Blaziken
|
|win|Echoes4
||fylekull is ready for game 2.
|inactive|Echoes4 has 30 seconds to confirm battle start!
||Echoes4 is ready for game 2.
|uhtml|next|Next: Game 2 of 3
