|j|☆Carrielis
|j|☆okozinc
|html|Carrielisokozinc    
|uhtml|bestof|Game 2 of a best-of-3
|t:|1783406518
|gametype|doubles
|player|p1|Carrielis|erika-masters3|1099
|player|p2|okozinc|170|1048
|gen|9
|tier|[Gen 9 Champions] VGC 2026 Reg M-B (Bo3)
|rated|
|rule|Species Clause: Limit one of each Pokémon
|rule|Item Clause: Limit 1 of each item
|clearpoke
|poke|p1|Delphox, L50, M|
|poke|p1|Toxapex, L50, F, shiny|
|poke|p1|Sinistcha-Masterpiece, L50|
|poke|p1|Sneasler, L50, F|
|poke|p1|Kingambit, L50, F, shiny|
|poke|p1|Ninetales-Alola, L50, F, shiny|
|poke|p2|Absol, L50, M|
|poke|p2|Maushold, L50|
|poke|p2|Aerodactyl, L50, M|
|poke|p2|Incineroar, L50, F|
|poke|p2|Sylveon, L50, F|
|poke|p2|Garchomp, L50, F|
|teampreview|4
|showteam|p1|Delphox||Delphoxite|Blaze|HeatWave,Psyshock,NastyPlot,Protect|Modest||M|||50|]Toxapex||Leftovers|Regenerator|WideGuard,Toxic,Infestation,BanefulBunker|Calm||F|||50|]Sinistcha-Masterpiece||KasibBerry|Hospitality|MatchaGotcha,RagePowder,TrickRoom,Protect|Bold|||||50|]Sneasler||WhiteHerb|Unburden|FakeOut,DireClaw,CloseCombat,Protect|Adamant||F|||50|]Kingambit||BlackGlasses|Defiant|KowtowCleave,SuckerPunch,SwordsDance,Protect|Adamant||F|||50|]Ninetales-Alola||FocusSash|SnowWarning|Blizzard,FreezeDry,AuroraVeil,Protect|Timid||F|||50|
|showteam|p2|Absol||Absolite|Justified|SwordsDance,CloseCombat,Protect,SuckerPunch|Jolly||M|||50|]Maushold||FocusSash|FriendGuard|PopulationBomb,SuperFang,FollowMe,Protect|Jolly|||||50|]Aerodactyl||Aerodactylite|Unnerve|Tailwind,RockSlide,DualWingbeat,WideGuard|Jolly||M|||50|]Incineroar||ChopleBerry|Intimidate|FakeOut,FlareBlitz,PartingShot,WillOWisp|Impish||F|||50|]Sylveon||FairyFeather|Pixilate|HyperVoice,MysticalFire,HyperBeam,Protect|Modest||F|||50|]Garchomp||LifeOrb|RoughSkin|RockSlide,Earthquake,DragonClaw,Protect|Jolly||F|||50|
|
|t:|1783406534
|teamsize|p1|4
|teamsize|p2|4
|start
|switch|p1a: Ninetales|Ninetales-Alola, L50, F, shiny|100/100
|switch|p1b: Sneasler|Sneasler, L50, F|100/100
|switch|p2a: Aerodactyl|Aerodactyl, L50, M|100/100
|switch|p2b: Garchomp|Garchomp, L50, F|100/100
|-ability|p2a: Aerodactyl|Unnerve
|-weather|Snowscape|[from] ability: Snow Warning|[of] p1a: Ninetales
|turn|1
|
|t:|1783406569
|move|p2a: Aerodactyl|Wide Guard|p2a: Aerodactyl
|-singleturn|p2a: Aerodactyl|Wide Guard
|move|p1b: Sneasler|Fake Out|p2a: Aerodactyl
|-resisted|p2a: Aerodactyl|1
|-damage|p2a: Aerodactyl|88/100
|move|p1a: Ninetales|Blizzard|p2a: Aerodactyl|[spread] 
|-activate|p2a: Aerodactyl|move: Wide Guard
|-activate|p2b: Garchomp|move: Wide Guard
|move|p2b: Garchomp|Earthquake|p1a: Ninetales|[spread] p1a,p1b
|-activate|p2a: Aerodactyl|move: Wide Guard
|-supereffective|p1b: Sneasler|1
|-damage|p1a: Ninetales|52/100
|-damage|p1b: Sneasler|0 fnt
|faint|p1b: Sneasler
|-damage|p2b: Garchomp|90/100|[from] item: Life Orb
|
|-weather|Snowscape|[upkeep]
|upkeep
|
|t:|1783406602
|switch|p1b: Sinistcha|Sinistcha-Masterpiece, L50|100/100
|-heal|p1a: Ninetales|77/100|[from] ability: Hospitality|[of] p1b: Sinistcha
|turn|2
|
|t:|1783406614
|move|p2a: Aerodactyl|Tailwind|p2a: Aerodactyl
|-sidestart|p2: okozinc|move: Tailwind
|move|p2b: Garchomp|Rock Slide|p1b: Sinistcha|[spread] p1a,p1b
|-supereffective|p1a: Ninetales|1
|-damage|p1a: Ninetales|25/100
|-damage|p1b: Sinistcha|79/100
|-damage|p2b: Garchomp|80/100|[from] item: Life Orb
|move|p1a: Ninetales|Blizzard|p2a: Aerodactyl|[spread] p2a,p2b
|-supereffective|p2a: Aerodactyl|1
|-supereffective|p2b: Garchomp|2
|-damage|p2a: Aerodactyl|0 fnt
|-damage|p2b: Garchomp|0 fnt
|faint|p2a: Aerodactyl
|faint|p2b: Garchomp
|move|p1b: Sinistcha|Trick Room|p1b: Sinistcha
|-fieldstart|move: Trick Room|[of] p1b: Sinistcha
|
|-weather|Snowscape|[upkeep]
|upkeep
|
|t:|1783406626
|switch|p2b: Maushold|Maushold, L50|100/100
|switch|p2a: Absol|Absol, L50, M|100/100
|turn|3
|
|t:|1783406675
|detailschange|p2a: Absol|Absol-Mega, L50, M
|-mega|p2a: Absol|Absol|Absolite
|move|p2b: Maushold|Protect|p2b: Maushold
|-singleturn|p2b: Maushold|Protect
|move|p1b: Sinistcha|Rage Powder|p1b: Sinistcha
|-singleturn|p1b: Sinistcha|move: Rage Powder
|move|p2a: Absol|Sucker Punch||[still]
|-fail|p2a: Absol
|move|p1a: Ninetales|Blizzard|p2b: Maushold|[spread] p2a
|-activate|p2b: Maushold|move: Protect
|-damage|p2a: Absol|53/100
|
|-weather|Snowscape|[upkeep]
|upkeep
|turn|4
|
|t:|1783406695
|move|p1b: Sinistcha|Rage Powder|p1b: Sinistcha
|-singleturn|p1b: Sinistcha|move: Rage Powder
|move|p2a: Absol|Sucker Punch||[still]
|-fail|p2a: Absol
|move|p1a: Ninetales|Blizzard|p2b: Maushold|[spread] p2a,p2b
|-damage|p2a: Absol|9/100
|-damage|p2b: Maushold|58/100
|move|p2b: Maushold|Population Bomb|p1b: Sinistcha
|-immune|p1b: Sinistcha
|
|-weather|Snowscape|[upkeep]
|upkeep
|turn|5
|-message|okozinc forfeited.
|raw|Carrielis's rating: 1099 → 1120(+21 for winning)
|raw|okozinc's rating: 1048 → 1033(-15 for losing)
|
|win|Carrielis
|l|☆okozinc
|player|p2|
