|j|☆MuseigenTest
|j|☆pokeplaygg
|html|MuseigenTestpokeplaygg    
|uhtml|bestof|Game 1 of a best-of-3
|t:|1782531382
|gametype|doubles
|player|p1|MuseigenTest|102|1173
|player|p2|pokeplaygg|1|1456
|gen|9
|tier|[Gen 9 Champions] VGC 2026 Reg M-B (Bo3)
|rated|
|rule|Species Clause: Limit one of each Pokémon
|rule|Item Clause: Limit 1 of each item
|clearpoke
|poke|p1|Sneasler, L50, M|
|poke|p1|Floette-Eternal, L50, F|
|poke|p1|Sinistcha, L50|
|poke|p1|Kingambit, L50, M|
|poke|p1|Delphox, L50, F, shiny|
|poke|p1|Incineroar, L50, F|
|poke|p2|Pelipper, L50, F|
|poke|p2|Archaludon, L50, F|
|poke|p2|Swampert, L50, F|
|poke|p2|Venusaur, L50, F|
|poke|p2|Aerodactyl, L50, M|
|poke|p2|Sinistcha, L50|
|teampreview|4
|showteam|p1|Sneasler||FocusSash|PoisonTouch|DireClaw,CloseCombat,FakeOut,Protect|Jolly||M|||50|]Floette-Eternal||Floettite|FlowerVeil|DazzlingGleam,DrainingKiss,CalmMind,Protect|Timid||F|||50|]Sinistcha||KasibBerry|Hospitality|MatchaGotcha,RagePowder,TrickRoom,Protect|Bold|||||50|]Kingambit||BlackGlasses|Defiant|KowtowCleave,SuckerPunch,SwordsDance,Protect|Adamant||M|||50|]Delphox||Delphoxite|Blaze|HeatWave,Psyshock,NastyPlot,Protect|Timid||F|||50|]Incineroar||SitrusBerry|Intimidate|FlareBlitz,ThroatChop,PartingShot,FakeOut|Careful||F|||50|
|showteam|p2|Pelipper||LifeOrb|Drizzle|Protect,Hurricane,MuddyWater,Tailwind|Modest||F|||50|]Archaludon||Leftovers|Stamina|Protect,ElectroShot,DracoMeteor,FlashCannon|Modest||F|||50|]Swampert||Swampertite|Torrent|Protect,WaveCrash,Earthquake,IcePunch|Adamant||F|||50|]Venusaur||Venusaurite|Chlorophyll|Protect,SleepPowder,SludgeBomb,EarthPower|Modest||F|||50|]Aerodactyl||FocusSash|Unnerve|Protect,Tailwind,RockSlide,PsychicFangs|Jolly||M|||50|]Sinistcha||BrightPowder|Hospitality|TrickRoom,LifeDew,MatchaGotcha,RagePowder|Bold|||||50|
|inactive|Battle timer is ON: inactive players will automatically lose when time's up. (requested by pokeplaygg)
|inactive|MuseigenTest also wants the timer to be on.
|c|☆MuseigenTest|gl hf
|inactive|MuseigenTest has 60 seconds left.
|inactive|pokeplaygg has 60 seconds left.
|inactive|MuseigenTest has 30 seconds left.
|inactive|MuseigenTest has 20 seconds left.
|inactive|MuseigenTest has 15 seconds left.
|
|t:|1782531464
|teamsize|p1|4
|teamsize|p2|4
|start
|switch|p1a: Floette|Floette-Eternal, L50, F|100/100
|switch|p1b: Incineroar|Incineroar, L50, F|100/100
|switch|p2a: Venusaur|Venusaur, L50, F|100/100
|switch|p2b: Pelipper|Pelipper, L50, F|100/100
|-ability|p1b: Incineroar|Intimidate|boost
|-unboost|p2a: Venusaur|atk|1
|-unboost|p2b: Pelipper|atk|1
|-weather|RainDance|[from] ability: Drizzle|[of] p2b: Pelipper
|turn|1
|
|t:|1782531485
|detailschange|p1a: Floette|Floette-Mega, L50, F
|-mega|p1a: Floette|Floette|Floettite
|-ability|p1a: Floette|Fairy Aura
|move|p1b: Incineroar|Fake Out|p2a: Venusaur
|-damage|p2a: Venusaur|87/100
|move|p1a: Floette|Calm Mind|p1a: Floette
|-boost|p1a: Floette|spa|1
|-boost|p1a: Floette|spd|1
|cant|p2a: Venusaur|flinch
|move|p2b: Pelipper|Tailwind|p2b: Pelipper
|-sidestart|p2: pokeplaygg|move: Tailwind
|
|-weather|RainDance|[upkeep]
|upkeep
|turn|2
|
|t:|1782531501
|move|p1a: Floette|Protect|p1a: Floette
|-singleturn|p1a: Floette|Protect
|move|p2a: Venusaur|Sleep Powder|p1a: Floette
|-activate|p1a: Floette|move: Protect
|move|p2b: Pelipper|Muddy Water|p1b: Incineroar|[spread] p1b
|-activate|p1a: Floette|move: Protect
|-supereffective|p1b: Incineroar|1
|-damage|p1b: Incineroar|1/100
|-enditem|p1b: Incineroar|Sitrus Berry|[eat]
|-heal|p1b: Incineroar|26/100|[from] item: Sitrus Berry
|-damage|p2b: Pelipper|90/100|[from] item: Life Orb
|move|p1b: Incineroar|Parting Shot|p2a: Venusaur
|-unboost|p2a: Venusaur|atk|1
|-unboost|p2a: Venusaur|spa|1
|
|t:|1782531517
|switch|p1b: Sneasler|Sneasler, L50, M|100/100|[from] Parting Shot
|
|-weather|RainDance|[upkeep]
|upkeep
|turn|3
|
|t:|1782531535
|move|p2a: Venusaur|Protect|p2a: Venusaur
|-singleturn|p2a: Venusaur|Protect
|move|p2b: Pelipper|Protect|p2b: Pelipper
|-singleturn|p2b: Pelipper|Protect
|move|p1b: Sneasler|Fake Out|p2b: Pelipper
|-activate|p2b: Pelipper|move: Protect
|move|p1a: Floette|Dazzling Gleam|p2b: Pelipper|[spread] 
|-activate|p2a: Venusaur|move: Protect
|-activate|p2b: Pelipper|move: Protect
|
|-weather|RainDance|[upkeep]
|upkeep
|turn|4
|
|t:|1782531550
|move|p1b: Sneasler|Protect|p1b: Sneasler
|-singleturn|p1b: Sneasler|Protect
|move|p1a: Floette|Protect|p1a: Floette
|-singleturn|p1a: Floette|Protect
|move|p2a: Venusaur|Sleep Powder|p1a: Floette
|-activate|p1a: Floette|move: Protect
|move|p2b: Pelipper|Hurricane|p1b: Sneasler
|-activate|p1b: Sneasler|move: Protect
|
|-weather|RainDance|[upkeep]
|-sideend|p2: pokeplaygg|move: Tailwind
|upkeep
|turn|5
|
|t:|1782531572
|move|p2b: Pelipper|Protect|p2b: Pelipper
|-singleturn|p2b: Pelipper|Protect
|move|p1b: Sneasler|Dire Claw|p2b: Pelipper
|-activate|p2b: Pelipper|move: Protect
|move|p1a: Floette|Dazzling Gleam|p2b: Pelipper|[spread] p2a
|-activate|p2b: Pelipper|move: Protect
|-resisted|p2a: Venusaur|1
|-damage|p2a: Venusaur|58/100
|move|p2a: Venusaur|Sleep Powder|p1a: Floette
|-status|p1a: Floette|slp|[from] move: Sleep Powder
|
|-weather|none
|upkeep
|turn|6
|inactive|pokeplaygg has 30 seconds left.
|inactive|MuseigenTest has 30 seconds left.
|
|t:|1782531604
|switch|p2b: Swampert|Swampert, L50, F|100/100
|move|p1b: Sneasler|Protect|p1b: Sneasler
|-singleturn|p1b: Sneasler|Protect
|cant|p1a: Floette|slp
|move|p2a: Venusaur|Earth Power|p1b: Sneasler
|-activate|p1b: Sneasler|move: Protect
|
|upkeep
|turn|7
|inactive|MuseigenTest has 30 seconds left.
|
|t:|1782531631
|switch|p1b: Incineroar|Incineroar, L50, F|26/100
|-ability|p1b: Incineroar|Intimidate|boost
|-unboost|p2a: Venusaur|atk|1
|-unboost|p2b: Swampert|atk|1
|detailschange|p2b: Swampert|Swampert-Mega, L50, F
|-mega|p2b: Swampert|Swampert|Swampertite
|-curestatus|p1a: Floette|slp|[msg]
|move|p1a: Floette|Draining Kiss|p2b: Swampert
|-damage|p2b: Swampert|53/100
|move|p2b: Swampert|Wave Crash|p1a: Floette
|-damage|p1a: Floette|49/100
|-damage|p2b: Swampert|38/100|[from] Recoil
|move|p2a: Venusaur|Sludge Bomb|p1a: Floette
|-supereffective|p1a: Floette|1
|-damage|p1a: Floette|18/100
|
|upkeep
|turn|8
|inactive|MuseigenTest has 30 seconds left.
|
|t:|1782531663
|switch|p1b: Sinistcha|Sinistcha, L50|100/100
|-heal|p1a: Floette|42/100|[from] ability: Hospitality|[of] p1b: Sinistcha
|move|p2b: Swampert|Protect|p2b: Swampert
|-singleturn|p2b: Swampert|Protect
|move|p2a: Venusaur|Protect|p2a: Venusaur
|-singleturn|p2a: Venusaur|Protect
|move|p1a: Floette|Dazzling Gleam|p2a: Venusaur|[spread] 
|-activate|p2a: Venusaur|move: Protect
|-activate|p2b: Swampert|move: Protect
|
|upkeep
|turn|9
|inactive|MuseigenTest has 30 seconds left.
|inactive|MuseigenTest has 20 seconds left.
|inactive|MuseigenTest has 15 seconds left.
|
|t:|1782531704
|switch|p2b: Archaludon|Archaludon, L50, F|100/100
|switch|p1b: Incineroar|Incineroar, L50, F|26/100
|-ability|p1b: Incineroar|Intimidate|boost
|-unboost|p2a: Venusaur|atk|1
|-unboost|p2b: Archaludon|atk|1
|move|p1a: Floette|Draining Kiss|p2b: Archaludon
|-damage|p2b: Archaludon|34/100
|-heal|p1a: Floette|100/100|[from] drain|[of] p2b: Archaludon
|-ability|p2b: Archaludon|Stamina|boost
|-boost|p2b: Archaludon|def|1
|move|p2a: Venusaur|Sleep Powder|p1a: Floette
|-status|p1a: Floette|slp|[from] move: Sleep Powder
|
|-heal|p2b: Archaludon|40/100|[from] item: Leftovers
|upkeep
|turn|10
|inactive|pokeplaygg has 30 seconds left.
|
|t:|1782531730
|switch|p2b: Swampert|Swampert-Mega, L50, F|38/100
|move|p1b: Incineroar|Fake Out|p2b: Swampert
|-damage|p2b: Swampert|29/100
|cant|p1a: Floette|slp
|move|p2a: Venusaur|Sleep Powder|p1b: Incineroar
|-status|p1b: Incineroar|slp|[from] move: Sleep Powder
|
|upkeep
|turn|11
|
|t:|1782531754
|switch|p2a: Pelipper|Pelipper, L50, F|90/100
|-weather|RainDance|[from] ability: Drizzle|[of] p2a: Pelipper
|move|p2b: Swampert|Wave Crash|p1a: Floette
|-damage|p1a: Floette|0 fnt
|faint|p1a: Floette
|-damage|p2b: Swampert|1/100|[from] Recoil
|cant|p1b: Incineroar|slp
|
|-weather|RainDance|[upkeep]
|upkeep
|
|t:|1782531762
|switch|p1a: Sinistcha|Sinistcha, L50|100/100
|-heal|p1b: Incineroar|51/100 slp|[from] ability: Hospitality|[of] p1a: Sinistcha
|turn|12
|
|t:|1782531771
|move|p1a: Sinistcha|Protect|p1a: Sinistcha
|-singleturn|p1a: Sinistcha|Protect
|move|p2b: Swampert|Earthquake|p1a: Sinistcha|[spread] p1b
|-activate|p1a: Sinistcha|move: Protect
|-immune|p2a: Pelipper
|-supereffective|p1b: Incineroar|1
|-damage|p1b: Incineroar|0 fnt
|faint|p1b: Incineroar
|move|p2a: Pelipper|Hurricane|p1a: Sinistcha
|-activate|p1a: Sinistcha|move: Protect
|
|-weather|RainDance|[upkeep]
|upkeep
|
|t:|1782531778
|switch|p1b: Sneasler|Sneasler, L50, M|100/100
|turn|13
|
|t:|1782531784
|move|p2b: Swampert|Protect|p2b: Swampert
|-singleturn|p2b: Swampert|Protect
|move|p2a: Pelipper|Protect|p2a: Pelipper
|-singleturn|p2a: Pelipper|Protect
|move|p1b: Sneasler|Fake Out|p2a: Pelipper
|-activate|p2a: Pelipper|move: Protect
|move|p1a: Sinistcha|Matcha Gotcha|p2b: Swampert|[spread] 
|-activate|p2a: Pelipper|move: Protect
|-activate|p2b: Swampert|move: Protect
|
|-weather|RainDance|[upkeep]
|upkeep
|turn|14
|
|t:|1782531797
|move|p2b: Swampert|Earthquake|p1b: Sneasler|[spread] p1a,p1b
|-immune|p2a: Pelipper
|-resisted|p1a: Sinistcha|1
|-supereffective|p1b: Sneasler|1
|-damage|p1a: Sinistcha|79/100
|-enditem|p1b: Sneasler|Focus Sash
|-damage|p1b: Sneasler|1/100
|move|p1b: Sneasler|Dire Claw|p2a: Pelipper
|-damage|p2a: Pelipper|49/100
|-status|p2a: Pelipper|slp
|move|p1a: Sinistcha|Matcha Gotcha|p2b: Swampert|[spread] p2a
|-miss|p1a: Sinistcha|p2b: Swampert
|-damage|p2a: Pelipper|18/100 slp
|-heal|p1a: Sinistcha|94/100|[from] drain|[of] p2a: Pelipper
|cant|p2a: Pelipper|slp
|
|-weather|RainDance|[upkeep]
|upkeep
|turn|15
|inactive|pokeplaygg has 30 seconds left.
|inactive|pokeplaygg has 20 seconds left.
|inactive|pokeplaygg has 15 seconds left.
|inactive|pokeplaygg has 10 seconds left.
|inactive|MuseigenTest has 30 seconds left.
|
|t:|1782531852
|switch|p2a: Archaludon|Archaludon, L50, F|40/100
|move|p2b: Swampert|Protect|p2b: Swampert
|-singleturn|p2b: Swampert|Protect
|move|p1b: Sneasler|Dire Claw|p2b: Swampert
|-activate|p2b: Swampert|move: Protect
|move|p1a: Sinistcha|Matcha Gotcha|p2a: Archaludon|[spread] p2a
|-activate|p2b: Swampert|move: Protect
|-resisted|p2a: Archaludon|2
|-damage|p2a: Archaludon|32/100
|-heal|p1a: Sinistcha|98/100|[from] drain|[of] p2a: Archaludon
|-status|p2a: Archaludon|brn
|-ability|p2a: Archaludon|Stamina|boost
|-boost|p2a: Archaludon|def|1
|
|-weather|none
|-heal|p2a: Archaludon|39/100 brn|[from] item: Leftovers
|-damage|p2a: Archaludon|32/100 brn|[from] brn
|upkeep
|turn|16
|inactive|MuseigenTest has 30 seconds left.
|
|t:|1782531882
|switch|p2a: Pelipper|Pelipper, L50, F|18/100 slp
|-weather|RainDance|[from] ability: Drizzle|[of] p2a: Pelipper
|move|p1b: Sneasler|Protect|p1b: Sneasler
|-singleturn|p1b: Sneasler|Protect
|move|p1a: Sinistcha|Protect|p1a: Sinistcha
|-singleturn|p1a: Sinistcha|Protect
|move|p2b: Swampert|Earthquake|p1b: Sneasler|[spread] 
|-activate|p1a: Sinistcha|move: Protect
|-activate|p1b: Sneasler|move: Protect
|-immune|p2a: Pelipper
|
|-weather|RainDance|[upkeep]
|upkeep
|turn|17
|
|t:|1782531899
|move|p2b: Swampert|Earthquake|p1b: Sneasler|[spread] p1a,p1b
|-immune|p2a: Pelipper
|-resisted|p1a: Sinistcha|1
|-supereffective|p1b: Sneasler|1
|-damage|p1a: Sinistcha|80/100
|-damage|p1b: Sneasler|0 fnt
|faint|p1b: Sneasler
|move|p1a: Sinistcha|Matcha Gotcha|p2a: Pelipper|[spread] p2a
|-miss|p1a: Sinistcha|p2b: Swampert
|-damage|p2a: Pelipper|0 fnt
|-heal|p1a: Sinistcha|89/100|[from] drain|[of] p2a: Pelipper
|faint|p2a: Pelipper
|
|-weather|RainDance|[upkeep]
|upkeep
|-message|MuseigenTest forfeited.
|
|win|pokeplaygg
||MuseigenTest is ready for game 2.
||pokeplaygg is ready for game 2.
|uhtml|next|Next: Game 2 of 3
