|j|☆yyfsx
|j|☆natsukivgc
|html|yyfsxnatsukivgc    
|uhtml|bestof|Game 1 of a best-of-3
|t:|1785470577
|gametype|doubles
|player|p1|yyfsx|170|1055
|player|p2|natsukivgc|1|1104
|gen|9
|tier|[Gen 9 Champions] VGC 2026 Reg M-B (Bo3)
|rated|
|rule|Species Clause: Limit one of each Pokémon
|rule|Item Clause: Limit 1 of each item
|clearpoke
|poke|p1|Raichu, L50, F|
|poke|p1|Sinistcha, L50|
|poke|p1|Corviknight, L50, F|
|poke|p1|Sylveon, L50, F|
|poke|p1|Garchomp, L50, M|
|poke|p1|Tyranitar, L50, M|
|poke|p2|Charizard, L50, F|
|poke|p2|Sneasler, L50, M|
|poke|p2|Kingambit, L50, M|
|poke|p2|Dragonite, L50, F|
|poke|p2|Floette-Eternal, L50, F|
|poke|p2|Whimsicott, L50, F|
|teampreview|4
|showteam|p1|Raichu||RaichuniteY|LightningRod|ZapCannon,FocusBlast,FakeOut,Protect|Timid||F|||50|]Sinistcha||KasibBerry|Hospitality|MatchaGotcha,ShadowBall,RagePowder,Protect|Modest|||||50|]Corviknight||Leftovers|MirrorArmor|IronHead,BraveBird,Tailwind,Protect|Adamant||F|||50|]Sylveon||FairyFeather|Pixilate|HyperVoice,QuickAttack,Yawn,Detect|Modest||F|||50|]Garchomp||SitrusBerry|RoughSkin|DragonClaw,StompingTantrum,RockSlide,Protect|Adamant||M|||50|]Tyranitar||FocusSash|SandStream|RockSlide,KnockOff,Superpower,Protect|Adamant||M|||50|
|showteam|p2|Charizard||CharizarditeY|Blaze|HeatWave,SolarBeam,WeatherBall,Protect|Modest||F|||50|]Sneasler||WhiteHerb|Unburden|CloseCombat,DireClaw,FakeOut,Coaching|Jolly||M|||50|]Kingambit||BlackGlasses|Defiant|KowtowCleave,SuckerPunch,SwordsDance,Protect|Adamant||M|||50|]Dragonite||LifeOrb|InnerFocus|DragonClaw,LowKick,ExtremeSpeed,Protect|Adamant||F|||50|]Floette-Eternal||Floettite|FlowerVeil|Moonblast,DazzlingGleam,LightofRuin,Protect|Modest||F|||50|]Whimsicott||FocusSash|Prankster|Moonblast,Tailwind,Encore,Protect|Timid||F|||50|
|
|t:|1785470625
|teamsize|p1|4
|teamsize|p2|4
|start
|switch|p1a: Raichu|Raichu, L50, F|100/100
|switch|p1b: Tyranitar|Tyranitar, L50, M|100/100
|switch|p2a: Sneasler|Sneasler, L50, M|100/100
|switch|p2b: Dragonite|Dragonite, L50, F|100/100
|-weather|Sandstorm|[from] ability: Sand Stream|[of] p1b: Tyranitar
|turn|1
|
|t:|1785470696
|detailschange|p1a: Raichu|Raichu-Mega-Y, L50, F
|-mega|p1a: Raichu|Raichu|Raichunite Y
|move|p1a: Raichu|Zap Cannon|p2a: Sneasler
|-damage|p2a: Sneasler|15/100
|-status|p2a: Sneasler|par
|move|p2b: Dragonite|Dragon Claw|p1a: Raichu
|-damage|p1a: Raichu|2/100
|-damage|p2b: Dragonite|90/100|[from] item: Life Orb
|move|p1b: Tyranitar|Rock Slide|p2a: Sneasler|[spread] p2a,p2b
|-resisted|p2a: Sneasler|1
|-supereffective|p2b: Dragonite|1
|-damage|p2a: Sneasler|0 fnt
|-damage|p2b: Dragonite|23/100
|faint|p2a: Sneasler
|
|-weather|Sandstorm|[upkeep]
|-damage|p1a: Raichu|0 fnt|[from] Sandstorm
|-damage|p2b: Dragonite|17/100|[from] Sandstorm
|faint|p1a: Raichu
|upkeep
|
|t:|1785470718
|switch|p1a: Garchomp|Garchomp, L50, M|100/100
|switch|p2a: Kingambit|Kingambit, L50, M|100/100
|turn|2
|
|t:|1785470761
|move|p2b: Dragonite|Protect|p2b: Dragonite
|-singleturn|p2b: Dragonite|Protect
|move|p1a: Garchomp|Rock Slide|p2a: Kingambit|[spread] p2a
|-activate|p2b: Dragonite|move: Protect
|-resisted|p2a: Kingambit|1
|-crit|p2a: Kingambit
|-damage|p2a: Kingambit|90/100
|move|p1b: Tyranitar|Superpower|p2a: Kingambit
|-supereffective|p2a: Kingambit|2
|-damage|p2a: Kingambit|0 fnt
|-unboost|p1b: Tyranitar|atk|1
|-unboost|p1b: Tyranitar|def|1
|faint|p2a: Kingambit
|
|-weather|Sandstorm|[upkeep]
|-damage|p2b: Dragonite|11/100|[from] Sandstorm
|upkeep
|
|t:|1785470775
|switch|p2a: Floette|Floette-Eternal, L50, F|100/100
|turn|3
|
|t:|1785470785
|detailschange|p2a: Floette|Floette-Mega, L50, F
|-mega|p2a: Floette|Floette|Floettite
|-ability|p2a: Floette|Fairy Aura
|move|p2a: Floette|Dazzling Gleam|p1a: Garchomp|[spread] p1a,p1b
|-supereffective|p1a: Garchomp|1
|-supereffective|p1b: Tyranitar|1
|-damage|p1a: Garchomp|0 fnt
|-damage|p1b: Tyranitar|33/100
|faint|p1a: Garchomp
|move|p2b: Dragonite|Low Kick|p1b: Tyranitar
|-supereffective|p1b: Tyranitar|2
|-damage|p1b: Tyranitar|0 fnt
|faint|p1b: Tyranitar
|-damage|p2b: Dragonite|1/100|[from] item: Life Orb
|
|-weather|Sandstorm|[upkeep]
|-damage|p2a: Floette|94/100|[from] Sandstorm
|-damage|p2b: Dragonite|0 fnt|[from] Sandstorm
|faint|p2b: Dragonite
|upkeep
|
|t:|1785470795
|switch|p1b: Sylveon|Sylveon, L50, F|100/100
|turn|4
|
|t:|1785470811
|move|p2a: Floette|Moonblast|p1b: Sylveon
|-damage|p1b: Sylveon|37/100
|move|p1b: Sylveon|Yawn|p2a: Floette
|-start|p2a: Floette|move: Yawn|[of] p1b: Sylveon
|
|-weather|Sandstorm|[upkeep]
|-damage|p2a: Floette|88/100|[from] Sandstorm
|-damage|p1b: Sylveon|31/100|[from] Sandstorm
|upkeep
|turn|5
|
|t:|1785470819
|move|p1b: Sylveon|Detect|p1b: Sylveon
|-singleturn|p1b: Sylveon|Protect
|move|p2a: Floette|Moonblast|p1b: Sylveon
|-activate|p1b: Sylveon|move: Protect
|
|-weather|none
|-end|p2a: Floette|move: Yawn|[silent]
|-status|p2a: Floette|slp
|upkeep
|turn|6
|
|t:|1785470829
|cant|p2a: Floette|slp
|move|p1b: Sylveon|Hyper Voice|p2a: Floette
|-damage|p2a: Floette|28/100 slp
|
|upkeep
|turn|7
|
|t:|1785470835
|cant|p2a: Floette|slp
|move|p1b: Sylveon|Hyper Voice|p2a: Floette
|-damage|p2a: Floette|0 fnt
|faint|p2a: Floette
|
|win|yyfsx
