|j|☆lindseyyy
|j|☆SuprEpcGuy
|html|lindseyyySuprEpcGuy    
|uhtml|bestof|Game 1 of a best-of-3
|t:|1784249457
|gametype|doubles
|player|p1|lindseyyy|170|1137
|player|p2|SuprEpcGuy|shauntal|1117
|gen|9
|tier|[Gen 9 Champions] VGC 2026 Reg M-B (Bo3)
|rated|
|rule|Species Clause: Limit one of each Pokémon
|rule|Item Clause: Limit 1 of each item
|clearpoke
|poke|p1|Rotom-Wash, L50|
|poke|p1|Ninetales-Alola, L50, F|
|poke|p1|Kingambit, L50, M|
|poke|p1|Sneasler, L50, M|
|poke|p1|Tsareena, L50, F|
|poke|p1|Aerodactyl, L50, F|
|poke|p2|Zoroark-Hisui, L50, F|
|poke|p2|Sylveon, L50, M|
|poke|p2|Pyroar, L50, F|
|poke|p2|Torkoal, L50, M|
|poke|p2|Incineroar, L50, M|
|poke|p2|Farigiraf, L50, F|
|teampreview|4
|showteam|p1|Rotom-Wash||Magnet|Levitate|WillOWisp,HydroPump,Thunderbolt,Protect|Modest|||||50|]Ninetales-Alola||NeverMeltIce|SnowWarning|Howl,Blizzard,IcyWind,Protect|Timid||F|||50|]Kingambit||BlackGlasses|Defiant|Protect,KowtowCleave,SuckerPunch,SwordsDance|Adamant||M|||50|]Sneasler||WhiteHerb|Unburden|CloseCombat,DireClaw,RockTomb,FakeOut|Adamant||M|||50|]Tsareena||ChoiceScarf|QueenlyMajesty|TropKick,TripleAxel,LowKick,KnockOff|Jolly||F|||50|]Aerodactyl||Aerodactylite|Unnerve|Protect,RockSlide,Tailwind,DualWingbeat|Jolly||F|||50|
|showteam|p2|Zoroark-Hisui||FocusSash|Illusion|Round,ShadowBall,Taunt,WillOWisp|Timid||F|||50|]Sylveon||FairyFeather|Pixilate|HyperVoice,Round,QuickAttack,Detect|Modest||M|||50|]Pyroar||Pyroarite|Rivalry|HeatWave,Flamethrower,Round,Protect|Timid||F|||50|]Torkoal||Charcoal|Drought|Eruption,WeatherBall,EarthPower,Protect|Quiet||M|||50|]Incineroar||LifeOrb|Intimidate|FlareBlitz,DarkestLariat,FakeOut,PartingShot|Adamant||M|||50|]Farigiraf||ColburBerry|ArmorTail|Psychic,Thunderbolt,TrickRoom,HelpingHand|Quiet||F|||50|
|inactive|Battle timer is ON: inactive players will automatically lose when time's up. (requested by lindseyyy)
|inactive|SuprEpcGuy also wants the timer to be on.
|inactive|lindseyyy has 60 seconds left.
|inactive|SuprEpcGuy has 60 seconds left.
|inactive|lindseyyy has 30 seconds left.
|inactive|SuprEpcGuy has 30 seconds left.
|inactive|lindseyyy has 20 seconds left.
|inactive|SuprEpcGuy has 20 seconds left.
|
|t:|1784249531
|teamsize|p1|4
|teamsize|p2|4
|start
|switch|p1a: Simple&Clean|Rotom-Wash, L50|100/100
|switch|p1b: Shoganai|Kingambit, L50, M|100/100
|switch|p2a: Farigiraf|Farigiraf, L50, F|100/100
|switch|p2b: Incineroar|Incineroar, L50, M|100/100
|-ability|p2b: Incineroar|Intimidate|boost
|-unboost|p1a: Simple&Clean|atk|1
|-unboost|p1b: Shoganai|atk|1
|-ability|p1b: Shoganai|Defiant|boost
|-boost|p1b: Shoganai|atk|2
|turn|1
|inactive|SuprEpcGuy has 30 seconds left.
|
|t:|1784249557
|move|p1b: Shoganai|Protect|p1b: Shoganai
|-singleturn|p1b: Shoganai|Protect
|move|p2b: Incineroar|Fake Out|p1b: Shoganai
|-activate|p1b: Shoganai|move: Protect
|move|p1a: Simple&Clean|Hydro Pump|p2b: Incineroar
|-supereffective|p2b: Incineroar|1
|-crit|p2b: Incineroar
|-damage|p2b: Incineroar|0 fnt
|faint|p2b: Incineroar
|move|p2a: Farigiraf|Trick Room|p2a: Farigiraf
|-fieldstart|move: Trick Room|[of] p2a: Farigiraf
|
|upkeep
|
|t:|1784249567
|switch|p2b: Sylveon|Sylveon, L50, M|100/100
|turn|2
|inactive|lindseyyy has 30 seconds left.
|inactive|lindseyyy has 20 seconds left.
|
|t:|1784249605
|move|p2a: Farigiraf|Thunderbolt|p1a: Simple&Clean
|-damage|p1a: Simple&Clean|73/100
|move|p1b: Shoganai|Kowtow Cleave|p2a: Farigiraf
|-supereffective|p2a: Farigiraf|1
|-enditem|p2a: Farigiraf|Colbur Berry|[eat]
|-enditem|p2a: Farigiraf|Colbur Berry|[weaken]
|-damage|p2a: Farigiraf|11/100
|move|p2b: Sylveon|Hyper Voice|p1a: Simple&Clean|[spread] p1a,p1b
|-damage|p1a: Simple&Clean|15/100
|-damage|p1b: Shoganai|51/100
|move|p1a: Simple&Clean|Thunderbolt|p2a: Farigiraf
|-damage|p2a: Farigiraf|0 fnt
|faint|p2a: Farigiraf
|
|upkeep
|
|t:|1784249618
|switch|p2a: Pyroar|Pyroar, L50, F|100/100
|turn|3
|inactive|lindseyyy has 30 seconds left.
|
|t:|1784249650
|detailschange|p2a: Pyroar|Pyroar-Mega, L50, F
|-mega|p2a: Pyroar|Pyroar|Pyroarite
|move|p1b: Shoganai|Protect|p1b: Shoganai
|-singleturn|p1b: Shoganai|Protect
|move|p1a: Simple&Clean|Protect|p1a: Simple&Clean
|-singleturn|p1a: Simple&Clean|Protect
|move|p2b: Sylveon|Hyper Voice|p1b: Shoganai|[spread] 
|-activate|p1a: Simple&Clean|move: Protect
|-activate|p1b: Shoganai|move: Protect
|move|p2a: Pyroar|Heat Wave|p1b: Shoganai|[spread] 
|-activate|p1a: Simple&Clean|move: Protect
|-activate|p1b: Shoganai|move: Protect
|
|upkeep
|turn|4
|inactive|lindseyyy has 30 seconds left.
|
|t:|1784249677
|move|p2a: Pyroar|Protect|p2a: Pyroar
|-singleturn|p2a: Pyroar|Protect
|move|p1b: Shoganai|Kowtow Cleave|p2b: Sylveon
|-resisted|p2b: Sylveon|1
|-damage|p2b: Sylveon|42/100
|move|p2b: Sylveon|Hyper Voice|p1b: Shoganai|[spread] p1a,p1b
|-damage|p1a: Simple&Clean|0 fnt
|-damage|p1b: Shoganai|3/100
|faint|p1a: Simple&Clean
|
|upkeep
|
|t:|1784249686
|switch|p1a: STELLVRIS|Aerodactyl, L50, F|100/100
|-ability|p1a: STELLVRIS|Unnerve
|turn|5
|
|t:|1784249698
|detailschange|p1a: STELLVRIS|Aerodactyl-Mega, L50, F
|-mega|p1a: STELLVRIS|Aerodactyl|Aerodactylite
|move|p1a: STELLVRIS|Protect|p1a: STELLVRIS
|-singleturn|p1a: STELLVRIS|Protect
|move|p2b: Sylveon|Quick Attack|p1b: Shoganai
|-damage|p1b: Shoganai|0 fnt
|faint|p1b: Shoganai
|move|p2a: Pyroar|Flamethrower|p1a: STELLVRIS
|-activate|p1a: STELLVRIS|move: Protect
|
|-fieldend|move: Trick Room
|upkeep
|
|t:|1784249704
|switch|p1b: Amanda|Sneasler, L50, M|100/100
|turn|6
|inactive|SuprEpcGuy has 30 seconds left.
|
|t:|1784249731
|move|p2b: Sylveon|Detect|p2b: Sylveon
|-singleturn|p2b: Sylveon|Protect
|move|p1a: STELLVRIS|Tailwind|p1a: STELLVRIS
|-sidestart|p1: lindseyyy|move: Tailwind
|move|p1b: Amanda|Close Combat|p2a: Pyroar
|-supereffective|p2a: Pyroar|1
|-damage|p2a: Pyroar|0 fnt
|-unboost|p1b: Amanda|def|1
|-unboost|p1b: Amanda|spd|1
|faint|p2a: Pyroar
|-enditem|p1b: Amanda|White Herb
|-clearnegativeboost|p1b: Amanda|[silent]
|
|upkeep
|turn|7
|-message|SuprEpcGuy forfeited.
|
|win|lindseyyy
