|j|☆datrandomguy787
|j|☆lettitripppp
|html|datrandomguy787lettitripppp    
|uhtml|bestof|Game 1 of a best-of-3
|t:|1783741471
|gametype|doubles
|player|p1|datrandomguy787|101|1244
|player|p2|lettitripppp|lucas|1189
|gen|9
|tier|[Gen 9 Champions] VGC 2026 Reg M-B (Bo3)
|rated|
|rule|Species Clause: Limit one of each Pokémon
|rule|Item Clause: Limit 1 of each item
|clearpoke
|poke|p1|Sneasler, L50, M|
|poke|p1|Blastoise, L50, M|
|poke|p1|Kingambit, L50, M|
|poke|p1|Incineroar, L50, M|
|poke|p1|Delphox, L50, F|
|poke|p1|Sinistcha, L50|
|poke|p2|Charizard, L50, M|
|poke|p2|Basculegion, L50, M|
|poke|p2|Whimsicott, L50, M, shiny|
|poke|p2|Garchomp, L50, M, shiny|
|poke|p2|Floette-Eternal, L50, F|
|poke|p2|Kingambit, L50, F, shiny|
|teampreview|4
|showteam|p1|Sneasler||FocusSash|PoisonTouch|PoisonJab,CloseCombat,FakeOut,QuickGuard|Jolly||M|||50|]Blastoise||Blastoisinite|RainDish|DarkPulse,WaterSpout,ShellSmash,Protect|Modest||M|||50|]Kingambit||BlackGlasses|Defiant|KowtowCleave,SuckerPunch,SwordsDance,Protect|Adamant||M|||50|]Incineroar||SitrusBerry|Intimidate|FlareBlitz,HelpingHand,PartingShot,FakeOut|Careful||M|||50|]Delphox||Delphoxite|Blaze|HeatWave,NastyPlot,Psyshock,Protect|Modest||F|||50|]Sinistcha||KasibBerry|Hospitality|MatchaGotcha,RagePowder,TrickRoom,Protect|Bold|||||50|
|showteam|p2|Charizard||CharizarditeY|Blaze|WeatherBall,SolarBeam,HeatWave,Protect|Modest||M|||50|]Basculegion||MysticWater|Adaptability|LastRespects,WaveCrash,AquaJet,Protect|Adamant||M|||50|]Whimsicott||FocusSash|Prankster|Moonblast,Tailwind,Encore,Protect|Timid||M|||50|]Garchomp||LifeOrb|RoughSkin|DragonClaw,Earthquake,RockSlide,Protect|Jolly||M|||50|]Floette-Eternal||Floettite|FlowerVeil|DazzlingGleam,LightofRuin,Moonblast,Protect|Modest||F|||50|]Kingambit||ChopleBerry|Defiant|KowtowCleave,SuckerPunch,IronHead,LowKick|Adamant||F|||50|
|inactive|Battle timer is ON: inactive players will automatically lose when time's up. (requested by lettitripppp)
|
|t:|1783741500
|teamsize|p1|4
|teamsize|p2|4
|start
|switch|p1a: Delphox|Delphox, L50, F|100/100
|switch|p1b: Sneasler|Sneasler, L50, M|100/100
|switch|p2a: GENERAL BLADUS|Kingambit, L50, F, shiny|100/100
|switch|p2b: RUINOUS LIGHT|Floette-Eternal, L50, F|100/100
|turn|1
|
|t:|1783741513
|switch|p2b: GHOSTWAVE|Basculegion, L50, M|100/100
|detailschange|p1a: Delphox|Delphox-Mega, L50, F
|-mega|p1a: Delphox|Delphox|Delphoxite
|move|p1b: Sneasler|Close Combat|p2a: GENERAL BLADUS
|-supereffective|p2a: GENERAL BLADUS|2
|-enditem|p2a: GENERAL BLADUS|Chople Berry|[eat]
|-enditem|p2a: GENERAL BLADUS|Chople Berry|[weaken]
|-damage|p2a: GENERAL BLADUS|10/100
|-unboost|p1b: Sneasler|def|1
|-unboost|p1b: Sneasler|spd|1
|move|p1a: Delphox|Nasty Plot|p1a: Delphox
|-boost|p1a: Delphox|spa|2
|move|p2a: GENERAL BLADUS|Kowtow Cleave|p1a: Delphox
|-supereffective|p1a: Delphox|1
|-damage|p1a: Delphox|0 fnt
|faint|p1a: Delphox
|
|upkeep
|
|t:|1783741523
|switch|p1a: Incineroar|Incineroar, L50, M|100/100
|-ability|p1a: Incineroar|Intimidate|boost
|-unboost|p2a: GENERAL BLADUS|atk|1
|-ability|p2a: GENERAL BLADUS|Defiant|boost
|-boost|p2a: GENERAL BLADUS|atk|2
|-unboost|p2b: GHOSTWAVE|atk|1
|turn|2
|
|t:|1783741534
|move|p1a: Incineroar|Fake Out|p2a: GENERAL BLADUS
|-resisted|p2a: GENERAL BLADUS|1
|-damage|p2a: GENERAL BLADUS|6/100
|move|p1b: Sneasler|Poison Jab|p2b: GHOSTWAVE
|-resisted|p2b: GHOSTWAVE|1
|-damage|p2b: GHOSTWAVE|77/100
|-status|p2b: GHOSTWAVE|psn
|move|p2b: GHOSTWAVE|Wave Crash|p1a: Incineroar
|-supereffective|p1a: Incineroar|1
|-damage|p1a: Incineroar|0 fnt
|faint|p1a: Incineroar
|-damage|p2b: GHOSTWAVE|45/100 psn|[from] Recoil
|cant|p2a: GENERAL BLADUS|flinch
|
|-damage|p2b: GHOSTWAVE|32/100 psn|[from] psn
|upkeep
|
|t:|1783741545
|switch|p1a: Sinistcha|Sinistcha, L50|100/100
|turn|3
|
|t:|1783741550
|move|p1b: Sneasler|Quick Guard|p1b: Sneasler
|-singleturn|p1b: Sneasler|Quick Guard
|move|p2b: GHOSTWAVE|Wave Crash|p1a: Sinistcha
|-resisted|p1a: Sinistcha|1
|-damage|p1a: Sinistcha|75/100
|-damage|p2b: GHOSTWAVE|25/100 psn|[from] Recoil
|move|p1a: Sinistcha|Matcha Gotcha|p2a: GENERAL BLADUS|[spread] p2a,p2b
|-resisted|p2a: GENERAL BLADUS|1
|-supereffective|p2b: GHOSTWAVE|1
|-damage|p2a: GENERAL BLADUS|0 fnt
|-heal|p1a: Sinistcha|79/100|[from] drain|[of] p2a: GENERAL BLADUS
|-damage|p2b: GHOSTWAVE|0 fnt
|-heal|p1a: Sinistcha|93/100|[from] drain|[of] p2b: GHOSTWAVE
|faint|p2a: GENERAL BLADUS
|faint|p2b: GHOSTWAVE
|
|upkeep
|
|t:|1783741560
|switch|p2b: LETS GO GO|Whimsicott, L50, M, shiny|100/100
|switch|p2a: RUINOUS LIGHT|Floette-Eternal, L50, F|100/100
|turn|4
|
|t:|1783741576
|detailschange|p2a: RUINOUS LIGHT|Floette-Mega, L50, F
|-mega|p2a: RUINOUS LIGHT|Floette|Floettite
|-ability|p2a: RUINOUS LIGHT|Fairy Aura
|move|p2a: RUINOUS LIGHT|Protect|p2a: RUINOUS LIGHT
|-singleturn|p2a: RUINOUS LIGHT|Protect
|move|p1a: Sinistcha|Rage Powder|p1a: Sinistcha
|-singleturn|p1a: Sinistcha|move: Rage Powder
|move|p1b: Sneasler|Poison Jab|p2a: RUINOUS LIGHT
|-activate|p2a: RUINOUS LIGHT|move: Protect
|move|p2b: LETS GO GO|Moonblast|p1b: Sneasler
|-damage|p1b: Sneasler|26/100
|
|upkeep
|turn|5
|
|t:|1783741588
|move|p1a: Sinistcha|Rage Powder|p1a: Sinistcha
|-singleturn|p1a: Sinistcha|move: Rage Powder
|move|p2b: LETS GO GO|Tailwind|p2b: LETS GO GO
|-sidestart|p2: lettitripppp|move: Tailwind
|move|p2a: RUINOUS LIGHT|Dazzling Gleam|p1b: Sneasler|[spread] p1a,p1b
|-damage|p1a: Sinistcha|42/100
|-damage|p1b: Sneasler|0 fnt
|faint|p1b: Sneasler
|
|upkeep
|turn|6
|-message|datrandomguy787 forfeited.
|
|win|lettitripppp
|l|☆datrandomguy787
|player|p1|
||datrandomguy787 is ready for game 2.
|inactive|lettitripppp has 30 seconds to confirm battle start!
