|j|☆MaxwellBaker
|j|☆rbresser
|html|MaxwellBakerrbresser    
|uhtml|bestof|Game 2 of a best-of-3
|t:|1784836920
|gametype|doubles
|player|p1|MaxwellBaker|102|1111
|player|p2|rbresser|red|1113
|gen|9
|tier|[Gen 9 Champions] VGC 2026 Reg M-B (Bo3)
|rated|
|rule|Species Clause: Limit one of each Pokémon
|rule|Item Clause: Limit 1 of each item
|clearpoke
|poke|p1|Decidueye-Hisui, L50, F|
|poke|p1|Florges, L50, F|
|poke|p1|Raichu, L50, F|
|poke|p1|Incineroar, L50, F|
|poke|p1|Staraptor, L50, F|
|poke|p1|Milotic, L50, M|
|poke|p2|Delphox, L50, F|
|poke|p2|Floette-Eternal, L50, F|
|poke|p2|Sneasler, L50, F|
|poke|p2|Incineroar, L50, F|
|poke|p2|Kingambit, L50, F|
|poke|p2|Sinistcha, L50|
|teampreview|4
|showteam|p1|Decidueye-Hisui||ScopeLens|Scrappy|TripleArrows,LeafBlade,SuckerPunch,Protect|Jolly||F|||50|]Florges||LifeOrb|FlowerVeil|Moonblast,Psychic,PollenPuff,Protect|Modest||F|||50|]Raichu||RaichuniteY|LightningRod|FakeOut,ZapCannon,FocusBlast,Protect|Timid||F|||50|]Incineroar||SitrusBerry|Intimidate|FakeOut,FlareBlitz,ThroatChop,PartingShot|Careful||F|||50|]Staraptor||Staraptite|Intimidate|BraveBird,CloseCombat,Tailwind,Protect|Jolly||F|||50|]Milotic||Leftovers|Competitive|Scald,IceBeam,Haze,Protect|Bold||M|||50|
|showteam|p2|Delphox||Delphoxite|Blaze|Protect,HeatWave,NastyPlot,Psyshock|Timid||F|||50|]Floette-Eternal||Floettite|FlowerVeil|CalmMind,Protect,DrainingKiss,DazzlingGleam|Bold||F|||50|]Sneasler||FocusSash|Unburden|CloseCombat,FakeOut,DireClaw,Protect|Jolly||F|||50|]Incineroar||SitrusBerry|Intimidate|FakeOut,PartingShot,FlareBlitz,ThroatChop|Relaxed||F|||50|]Kingambit||BlackGlasses|Defiant|SuckerPunch,KowtowCleave,Protect,IronHead|Adamant||F|||50|]Sinistcha||KasibBerry|Hospitality|MatchaGotcha,RagePowder,Protect,TrickRoom|Bold|||||50|
|inactive|Battle timer is ON: inactive players will automatically lose when time's up. (requested by rbresser)
|inactive|MaxwellBaker has 60 seconds left.
|
|t:|1784836955
|teamsize|p1|4
|teamsize|p2|4
|start
|switch|p1a: Raichu|Raichu, L50, F|100/100
|switch|p1b: Staraptor|Staraptor, L50, F|100/100
|switch|p2a: Incineroar|Incineroar, L50, F|100/100
|switch|p2b: Delphox|Delphox, L50, F|100/100
|-ability|p1b: Staraptor|Intimidate|boost
|-unboost|p2a: Incineroar|atk|1
|-unboost|p2b: Delphox|atk|1
|-ability|p2a: Incineroar|Intimidate|boost
|-unboost|p1a: Raichu|atk|1
|-unboost|p1b: Staraptor|atk|1
|turn|1
|inactive|MaxwellBaker has 30 seconds left.
|inactive|rbresser has 30 seconds left.
|
|t:|1784836987
|detailschange|p2b: Delphox|Delphox-Mega, L50, F
|-mega|p2b: Delphox|Delphox|Delphoxite
|move|p1a: Raichu|Fake Out|p2a: Incineroar
|-damage|p2a: Incineroar|96/100
|cant|p2a: Incineroar|flinch
|move|p2b: Delphox|Nasty Plot|p2b: Delphox
|-boost|p2b: Delphox|spa|2
|move|p1b: Staraptor|Tailwind|p1b: Staraptor
|-sidestart|p1: MaxwellBaker|move: Tailwind
|
|upkeep
|turn|2
|inactive|MaxwellBaker has 30 seconds left.
|inactive|rbresser has 30 seconds left.
|inactive|MaxwellBaker has 20 seconds left.
|inactive|MaxwellBaker has 15 seconds left.
|
|t:|1784837035
|switch|p1b: Milotic|Milotic, L50, M|100/100
|detailschange|p1a: Raichu|Raichu-Mega-Y, L50, F
|-mega|p1a: Raichu|Raichu|Raichunite Y
|move|p1a: Raichu|Zap Cannon|p2a: Incineroar
|-damage|p2a: Incineroar|43/100
|-status|p2a: Incineroar|par
|-enditem|p2a: Incineroar|Sitrus Berry|[eat]
|-heal|p2a: Incineroar|68/100 par|[from] item: Sitrus Berry
|move|p2b: Delphox|Heat Wave|p1b: Milotic|[spread] p1a,p1b
|-resisted|p1b: Milotic|1
|-damage|p1a: Raichu|0 fnt
|-damage|p1b: Milotic|71/100
|faint|p1a: Raichu
|move|p2a: Incineroar|Flare Blitz|p1b: Milotic
|-resisted|p1b: Milotic|1
|-damage|p1b: Milotic|59/100
|-damage|p2a: Incineroar|64/100 par|[from] Recoil
|
|-heal|p1b: Milotic|65/100|[from] item: Leftovers
|upkeep
|
|t:|1784837055
|switch|p1a: Florges|Florges, L50, F|100/100
|turn|3
|
|t:|1784837074
|move|p2b: Delphox|Psyshock|p1b: Milotic
|-damage|p1b: Milotic|0 fnt
|faint|p1b: Milotic
|move|p1a: Florges|Moonblast|p2b: Delphox
|-resisted|p2b: Delphox|1
|-damage|p2b: Delphox|68/100
|-damage|p1a: Florges|90/100|[from] item: Life Orb
|move|p2a: Incineroar|Parting Shot|p1a: Florges
|-unboost|p1a: Florges|atk|1
|-unboost|p1a: Florges|spa|1
|
|t:|1784837084
|switch|p2a: Sinistcha|Sinistcha, L50|100/100|[from] Parting Shot
|-heal|p2b: Delphox|93/100|[from] ability: Hospitality|[of] p2a: Sinistcha
|
|upkeep
|
|t:|1784837090
|switch|p1b: Staraptor|Staraptor, L50, F|100/100
|-ability|p1b: Staraptor|Intimidate|boost
|-unboost|p2a: Sinistcha|atk|1
|-unboost|p2b: Delphox|atk|1
|turn|4
|
|t:|1784837102
|move|p2b: Delphox|Protect|p2b: Delphox
|-singleturn|p2b: Delphox|Protect
|move|p2a: Sinistcha|Protect|p2a: Sinistcha
|-singleturn|p2a: Sinistcha|Protect
|move|p1b: Staraptor|Brave Bird|p2a: Sinistcha
|-activate|p2a: Sinistcha|move: Protect
|move|p1a: Florges|Moonblast|p2a: Sinistcha
|-activate|p2a: Sinistcha|move: Protect
|
|-sideend|p1: MaxwellBaker|move: Tailwind
|upkeep
|turn|5
|
|t:|1784837124
|move|p2a: Sinistcha|Rage Powder|p2a: Sinistcha
|-singleturn|p2a: Sinistcha|move: Rage Powder
|move|p2b: Delphox|Heat Wave|p1a: Florges|[spread] p1a,p1b
|-damage|p1a: Florges|27/100
|-damage|p1b: Staraptor|0 fnt
|faint|p1b: Staraptor
|move|p1a: Florges|Moonblast|p2a: Sinistcha
|-damage|p2a: Sinistcha|58/100
|-damage|p1a: Florges|17/100|[from] item: Life Orb
|
|upkeep
|turn|6
|
|t:|1784837139
|move|p2a: Sinistcha|Rage Powder|p2a: Sinistcha
|-singleturn|p2a: Sinistcha|move: Rage Powder
|move|p2b: Delphox|Psyshock|p1a: Florges
|-damage|p1a: Florges|0 fnt
|faint|p1a: Florges
|
|win|rbresser
|raw|MaxwellBaker's rating: 1111 → 1086(-25 for losing)
|raw|rbresser's rating: 1113 → 1138(+25 for winning)
|l|☆rbresser
|player|p2|
