|j|☆megafraudette
|j|☆flameblade_0012
|html|megafraudetteflameblade_0012    
|uhtml|bestof|Game 2 of a best-of-3
|t:|1784497374
|gametype|doubles
|player|p1|megafraudette|2|1401
|player|p2|flameblade_0012|dawn-gen4pt|1262
|gen|9
|tier|[Gen 9 Champions] VGC 2026 Reg M-B (Bo3)
|rated|
|rule|Species Clause: Limit one of each Pokémon
|rule|Item Clause: Limit 1 of each item
|clearpoke
|poke|p1|Charizard, L50, F|
|poke|p1|Grimmsnarl, L50, M|
|poke|p1|Venusaur, L50, F|
|poke|p1|Aegislash, L50, M|
|poke|p1|Garchomp, L50, M|
|poke|p1|Farigiraf, L50, M|
|poke|p2|Raichu, L50, F|
|poke|p2|Whimsicott, L50, F|
|poke|p2|Garchomp, L50, M|
|poke|p2|Farigiraf, L50, F|
|poke|p2|Basculegion, L50, M|
|poke|p2|Ceruledge, L50, M|
|teampreview|4
|showteam|p1|Charizard||CharizarditeY|Blaze|WeatherBall,HeatWave,HelpingHand,Protect|Modest||F|||50|]Grimmsnarl||LightClay|Prankster|LightScreen,Reflect,PartingShot,SpiritBreak|Sassy||M|||50|]Venusaur||LifeOrb|Chlorophyll|SludgeBomb,LeafStorm,SleepPowder,Protect|Timid||F|||50|]Aegislash||FocusSash|StanceChange|Poltergeist,CloseCombat,ShadowSneak,WideGuard|Adamant||M|||50|]Garchomp||ChoiceScarf|RoughSkin|Earthquake,RockSlide,DragonClaw,StompingTantrum|Adamant||M|||50|]Farigiraf||SitrusBerry|ArmorTail|TwinBeam,Thunderbolt,TrickRoom,Protect|Calm||M|||50|
|showteam|p2|Raichu||RaichuniteY|LightningRod|VoltSwitch,ZapCannon,Protect,FocusBlast|Modest||F|||50|]Whimsicott||FocusSash|Prankster|Tailwind,Moonblast,Protect,Encore|Timid||F|||50|]Garchomp||LifeOrb|RoughSkin|RockSlide,DragonClaw,StompingTantrum,Protect|Adamant||M|||50|]Farigiraf||ColburBerry|ArmorTail|TrickRoom,Psychic,HyperVoice,Protect|Serious||F|||50|]Basculegion||MysticWater|Adaptability|WaveCrash,AquaJet,Protect,LastRespects|Adamant||M|||50|]Ceruledge||Leftovers|FlashFire|BulkUp,BitterBlade,ShadowSneak,ShadowClaw|Adamant||M|||50|
|inactive|Battle timer is ON: inactive players will automatically lose when time's up. (requested by flameblade_0012)
|
|t:|1784497400
|teamsize|p1|4
|teamsize|p2|4
|start
|switch|p1a: Charizard|Charizard, L50, F|100/100
|switch|p1b: Venusaur|Venusaur, L50, F|100/100
|switch|p2a: Raichu|Raichu, L50, F|100/100
|switch|p2b: Whimsicott|Whimsicott, L50, F|100/100
|turn|1
|
|t:|1784497415
|detailschange|p1a: Charizard|Charizard-Mega-Y, L50, F
|-mega|p1a: Charizard|Charizard|Charizardite Y
|-weather|SunnyDay|[from] ability: Drought|[of] p1a: Charizard
|detailschange|p2a: Raichu|Raichu-Mega-Y, L50, F
|-mega|p2a: Raichu|Raichu|Raichunite Y
|move|p1a: Charizard|Protect|p1a: Charizard
|-singleturn|p1a: Charizard|Protect
|move|p2b: Whimsicott|Tailwind|p2b: Whimsicott
|-sidestart|p2: flameblade_0012|move: Tailwind
|move|p2a: Raichu|Zap Cannon|p1b: Venusaur
|-resisted|p1b: Venusaur|1
|-damage|p1b: Venusaur|58/100
|-status|p1b: Venusaur|par
|cant|p1b: Venusaur|par
|
|-weather|SunnyDay|[upkeep]
|upkeep
|turn|2
|inactive|megafraudette has 30 seconds left.
|inactive|flameblade_0012 has 30 seconds left.
|inactive|flameblade_0012 has 20 seconds left.
|inactive|flameblade_0012 has 15 seconds left.
|inactive|flameblade_0012 has 10 seconds left.
|
|t:|1784497462
|switch|p1a: Aegislash|Aegislash, L50, M|100/100
|move|p2b: Whimsicott|Encore||[still]
|-fail|p2b: Whimsicott
|move|p2a: Raichu|Zap Cannon|p1b: Venusaur
|-resisted|p1b: Venusaur|1
|-damage|p1b: Venusaur|12/100 par
|move|p1b: Venusaur|Leaf Storm|p2a: Raichu
|-damage|p2a: Raichu|10/100
|-unboost|p1b: Venusaur|spa|2
|-damage|p1b: Venusaur|3/100 par|[from] item: Life Orb
|
|-weather|SunnyDay|[upkeep]
|upkeep
|turn|3
|
|t:|1784497484
|switch|p2a: Garchomp|Garchomp, L50, M|100/100
|move|p2b: Whimsicott|Moonblast|p1b: Venusaur
|-resisted|p1b: Venusaur|1
|-damage|p1b: Venusaur|0 fnt
|faint|p1b: Venusaur
|-formechange|p1a: Aegislash|Aegislash-Blade|
|move|p1a: Aegislash|Poltergeist|p2b: Whimsicott
|-activate|p2b: Whimsicott|move: Poltergeist|Focus Sash
|-damage|p2b: Whimsicott|7/100
|
|-weather|SunnyDay|[upkeep]
|upkeep
|
|t:|1784497495
|switch|p1b: Garchomp|Garchomp, L50, M|100/100
|turn|4
|
|t:|1784497514
|move|p2b: Whimsicott|Protect|p2b: Whimsicott
|-singleturn|p2b: Whimsicott|Protect
|move|p1a: Aegislash|Shadow Sneak|p2b: Whimsicott
|-activate|p2b: Whimsicott|move: Protect
|move|p2a: Garchomp|Dragon Claw|p1b: Garchomp
|-supereffective|p1b: Garchomp|1
|-damage|p1b: Garchomp|0 fnt
|-damage|p2a: Garchomp|87/100|[from] ability: Rough Skin|[of] p1b: Garchomp
|faint|p1b: Garchomp
|-damage|p2a: Garchomp|78/100|[from] item: Life Orb
|
|-weather|SunnyDay|[upkeep]
|-sideend|p2: flameblade_0012|move: Tailwind
|upkeep
|
|t:|1784497521
|switch|p1b: Charizard|Charizard-Mega-Y, L50, F|100/100
|turn|5
|
|t:|1784497530
|move|p1b: Charizard|Protect|p1b: Charizard
|-singleturn|p1b: Charizard|Protect
|move|p2b: Whimsicott|Tailwind|p2b: Whimsicott
|-sidestart|p2: flameblade_0012|move: Tailwind
|move|p2a: Garchomp|Stomping Tantrum|p1a: Aegislash
|-supereffective|p1a: Aegislash|1
|-enditem|p1a: Aegislash|Focus Sash
|-damage|p1a: Aegislash|1/100
|-damage|p2a: Garchomp|68/100|[from] item: Life Orb
|move|p1a: Aegislash|Poltergeist|p2a: Garchomp
|-activate|p2a: Garchomp|move: Poltergeist|Life Orb
|-damage|p2a: Garchomp|13/100
|
|-weather|none
|upkeep
|turn|6
|
|t:|1784497553
|move|p1a: Aegislash|Wide Guard|p1a: Aegislash
|-singleturn|p1a: Aegislash|Wide Guard
|move|p2b: Whimsicott|Encore|p1b: Charizard
|-start|p1b: Charizard|Encore
|move|p1b: Charizard|Protect||[still]
|-fail|p1b: Charizard
|move|p2a: Garchomp|Stomping Tantrum|p1a: Aegislash
|-supereffective|p1a: Aegislash|1
|-damage|p1a: Aegislash|0 fnt
|faint|p1a: Aegislash
|-damage|p2a: Garchomp|3/100|[from] item: Life Orb
|
|upkeep
|turn|7
|c|☆flameblade_0012|gg
|c|☆megafraudette|Ggwp
|
|t:|1784497577
|switch|p2b: Ceruledge|Ceruledge, L50, M|100/100
|move|p1b: Charizard|Protect|p1b: Charizard
|-singleturn|p1b: Charizard|Protect
|move|p2a: Garchomp|Rock Slide|p1b: Charizard
|-activate|p1b: Charizard|move: Protect
|
|upkeep
|turn|8
|
|t:|1784497583
|move|p1b: Charizard|Protect||[still]
|-fail|p1b: Charizard
|move|p2a: Garchomp|Rock Slide|p1b: Charizard
|-supereffective|p1b: Charizard|2
|-damage|p1b: Charizard|0 fnt
|faint|p1b: Charizard
|-damage|p2a: Garchomp|0 fnt|[from] item: Life Orb
|faint|p2a: Garchomp
|
|win|flameblade_0012
|raw|megafraudette's rating: 1401 → 1373(-28 for losing)
|raw|flameblade_0012's rating: 1262 → 1297(+35 for winning)
|l|☆megafraudette
|player|p1|
