|j|☆spellbreakvgc
|j|☆BANKAI_545
|html|spellbreakvgcBANKAI_545    
|uhtml|bestof|Game 2 of a best-of-3
|t:|1756989136
|gametype|doubles
|player|p1|spellbreakvgc|lance|1094
|player|p2|BANKAI_545|n|1065
|gen|9
|tier|[Gen 9] VGC 2025 Reg H (Bo3)
|rated|
|rule|Species Clause: Limit one of each Pokémon
|rule|Item Clause: Limit 1 of each item
|clearpoke
|poke|p1|Baxcalibur, L50, F|
|poke|p1|Kingambit, L50, M|
|poke|p1|Volcarona, L50, M|
|poke|p1|Dondozo, L50, M|
|poke|p1|Sneasler, L50, F|
|poke|p1|Rillaboom, L50, M|
|poke|p2|Indeedee-F, L50, F|
|poke|p2|Annihilape, L50, M|
|poke|p2|Whimsicott, L50, M|
|poke|p2|Incineroar, L50, M|
|poke|p2|Kingambit, L50, F|
|poke|p2|Hatterene, L50, F|
|teampreview|4
|showteam|p1|Baxcalibur||LoadedDice|ThermalExchange|Protect,IcicleSpear,ScaleShot,IceShard|||F|||50|,,,,,Ghost]Kingambit||SafetyGoggles|Defiant|Protect,KowtowCleave,SuckerPunch,SwordsDance|||M|||50|,,,,,Ghost]Volcarona||CovertCloak|FlameBody|HeatWave,TeraBlast,QuiverDance,RagePowder|||M|||50|,,,,,Fairy]Dondozo||Leftovers|Unaware|Protect,Liquidation,Yawn,Fissure|||M|||50|,,,,,Poison]Sneasler||FocusSash|Unburden|Protect,CloseCombat,DireClaw,Coaching|||F|||50|,,,,,Stellar]Rillaboom||AssaultVest|GrassySurge|WoodHammer,GrassyGlide,FakeOut,HighHorsepower|||M|||50|,,,,,Water
|showteam|p2|Indeedee-F||SafetyGoggles|PsychicSurge|FollowMe,Protect,Psychic,TrickRoom|||F|||50|,,,,,Ghost]Annihilape||AssaultVest|Defiant|RageFist,CloseCombat,StompingTantrum,DrainPunch|||M|||50|,,,,,Normal]Whimsicott||CovertCloak|Prankster|Tailwind,Protect,Encore,BeatUp|||M|||50|,,,,,Ghost]Incineroar||RockyHelmet|Intimidate|FakeOut,PartingShot,KnockOff,FlareBlitz|||M|||50|,,,,,Fire]Kingambit||BlackGlasses|Defiant|KowtowCleave,SuckerPunch,Protect,TeraBlast|||F|||50|,,,,,Flying]Hatterene||ChoiceSpecs|MagicBounce|ExpandingForce,DazzlingGleam,TeraBlast,DrainingKiss|||F|||50|,,,,,Psychic
|inactive|Battle timer is ON: inactive players will automatically lose when time's up. (requested by BANKAI_545)
|inactive|spellbreakvgc has 60 seconds left.
|
|t:|1756989186
|teamsize|p1|4
|teamsize|p2|4
|start
|switch|p1a: Kingambit|Kingambit, L50, M|100/100
|switch|p1b: Dondozo|Dondozo, L50, M|100/100
|switch|p2a: Annihilape|Annihilape, L50, M|100/100
|switch|p2b: Incineroar|Incineroar, L50, M|100/100
|-ability|p2b: Incineroar|Intimidate|boost
|-unboost|p1a: Kingambit|atk|1
|-ability|p1a: Kingambit|Defiant|boost
|-boost|p1a: Kingambit|atk|2
|-unboost|p1b: Dondozo|atk|1
|turn|1
|inactive|spellbreakvgc has 30 seconds left.
|inactive|BANKAI_545 has 30 seconds left.
|inactive|spellbreakvgc has 20 seconds left.
|inactive|spellbreakvgc has 15 seconds left.
|inactive|spellbreakvgc has 10 seconds left.
|inactive|spellbreakvgc has 5 seconds left.
|
|t:|1756989239
|-terastallize|p1a: Kingambit|Ghost
|move|p2b: Incineroar|Fake Out|p1b: Dondozo
|-damage|p1b: Dondozo|94/100
|move|p2a: Annihilape|Rage Fist|p1a: Kingambit
|-supereffective|p1a: Kingambit
|-damage|p1a: Kingambit|56/100
|move|p1a: Kingambit|Kowtow Cleave|p2a: Annihilape
|-damage|p2a: Annihilape|25/100
|cant|p1b: Dondozo|flinch
|
|-heal|p1b: Dondozo|99/100|[from] item: Leftovers
|upkeep
|turn|2
|
|t:|1756989258
|move|p1a: Kingambit|Protect|p1a: Kingambit
|-singleturn|p1a: Kingambit|Protect
|move|p2a: Annihilape|Rage Fist|p1a: Kingambit
|-activate|p1a: Kingambit|move: Protect
|move|p2b: Incineroar|Knock Off|p1a: Kingambit
|-activate|p1a: Kingambit|move: Protect
|move|p1b: Dondozo|Yawn|p2a: Annihilape
|-start|p2a: Annihilape|move: Yawn|[of] p1b: Dondozo
|
|-heal|p1b: Dondozo|100/100|[from] item: Leftovers
|upkeep
|turn|3
|inactive|spellbreakvgc has 30 seconds left.
|inactive|spellbreakvgc has 20 seconds left.
|
|t:|1756989298
|switch|p1a: Volcarona|Volcarona, L50, M|100/100
|move|p2a: Annihilape|Rage Fist|p1a: Volcarona
|-damage|p1a: Volcarona|44/100
|-status|p2a: Annihilape|brn|[from] ability: Flame Body|[of] p1a: Volcarona
|move|p2b: Incineroar|Knock Off|p1b: Dondozo
|-damage|p1b: Dondozo|76/100
|-enditem|p1b: Dondozo|Leftovers|[from] move: Knock Off|[of] p2b: Incineroar
|move|p1b: Dondozo|Yawn|p2b: Incineroar
|-start|p2b: Incineroar|move: Yawn|[of] p1b: Dondozo
|
|-damage|p2a: Annihilape|19/100 brn|[from] brn
|-end|p2a: Annihilape|move: Yawn|[silent]
|upkeep
|turn|4
|inactive|spellbreakvgc has 30 seconds left.
|inactive|BANKAI_545 has 30 seconds left.
|inactive|spellbreakvgc has 20 seconds left.
|
|t:|1756989337
|move|p1a: Volcarona|Quiver Dance|p1a: Volcarona
|-boost|p1a: Volcarona|spa|1
|-boost|p1a: Volcarona|spd|1
|-boost|p1a: Volcarona|spe|1
|move|p2a: Annihilape|Drain Punch|p1b: Dondozo
|-damage|p1b: Dondozo|64/100
|-heal|p2a: Annihilape|26/100 brn|[from] drain|[of] p1b: Dondozo
|move|p2b: Incineroar|Parting Shot|p1a: Volcarona
|-unboost|p1a: Volcarona|atk|1
|-unboost|p1a: Volcarona|spa|1
|
|t:|1756989351
|switch|p2b: Indeedee|Indeedee-F, L50, F|100/100|[from] Parting Shot
|-fieldstart|move: Psychic Terrain|[from] ability: Psychic Surge|[of] p2b: Indeedee
|move|p1b: Dondozo|Fissure|p2b: Indeedee
|-damage|p2b: Indeedee|0 fnt
|faint|p2b: Indeedee
|-ohko
|
|-damage|p2a: Annihilape|20/100 brn|[from] brn
|upkeep
|
|t:|1756989360
|switch|p2b: Hatterene|Hatterene, L50, F|100/100
|turn|5
|inactive|spellbreakvgc has 30 seconds left.
|inactive|spellbreakvgc has 20 seconds left.
|
|t:|1756989398
|-terastallize|p2b: Hatterene|Psychic
|move|p1b: Dondozo|Protect|p1b: Dondozo
|-singleturn|p1b: Dondozo|Protect
|move|p1a: Volcarona|Heat Wave|p2a: Annihilape|[spread] p2b
|-miss|p1a: Volcarona|p2a: Annihilape
|-damage|p2b: Hatterene|63/100
|move|p2a: Annihilape|Rage Fist|p1a: Volcarona
|-damage|p1a: Volcarona|16/100
|move|p2b: Hatterene|Expanding Force|p1a: Volcarona|[spread] p1a
|-activate|p1b: Dondozo|move: Protect
|-damage|p1a: Volcarona|0 fnt
|faint|p1a: Volcarona
|
|-damage|p2a: Annihilape|14/100 brn|[from] brn
|upkeep
|
|t:|1756989415
|switch|p1a: Rillaboom|Rillaboom, L50, M|100/100
|-fieldstart|move: Grassy Terrain|[from] ability: Grassy Surge|[of] p1a: Rillaboom
|turn|6
|inactive|BANKAI_545 has 30 seconds left.
|
|t:|1756989440
|switch|p2b: Incineroar|Incineroar, L50, M|100/100
|-ability|p2b: Incineroar|Intimidate|boost
|-unboost|p1a: Rillaboom|atk|1
|-unboost|p1b: Dondozo|atk|1
|move|p1a: Rillaboom|Fake Out|p2b: Incineroar
|-damage|p2b: Incineroar|93/100
|-damage|p1a: Rillaboom|84/100|[from] item: Rocky Helmet|[of] p2b: Incineroar
|move|p2a: Annihilape|Drain Punch|p1b: Dondozo
|-damage|p1b: Dondozo|52/100
|-heal|p2a: Annihilape|21/100 brn|[from] drain|[of] p1b: Dondozo
|move|p1b: Dondozo|Liquidation|p2a: Annihilape
|-damage|p2a: Annihilape|7/100 brn
|
|-heal|p2a: Annihilape|13/100 brn|[from] Grassy Terrain
|-heal|p1a: Rillaboom|90/100|[from] Grassy Terrain
|-heal|p2b: Incineroar|99/100|[from] Grassy Terrain
|-heal|p1b: Dondozo|58/100|[from] Grassy Terrain
|-damage|p2a: Annihilape|7/100 brn|[from] brn
|upkeep
|turn|7
|
|t:|1756989464
|move|p1a: Rillaboom|Grassy Glide|p2a: Annihilape
|-damage|p2a: Annihilape|0 fnt
|faint|p2a: Annihilape
|move|p2b: Incineroar|Flare Blitz|p1a: Rillaboom
|-supereffective|p1a: Rillaboom
|-damage|p1a: Rillaboom|0 fnt
|faint|p1a: Rillaboom
|-damage|p2b: Incineroar|70/100|[from] Recoil
|move|p1b: Dondozo|Yawn|p2b: Incineroar
|-start|p2b: Incineroar|move: Yawn|[of] p1b: Dondozo
|
|-heal|p2b: Incineroar|76/100|[from] Grassy Terrain
|-heal|p1b: Dondozo|64/100|[from] Grassy Terrain
|upkeep
|
|t:|1756989477
|switch|p2a: Hatterene|Hatterene, L50, F, tera:Psychic|63/100
|switch|p1a: Kingambit|Kingambit, L50, M, tera:Ghost|56/100
|turn|8
|
|t:|1756989491
|move|p1a: Kingambit|Protect|p1a: Kingambit
|-singleturn|p1a: Kingambit|Protect
|move|p1b: Dondozo|Protect|p1b: Dondozo
|-singleturn|p1b: Dondozo|Protect
|move|p2b: Incineroar|Flare Blitz|p1a: Kingambit
|-activate|p1a: Kingambit|move: Protect
|move|p2a: Hatterene|Dazzling Gleam|p1b: Dondozo|[spread] 
|-activate|p1a: Kingambit|move: Protect
|-activate|p1b: Dondozo|move: Protect
|
|-heal|p1a: Kingambit|62/100|[from] Grassy Terrain
|-heal|p2b: Incineroar|82/100|[from] Grassy Terrain
|-heal|p1b: Dondozo|70/100|[from] Grassy Terrain
|-heal|p2a: Hatterene|69/100|[from] Grassy Terrain
|-end|p2b: Incineroar|move: Yawn|[silent]
|-status|p2b: Incineroar|slp
|upkeep
|turn|9
|inactive|spellbreakvgc has 30 seconds left.
|
|t:|1756989525
|move|p1a: Kingambit|Kowtow Cleave|p2a: Hatterene
|-supereffective|p2a: Hatterene
|-damage|p2a: Hatterene|0 fnt
|faint|p2a: Hatterene
|cant|p2b: Incineroar|slp
|move|p1b: Dondozo|Liquidation|p2b: Incineroar
|-supereffective|p2b: Incineroar
|-damage|p2b: Incineroar|58/100 slp
|-damage|p1b: Dondozo|54/100|[from] item: Rocky Helmet|[of] p2b: Incineroar
|
|-heal|p1a: Kingambit|68/100|[from] Grassy Terrain
|-heal|p2b: Incineroar|64/100 slp|[from] Grassy Terrain
|-heal|p1b: Dondozo|60/100|[from] Grassy Terrain
|upkeep
|turn|10
|
|t:|1756989545
|move|p1a: Kingambit|Kowtow Cleave|p2b: Incineroar
|-resisted|p2b: Incineroar
|-damage|p2b: Incineroar|46/100 slp
|-damage|p1a: Kingambit|52/100|[from] item: Rocky Helmet|[of] p2b: Incineroar
|cant|p2b: Incineroar|slp
|move|p1b: Dondozo|Liquidation|p2b: Incineroar
|-supereffective|p2b: Incineroar
|-damage|p2b: Incineroar|24/100 slp
|-damage|p1b: Dondozo|44/100|[from] item: Rocky Helmet|[of] p2b: Incineroar
|
|-heal|p1a: Kingambit|58/100|[from] Grassy Terrain
|-heal|p2b: Incineroar|30/100 slp|[from] Grassy Terrain
|-heal|p1b: Dondozo|50/100|[from] Grassy Terrain
|-fieldend|move: Grassy Terrain
|upkeep
|turn|11
|
|t:|1756989569
|move|p1a: Kingambit|Swords Dance|p1a: Kingambit
|-boost|p1a: Kingambit|atk|2
|-curestatus|p2b: Incineroar|slp|[msg]
|move|p2b: Incineroar|Knock Off|p1a: Kingambit
|-supereffective|p1a: Kingambit
|-damage|p1a: Kingambit|0 fnt
|-enditem|p1a: Kingambit|Safety Goggles|[from] move: Knock Off|[of] p2b: Incineroar
|faint|p1a: Kingambit
|move|p1b: Dondozo|Yawn|p2b: Incineroar
|-start|p2b: Incineroar|move: Yawn|[of] p1b: Dondozo
|
|upkeep
|turn|12
|
|t:|1756989584
|move|p1b: Dondozo|Protect|p1b: Dondozo
|-singleturn|p1b: Dondozo|Protect
|move|p2b: Incineroar|Knock Off|p1b: Dondozo
|-activate|p1b: Dondozo|move: Protect
|
|-end|p2b: Incineroar|move: Yawn|[silent]
|-status|p2b: Incineroar|slp
|upkeep
|turn|13
|
|t:|1756989597
|cant|p2b: Incineroar|slp
|move|p1b: Dondozo|Liquidation|p2b: Incineroar
|-supereffective|p2b: Incineroar
|-damage|p2b: Incineroar|6/100 slp
|-damage|p1b: Dondozo|34/100|[from] item: Rocky Helmet|[of] p2b: Incineroar
|
|upkeep
|turn|14
|
|t:|1756989616
|cant|p2b: Incineroar|slp
|move|p1b: Dondozo|Liquidation|p2b: Incineroar
|-supereffective|p2b: Incineroar
|-damage|p2b: Incineroar|0 fnt
|-damage|p1b: Dondozo|17/100|[from] item: Rocky Helmet|[of] p2b: Incineroar
|faint|p2b: Incineroar
|
|win|spellbreakvgc
||BANKAI_545 is ready for game 3.
||spellbreakvgc is ready for game 3.
|uhtml|next|Next: Game 3 of 3
