|j|☆zady11
|j|☆davidxrt
|html|zady11davidxrt    
|uhtml|bestof|Game 2 of a best-of-3
|t:|1783285143
|gametype|doubles
|player|p1|zady11|guitarist|
|player|p2|davidxrt|hilbert-wonderlauncher|
|gen|9
|tier|[Gen 9 Champions] VGC 2026 Reg M-B (Bo3)
|rule|Species Clause: Limit one of each Pokémon
|rule|Item Clause: Limit 1 of each item
|clearpoke
|poke|p1|Charizard, L50, M|
|poke|p1|Aerodactyl, L50, M|
|poke|p1|Kingambit, L50, M|
|poke|p1|Sylveon, L50, F|
|poke|p1|Garchomp, L50, M|
|poke|p1|Basculegion, L50, M|
|poke|p2|Arcanine-Hisui, L50, F|
|poke|p2|Charizard, L50, M|
|poke|p2|Basculegion, L50, M|
|poke|p2|Incineroar, L50, F|
|poke|p2|Aerodactyl, L50, F|
|poke|p2|Kingambit, L50, F|
|teampreview|4
|showteam|p1|Charizard||CharizarditeY|Blaze|HeatWave,WeatherBall,SolarBeam,Protect|Modest||M|||50|]Aerodactyl||Aerodactylite|RockHead|RockSlide,DualWingbeat,Tailwind,Protect|Jolly||M|||50|]Kingambit||FocusSash|Defiant|KowtowCleave,SuckerPunch,IronHead,LowKick|Adamant||M|||50|]Sylveon||FairyFeather|Pixilate|HyperVoice,QuickAttack,HyperBeam,Protect|Modest||F|||50|]Garchomp||LifeOrb|RoughSkin|DragonClaw,StompingTantrum,Earthquake,Protect|Jolly||M|||50|]Basculegion||ChoiceScarf|Adaptability|WaveCrash,LastRespects,AquaJet,FlipTurn|Jolly||M|||50|
|showteam|p2|Arcanine-Hisui||FocusSash|RockHead|Protect,HeadSmash,FlareBlitz,CloseCombat|Jolly||F|||50|]Charizard||CharizarditeY|Blaze|Protect,WeatherBall,HeatWave,SolarBeam|Modest||M|||50|]Basculegion||ChoiceScarf|Adaptability|AquaJet,FlipTurn,WaveCrash,LastRespects|Jolly||M|||50|]Incineroar||SitrusBerry|Intimidate|FakeOut,PartingShot,FlareBlitz,DarkestLariat|Careful||F|||50|]Aerodactyl||Aerodactylite|Unnerve|Tailwind,DualWingbeat,RockSlide,IceFang|Jolly||F|||50|]Kingambit||ChopleBerry|Defiant|Protect,SuckerPunch,KowtowCleave,IronHead|Adamant||F|||50|
|inactive|Battle timer is ON: inactive players will automatically lose when time's up. (requested by davidxrt)
|inactive|zady11 has 60 seconds left.
|inactive|zady11 has 30 seconds left.
|inactive|zady11 has 20 seconds left.
|inactive|zady11 has 15 seconds left.
|inactive|zady11 has 10 seconds left.
|
|t:|1783285225
|teamsize|p1|4
|teamsize|p2|4
|start
|switch|p1a: Aerodactyl|Aerodactyl, L50, M|100/100
|switch|p1b: Basculegion|Basculegion, L50, M|100/100
|switch|p2a: Incineroar|Incineroar, L50, F|100/100
|switch|p2b: Aerodactyl|Aerodactyl, L50, F|100/100
|-ability|p2b: Aerodactyl|Unnerve
|-ability|p2a: Incineroar|Intimidate|boost
|-unboost|p1a: Aerodactyl|atk|1
|-unboost|p1b: Basculegion|atk|1
|turn|1
|inactive|davidxrt has 30 seconds left.
|
|t:|1783285259
|detailschange|p1a: Aerodactyl|Aerodactyl-Mega, L50, M
|-mega|p1a: Aerodactyl|Aerodactyl|Aerodactylite
|move|p1a: Aerodactyl|Tailwind|p1a: Aerodactyl
|-sidestart|p1: zady11|move: Tailwind
|move|p1b: Basculegion|Flip Turn|p2b: Aerodactyl
|-supereffective|p2b: Aerodactyl|1
|-damage|p2b: Aerodactyl|22/100
|
|t:|1783285272
|switch|p1b: Garchomp|Garchomp, L50, M|100/100|[from] Flip Turn
|move|p2b: Aerodactyl|Rock Slide|p1b: Garchomp|[spread] p1a,p1b
|-supereffective|p1a: Aerodactyl|1
|-resisted|p1b: Garchomp|1
|-damage|p1a: Aerodactyl|38/100
|-damage|p1b: Garchomp|87/100
|move|p2a: Incineroar|Darkest Lariat|p1b: Garchomp
|-damage|p1b: Garchomp|56/100
|-damage|p2a: Incineroar|87/100|[from] ability: Rough Skin|[of] p1b: Garchomp
|
|upkeep
|turn|2
|inactive|davidxrt has 30 seconds left.
|
|t:|1783285303
|switch|p2b: Kingambit|Kingambit, L50, F|100/100
|move|p1a: Aerodactyl|Rock Slide|p2b: Kingambit|[spread] p2a,p2b
|-supereffective|p2a: Incineroar|1
|-resisted|p2b: Kingambit|1
|-crit|p2b: Kingambit
|-damage|p2a: Incineroar|50/100g
|-damage|p2b: Kingambit|83/100
|move|p1b: Garchomp|Earthquake|p2a: Incineroar|[spread] p2a,p2b
|-immune|p1a: Aerodactyl
|-supereffective|p2a: Incineroar|1
|-supereffective|p2b: Kingambit|1
|-damage|p2a: Incineroar|0 fnt
|-damage|p2b: Kingambit|12/100
|faint|p2a: Incineroar
|-damage|p1b: Garchomp|46/100|[from] item: Life Orb
|
|upkeep
|
|t:|1783285318
|switch|p2a: Arcanine|Arcanine-Hisui, L50, F|100/100
|turn|3
|
|t:|1783285341
|move|p2a: Arcanine|Protect|p2a: Arcanine
|-singleturn|p2a: Arcanine|Protect
|move|p2b: Kingambit|Protect|p2b: Kingambit
|-singleturn|p2b: Kingambit|Protect
|move|p1a: Aerodactyl|Rock Slide|p2a: Arcanine|[spread] 
|-activate|p2a: Arcanine|move: Protect
|-activate|p2b: Kingambit|move: Protect
|move|p1b: Garchomp|Earthquake|p2a: Arcanine|[spread] 
|-activate|p2a: Arcanine|move: Protect
|-activate|p2b: Kingambit|move: Protect
|-immune|p1a: Aerodactyl
|
|upkeep
|turn|4
|c|☆davidxrt|Hice miss click en el primer turno jajaja
|inactive|zady11 has 30 seconds left.
|inactive|davidxrt has 30 seconds left.
|
|t:|1783285370
|switch|p2a: Aerodactyl|Aerodactyl, L50, F|22/100
|-ability|p2a: Aerodactyl|Unnerve
|move|p1a: Aerodactyl|Protect|p1a: Aerodactyl
|-singleturn|p1a: Aerodactyl|Protect
|move|p2b: Kingambit|Sucker Punch||[still]
|-fail|p2b: Kingambit
|move|p1b: Garchomp|Earthquake|p2b: Kingambit|[spread] p2b
|-activate|p1a: Aerodactyl|move: Protect
|-immune|p2a: Aerodactyl
|-supereffective|p2b: Kingambit|1
|-damage|p2b: Kingambit|0 fnt
|faint|p2b: Kingambit
|-damage|p1b: Garchomp|36/100|[from] item: Life Orb
|
|-sideend|p1: zady11|move: Tailwind
|upkeep
|
|t:|1783285388
|switch|p2b: Arcanine|Arcanine-Hisui, L50, F|100/100
|turn|5
|
|t:|1783285407
|detailschange|p2a: Aerodactyl|Aerodactyl-Mega, L50, F
|-mega|p2a: Aerodactyl|Aerodactyl|Aerodactylite
|move|p2b: Arcanine|Protect|p2b: Arcanine
|-singleturn|p2b: Arcanine|Protect
|move|p2a: Aerodactyl|Rock Slide|p1a: Aerodactyl|[spread] p1a,p1b
|-supereffective|p1a: Aerodactyl|1
|-resisted|p1b: Garchomp|1
|-damage|p1a: Aerodactyl|0 fnt
|-damage|p1b: Garchomp|22/100
|faint|p1a: Aerodactyl
|move|p1b: Garchomp|Earthquake|p2b: Arcanine|[spread] 
|-activate|p2b: Arcanine|move: Protect
|-immune|p2a: Aerodactyl
|
|upkeep
|
|t:|1783285418
|switch|p1a: Basculegion|Basculegion, L50, M|100/100
|turn|6
|
|t:|1783285440
|move|p2a: Aerodactyl|Rock Slide|p1b: Garchomp|[spread] p1a,p1b
|-resisted|p1b: Garchomp|1
|-damage|p1a: Basculegion|67/100
|-damage|p1b: Garchomp|7/100
|cant|p1a: Basculegion|flinch
|move|p1b: Garchomp|Dragon Claw|p2b: Arcanine
|-damage|p2b: Arcanine|29/100
|-damage|p1b: Garchomp|0 fnt|[from] item: Life Orb
|faint|p1b: Garchomp
|move|p2b: Arcanine|Head Smash|p1a: Basculegion
|-damage|p1a: Basculegion|0 fnt
|faint|p1a: Basculegion
|
|upkeep
|
|t:|1783285453
|switch|p1a: Kingambit|Kingambit, L50, M|100/100
|turn|7
|inactive|zady11 has 30 seconds left.
|inactive|zady11 has 20 seconds left.
|
|t:|1783285493
|move|p2b: Arcanine|Protect|p2b: Arcanine
|-singleturn|p2b: Arcanine|Protect
|move|p1a: Kingambit|Sucker Punch|p2a: Aerodactyl
|-damage|p2a: Aerodactyl|0 fnt
|faint|p2a: Aerodactyl
|
|upkeep
|turn|8
|
|t:|1783285501
|move|p2b: Arcanine|Flare Blitz|p1a: Kingambit
|-supereffective|p1a: Kingambit|1
|-damage|p1a: Kingambit|1/100
|move|p1a: Kingambit|Low Kick|p2b: Arcanine
|-supereffective|p2b: Arcanine|1
|-damage|p2b: Arcanine|0 fnt
|faint|p2b: Arcanine
|
|win|zady11
||zady11 is ready for game 3.
|c|☆davidxrt|gg
|inactive|davidxrt has 30 seconds to confirm battle start!
||davidxrt is ready for game 3.
|uhtml|next|Next: Game 3 of 3
|l|☆davidxrt
|player|p2|
