|j|â˜†pbroderick14
|j|â˜†GrovyleSSJ
|html|pbroderick14GrovyleSSJ    
|uhtml|bestof|Game 2 of a best-of-3
|t:|1782499836
|gametype|doubles
|player|p1|pbroderick14|169|1286
|player|p2|GrovyleSSJ|266|1241
|gen|9
|tier|[Gen 9 Champions] VGC 2026 Reg M-B (Bo3)
|rated|
|rule|Species Clause: Limit one of each PokÃ©mon
|rule|Item Clause: Limit 1 of each item
|clearpoke
|poke|p1|Swampert, L50, M|
|poke|p1|Pelipper, L50, M|
|poke|p1|Archaludon, L50, F|
|poke|p1|Sableye, L50, M|
|poke|p1|Basculegion, L50, M|
|poke|p1|Venusaur, L50, M|
|poke|p2|Gengar, L50, F|
|poke|p2|Incineroar, L50, F|
|poke|p2|Ninetales-Alola, L50, M|
|poke|p2|Dragonite, L50, M|
|poke|p2|Snorlax, L50, F|
|poke|p2|Scrafty, L50, F|
|teampreview|4
|showteam|p1|Swampert||Swampertite|Damp|Protect,WaveCrash,HighHorsepower,FlipTurn|Adamant||M|||50|]Pelipper||FocusSash|Drizzle|Protect,Tailwind,Hurricane,WeatherBall|Modest||M|||50|]Archaludon||Leftovers|Stamina|Protect,ElectroShot,DragonPulse,FlashCannon|Bold||F|||50|]Sableye||RoseliBerry|Prankster|RainDance,Reflect,LightScreen,WillOWisp|Careful||M|||50|]Basculegion||ChoiceScarf|Adaptability|FlipTurn,WaveCrash,AquaJet,LastRespects|Jolly||M|||50|]Venusaur||Venusaurite|Chlorophyll|Protect,SludgeBomb,EarthPower,GigaDrain|Bold||M|||50|
|showteam|p2|Gengar||Gengarite|CursedBody|Protect,PerishSong,SludgeBomb,ShadowBall|Timid||F|||50|]Incineroar||PasshoBerry|Intimidate|FakeOut,PartingShot,FlareBlitz,Protect|Sassy||F|||50|]Ninetales-Alola||FocusSash|SnowWarning|Protect,Encore,Disable,Blizzard|Timid||M|||50|]Dragonite||DragonFang|Multiscale|Protect,LowKick,ExtremeSpeed,DragonClaw|Adamant||M|||50|]Snorlax||Leftovers|ThickFat|Protect,Yawn,Encore,Fissure|Relaxed||F|||50|]Scrafty||Scraftinite|Intimidate|FakeOut,Detect,KnockOff,CloseCombat|Adamant||F|||50|
|inactive|Battle timer is ON: inactive players will automatically lose when time's up. (requested by GrovyleSSJ)
|
|t:|1782499855
|teamsize|p1|4
|teamsize|p2|4
|start
|switch|p1a: Sableye|Sableye, L50, M|100/100
|switch|p1b: Swampert|Swampert, L50, M|100/100
|switch|p2a: Gengar|Gengar, L50, F|100/100
|switch|p2b: Incineroar|Incineroar, L50, F|100/100
|-ability|p2b: Incineroar|Intimidate|boost
|-unboost|p1a: Sableye|atk|1
|-unboost|p1b: Swampert|atk|1
|turn|1
|inactive|pbroderick14 has 30 seconds left.
|inactive|GrovyleSSJ has 30 seconds left.
|inactive|pbroderick14 has 20 seconds left.
|inactive|GrovyleSSJ has 20 seconds left.
|inactive|GrovyleSSJ has 15 seconds left.
|inactive|pbroderick14 has 15 seconds left.
|
|t:|1782499901
|detailschange|p2a: Gengar|Gengar-Mega, L50, F
|-mega|p2a: Gengar|Gengar|Gengarite
|detailschange|p1b: Swampert|Swampert-Mega, L50, M
|-mega|p1b: Swampert|Swampert|Swampertite
|move|p2b: Incineroar|Fake Out|p1b: Swampert
|-damage|p1b: Swampert|91/100
|move|p1a: Sableye|Light Screen|p1a: Sableye
|-sidestart|p1: pbroderick14|move: Light Screen
|move|p2a: Gengar|Sludge Bomb|p1a: Sableye
|-resisted|p1a: Sableye|1
|-damage|p1a: Sableye|82/100
|cant|p1b: Swampert|flinch
|
|upkeep
|turn|2
|inactive|GrovyleSSJ has 30 seconds left.
|
|t:|1782499934
|switch|p2b: Scrafty|Scrafty, L50, F|100/100
|-ability|p2b: Scrafty|Intimidate|boost
|-unboost|p1a: Sableye|atk|1
|-unboost|p1b: Swampert|atk|1
|move|p1a: Sableye|Will-O-Wisp|p2a: Gengar
|-status|p2a: Gengar|brn
|move|p2a: Gengar|Shadow Ball|p1b: Swampert
|-damage|p1b: Swampert|63/100
|move|p1b: Swampert|Wave Crash|p2b: Scrafty
|-crit|p2b: Scrafty
|-damage|p2b: Scrafty|0 fnt
|faint|p2b: Scrafty
|-damage|p1b: Swampert|36/100|[from] Recoil
|
|-damage|p2a: Gengar|94/100 brn|[from] brn
|upkeep
|c|â˜†pbroderick14|tough crit sorry
|
|t:|1782499956
|switch|p2b: Incineroar|Incineroar, L50, F|100/100
|-ability|p2b: Incineroar|Intimidate|boost
|-unboost|p1a: Sableye|atk|1
|-unboost|p1b: Swampert|atk|1
|turn|3
|
|t:|1782499974
|move|p1b: Swampert|Protect|p1b: Swampert
|-singleturn|p1b: Swampert|Protect
|move|p1a: Sableye|Reflect|p1a: Sableye
|-sidestart|p1: pbroderick14|Reflect
|move|p2a: Gengar|Shadow Ball|p1a: Sableye
|-damage|p1a: Sableye|50/100g
|move|p2b: Incineroar|Flare Blitz|p1a: Sableye
|-damage|p1a: Sableye|3/100
|-damage|p2b: Incineroar|88/100|[from] Recoil
|
|-damage|p2a: Gengar|88/100 brn|[from] brn
|upkeep
|turn|4
|
|t:|1782499994
|move|p1a: Sableye|Rain Dance|p1a: Sableye
|-weather|RainDance
|move|p1b: Swampert|Flip Turn|p2b: Incineroar
|-supereffective|p2b: Incineroar|1
|-enditem|p2b: Incineroar|Passho Berry|[eat]
|-enditem|p2b: Incineroar|Passho Berry|[weaken]
|-damage|p2b: Incineroar|70/100
|
|t:|1782500002
|switch|p1b: Archaludon|Archaludon, L50, F|100/100|[from] Flip Turn
|move|p2a: Gengar|Shadow Ball|p1b: Archaludon
|-damage|p1b: Archaludon|71/100
|-ability|p1b: Archaludon|Stamina|boost
|-boost|p1b: Archaludon|def|1
|move|p2b: Incineroar|Flare Blitz|p1a: Sableye
|-damage|p1a: Sableye|0 fnt
|faint|p1a: Sableye
|-damage|p2b: Incineroar|69/100|[from] Recoil
|
|-weather|RainDance|[upkeep]
|-heal|p1b: Archaludon|77/100|[from] item: Leftovers
|-damage|p2a: Gengar|82/100 brn|[from] brn
|upkeep
|
|t:|1782500009
|switch|p1a: Swampert|Swampert-Mega, L50, M|36/100
|turn|5
|
|t:|1782500029
|switch|p2b: Ninetales|Ninetales-Alola, L50, M|100/100
|-weather|Snowscape|[from] ability: Snow Warning|[of] p2b: Ninetales
|move|p1a: Swampert|Protect|p1a: Swampert
|-singleturn|p1a: Swampert|Protect
|move|p2a: Gengar|Shadow Ball|p1a: Swampert
|-activate|p1a: Swampert|move: Protect
|move|p1b: Archaludon|Flash Cannon|p2a: Gengar
|-damage|p2a: Gengar|44/100 brn
|
|-weather|Snowscape|[upkeep]
|-heal|p1b: Archaludon|83/100|[from] item: Leftovers
|-damage|p2a: Gengar|38/100 brn|[from] brn
|-sideend|p1: pbroderick14|move: Light Screen
|upkeep
|turn|6
|inactive|pbroderick14 has 30 seconds left.
|inactive|GrovyleSSJ has 30 seconds left.
|
|t:|1782500061
|move|p2a: Gengar|Protect|p2a: Gengar
|-singleturn|p2a: Gengar|Protect
|move|p2b: Ninetales|Encore|p1a: Swampert
|-start|p1a: Swampert|Encore
|move|p1a: Swampert|Protect||[still]
|-fail|p1a: Swampert
|move|p1b: Archaludon|Flash Cannon|p2b: Ninetales
|-supereffective|p2b: Ninetales|2
|-enditem|p2b: Ninetales|Focus Sash
|-damage|p2b: Ninetales|1/100
|
|-weather|Snowscape|[upkeep]
|-heal|p1b: Archaludon|89/100|[from] item: Leftovers
|-damage|p2a: Gengar|32/100 brn|[from] brn
|upkeep
|turn|7
|
|t:|1782500081
|move|p1a: Swampert|Protect|p1a: Swampert
|-singleturn|p1a: Swampert|Protect
|move|p2b: Ninetales|Disable|p1b: Archaludon
|-start|p1b: Archaludon|Disable|Flash Cannon
|move|p2a: Gengar|Shadow Ball|p1b: Archaludon
|-damage|p1b: Archaludon|42/100
|-ability|p1b: Archaludon|Stamina|boost
|-boost|p1b: Archaludon|def|1
|cant|p1b: Archaludon|Disable|Flash Cannon
|
|-weather|Snowscape|[upkeep]
|-heal|p1b: Archaludon|48/100|[from] item: Leftovers
|-damage|p2a: Gengar|26/100 brn|[from] brn
|-sideend|p1: pbroderick14|Reflect
|upkeep
|turn|8
|
|t:|1782500095
|move|p1a: Swampert|Protect||[still]
|-fail|p1a: Swampert
|move|p2b: Ninetales|Encore|p1b: Archaludon
|-start|p1b: Archaludon|Encore
|move|p2a: Gengar|Shadow Ball|p1a: Swampert
|-damage|p1a: Swampert|0 fnt
|faint|p1a: Swampert
|cant|p1b: Archaludon|Disable|Flash Cannon
|
|-weather|Snowscape|[upkeep]
|-heal|p1b: Archaludon|54/100|[from] item: Leftovers
|-damage|p2a: Gengar|20/100y brn|[from] brn
|upkeep
|
|t:|1782500097
|switch|p1a: Basculegion|Basculegion, L50, M|100/100
|turn|9
|
|t:|1782500121
|move|p1a: Basculegion|Aqua Jet|p2a: Gengar
|-damage|p2a: Gengar|0 fnt
|faint|p2a: Gengar
|move|p2b: Ninetales|Disable|p1a: Basculegion
|-start|p1a: Basculegion|Disable|Aqua Jet
|-activate|p1b: Archaludon|move: Struggle
|move|p1b: Archaludon|Struggle|p2b: Ninetales
|-damage|p2b: Ninetales|0 fnt
|faint|p2b: Ninetales
|-damage|p1b: Archaludon|29/100|[from] recoil
|
|-weather|none
|-heal|p1b: Archaludon|35/100|[from] item: Leftovers
|upkeep
|
|t:|1782500129
|switch|p2b: Incineroar|Incineroar, L50, F|69/100
|-ability|p2b: Incineroar|Intimidate|boost
|-unboost|p1a: Basculegion|atk|1
|-unboost|p1b: Archaludon|atk|1
|turn|10
|
|t:|1782500135
|-activate|p1a: Basculegion|move: Struggle
|move|p1a: Basculegion|Struggle|p2b: Incineroar
|-crit|p2b: Incineroar
|-damage|p2b: Incineroar|51/100
|-damage|p1a: Basculegion|74/100|[from] recoil
|-activate|p1b: Archaludon|move: Struggle
|move|p1b: Archaludon|Struggle|p2b: Incineroar
|-crit|p2b: Incineroar
|-damage|p2b: Incineroar|36/100
|-damage|p1b: Archaludon|10/100|[from] recoil
|move|p2b: Incineroar|Flare Blitz|p1b: Archaludon
|-damage|p1b: Archaludon|0 fnt
|faint|p1b: Archaludon
|-damage|p2b: Incineroar|33/100|[from] Recoil
|
|upkeep
|turn|11
|
|t:|1782500148
|-activate|p1a: Basculegion|move: Struggle
|move|p1a: Basculegion|Struggle|p2b: Incineroar
|-damage|p2b: Incineroar|25/100
|-damage|p1a: Basculegion|49/100|[from] recoil
|move|p2b: Incineroar|Flare Blitz|p1a: Basculegion
|-resisted|p1a: Basculegion|1
|-damage|p1a: Basculegion|22/100
|-damage|p2b: Incineroar|16/100|[from] Recoil
|
|upkeep
|turn|12
|
|t:|1782500157
|-activate|p1a: Basculegion|move: Struggle
|move|p1a: Basculegion|Struggle|p2b: Incineroar
|-damage|p2b: Incineroar|7/100
|-damage|p1a: Basculegion|0 fnt|[from] recoil
|faint|p1a: Basculegion
|
|win|GrovyleSSJ
||GrovyleSSJ is ready for game 3.
||pbroderick14 is ready for game 3.
|uhtml|next|Next: Game 3 of 3
