|j|☆sbhaga34
|j|☆memeberserk
|html|sbhaga34memeberserk    
|uhtml|bestof|Game 1 of a best-of-3
|t:|1784596168
|gametype|doubles
|player|p1|sbhaga34|hugh|1378
|player|p2|memeberserk|lance|1289
|gen|9
|tier|[Gen 9 Champions] VGC 2026 Reg M-B (Bo3)
|rated|
|rule|Species Clause: Limit one of each Pokémon
|rule|Item Clause: Limit 1 of each item
|clearpoke
|poke|p1|Excadrill, L50, F|
|poke|p1|Tyranitar, L50, F|
|poke|p1|Corviknight, L50, M|
|poke|p1|Rotom-Wash, L50|
|poke|p1|Chandelure, L50, M|
|poke|p1|Scovillain, L50, M|
|poke|p2|Raichu, L50, F|
|poke|p2|Corviknight, L50, M|
|poke|p2|Sylveon, L50, M|
|poke|p2|Basculegion, L50, M|
|poke|p2|Mamoswine, L50, F|
|poke|p2|Tyranitar, L50, M|
|teampreview|4
|showteam|p1|Excadrill||FocusSash|SandRush|Earthquake,IronHead,SwordsDance,Protect|Adamant||F|||50|]Tyranitar||Tyranitarite|SandStream|RockSlide,KnockOff,LowKick,Protect|Adamant||F|||50|]Corviknight||SharpBeak|MirrorArmor|BraveBird,Tailwind,BulkUp,Roost|Careful||M|||50|]Rotom-Wash||ChoiceScarf|Levitate|VoltSwitch,Thunderbolt,Electroweb,HydroPump|Timid|||||50|]Chandelure||ShucaBerry|FlashFire|HeatWave,ShadowBall,TrickRoom,Protect|Modest||M|||50|]Scovillain||Scovillainite|Chlorophyll|RagePowder,Overheat,GigaDrain,Protect|Calm||M|||50|
|showteam|p2|Raichu||RaichuniteY|LightningRod|ZapCannon,FocusBlast,FakeOut,Protect|Timid||F|||50|]Corviknight||Leftovers|Unnerve|BraveBird,IronHead,Tailwind,Protect|Careful||M|||50|]Sylveon||FairyFeather|Pixilate|HyperVoice,QuickAttack,Protect,Yawn|Modest||M|||50|]Basculegion||MysticWater|SwiftSwim|WaveCrash,LastRespects,AquaJet,Protect|Adamant||M|||50|]Mamoswine||LifeOrb|Oblivious|HighHorsepower,IceShard,IcicleCrash,Protect|Adamant||F|||50|]Tyranitar||FocusSash|SandStream|RockSlide,KnockOff,Superpower,Protect|Adamant||M|||50|
|inactive|Battle timer is ON: inactive players will automatically lose when time's up. (requested by memeberserk)
|
|t:|1784596220
|teamsize|p1|4
|teamsize|p2|4
|start
|switch|p1a: Excadrill|Excadrill, L50, F|100/100
|switch|p1b: Tyranitar|Tyranitar, L50, F|100/100
|switch|p2a: Basculegion|Basculegion, L50, M|100/100
|switch|p2b: Corviknight|Corviknight, L50, M|100/100
|-ability|p2b: Corviknight|Unnerve
|-weather|Sandstorm|[from] ability: Sand Stream|[of] p1b: Tyranitar
|turn|1
|inactive|memeberserk has 30 seconds left.
|inactive|memeberserk has 20 seconds left.
|inactive|memeberserk has 15 seconds left.
|
|t:|1784596262
|detailschange|p1b: Tyranitar|Tyranitar-Mega, L50, F
|-mega|p1b: Tyranitar|Tyranitar|Tyranitarite
|move|p1a: Excadrill|Swords Dance|p1a: Excadrill
|-boost|p1a: Excadrill|atk|2
|move|p1b: Tyranitar|Knock Off|p2a: Basculegion
|-supereffective|p2a: Basculegion|1
|-damage|p2a: Basculegion|0 fnt
|-enditem|p2a: Basculegion|Mystic Water|[from] move: Knock Off|[of] p1b: Tyranitar
|faint|p2a: Basculegion
|move|p2b: Corviknight|Tailwind|p2b: Corviknight
|-sidestart|p2: memeberserk|move: Tailwind
|
|-weather|Sandstorm|[upkeep]
|upkeep
|
|t:|1784596281
|switch|p2a: Mamoswine|Mamoswine, L50, F|100/100
|turn|2
|
|t:|1784596288
|switch|p1b: Rotom|Rotom-Wash, L50|100/100
|move|p1a: Excadrill|Iron Head|p2a: Mamoswine
|-supereffective|p2a: Mamoswine|1
|-damage|p2a: Mamoswine|0 fnt
|faint|p2a: Mamoswine
|move|p2b: Corviknight|Iron Head|p1a: Excadrill
|-resisted|p1a: Excadrill|1
|-damage|p1a: Excadrill|80/100
|
|-weather|Sandstorm|[upkeep]
|-damage|p1b: Rotom|94/100|[from] Sandstorm
|upkeep
|
|t:|1784596297
|switch|p2a: Raichu|Raichu, L50, F|100/100
|turn|3
|inactive|sbhaga34 has 30 seconds left.
|inactive|sbhaga34 has 20 seconds left.
|
|t:|1784596333
|move|p1a: Excadrill|Protect|p1a: Excadrill
|-singleturn|p1a: Excadrill|Protect
|move|p2a: Raichu|Focus Blast|p1a: Excadrill
|-activate|p1a: Excadrill|move: Protect
|move|p1b: Rotom|Thunderbolt|p2a: Raichu
|-activate|p2a: Raichu|ability: Lightning Rod
|-ability|p2a: Raichu|Lightning Rod|boost
|-boost|p2a: Raichu|spa|1
|move|p2b: Corviknight|Iron Head|p1b: Rotom
|-resisted|p1b: Rotom|2
|-damage|p1b: Rotom|85/100
|
|-weather|Sandstorm|[upkeep]
|-damage|p2a: Raichu|94/100|[from] Sandstorm
|-damage|p1b: Rotom|80/100|[from] Sandstorm
|upkeep
|turn|4
|
|t:|1784596349
|switch|p1a: Corviknight|Corviknight, L50, M|100/100
|move|p2a: Raichu|Focus Blast|p1a: Corviknight
|-damage|p1a: Corviknight|63/100
|move|p1b: Rotom|Thunderbolt|p2a: Raichu
|-activate|p2a: Raichu|ability: Lightning Rod
|-ability|p2a: Raichu|Lightning Rod|boost
|-boost|p2a: Raichu|spa|1
|move|p2b: Corviknight|Brave Bird|p1b: Rotom
|-resisted|p1b: Rotom|1
|-damage|p1b: Rotom|55/100
|-damage|p2b: Corviknight|93/100|[from] Recoil
|
|-weather|Sandstorm|[upkeep]
|-damage|p2a: Raichu|88/100|[from] Sandstorm
|-damage|p1b: Rotom|49/100|[from] Sandstorm
|-heal|p2b: Corviknight|99/100|[from] item: Leftovers
|-sideend|p2: memeberserk|move: Tailwind
|upkeep
|turn|5
|
|t:|1784596366
|move|p1b: Rotom|Thunderbolt|p2a: Raichu
|-activate|p2a: Raichu|ability: Lightning Rod
|-ability|p2a: Raichu|Lightning Rod|boost
|-boost|p2a: Raichu|spa|1
|move|p2a: Raichu|Zap Cannon|p1a: Corviknight
|-supereffective|p1a: Corviknight|1
|-damage|p1a: Corviknight|0 fnt
|faint|p1a: Corviknight
|move|p2b: Corviknight|Tailwind|p2b: Corviknight
|-sidestart|p2: memeberserk|move: Tailwind
|
|-weather|none
|-heal|p2b: Corviknight|100/100|[from] item: Leftovers
|upkeep
|
|t:|1784596371
|switch|p1a: Excadrill|Excadrill, L50, F|80/100
|turn|6
|
|t:|1784596391
|switch|p1b: Tyranitar|Tyranitar-Mega, L50, F|100/100
|-weather|Sandstorm|[from] ability: Sand Stream|[of] p1b: Tyranitar
|move|p2a: Raichu|Focus Blast|p1a: Excadrill|[miss]
|-miss|p2a: Raichu|p1a: Excadrill
|move|p1a: Excadrill|Swords Dance|p1a: Excadrill
|-boost|p1a: Excadrill|atk|2
|move|p2b: Corviknight|Iron Head|p1b: Tyranitar
|-supereffective|p1b: Tyranitar|1
|-damage|p1b: Tyranitar|68/100
|
|-weather|Sandstorm|[upkeep]
|-damage|p2a: Raichu|83/100|[from] Sandstorm
|upkeep
|turn|7
|
|t:|1784596405
|switch|p1b: Rotom|Rotom-Wash, L50|49/100
|move|p2a: Raichu|Focus Blast|p1b: Rotom
|-damage|p1b: Rotom|0 fnt
|faint|p1b: Rotom
|move|p1a: Excadrill|Earthquake|p2a: Raichu|[spread] p2a
|-immune|p2b: Corviknight
|-supereffective|p2a: Raichu|1
|-damage|p2a: Raichu|0 fnt
|faint|p2a: Raichu
|move|p2b: Corviknight|Iron Head|p1a: Excadrill
|-resisted|p1a: Excadrill|1
|-damage|p1a: Excadrill|61/100
|
|-weather|Sandstorm|[upkeep]
|upkeep
|
|t:|1784596415
|switch|p1b: Tyranitar|Tyranitar-Mega, L50, F|68/100
|turn|8
|-message|memeberserk forfeited.
|
|win|sbhaga34
