|j|â˜†Imreesithink
|j|â˜†25th_mang
|html|Imreesithink25th_mang    
|uhtml|bestof|Game 2 of a best-of-3
|t:|1785911242
|gametype|doubles
|player|p1|Imreesithink|1|1283
|player|p2|25th_mang|ballguy|1250
|gen|9
|tier|[Gen 9 Champions] VGC 2026 Reg M-B (Bo3)
|rated|
|rule|Species Clause: Limit one of each PokÃ©mon
|rule|Item Clause: Limit 1 of each item
|clearpoke
|poke|p1|Staraptor, L50, F, shiny|
|poke|p1|Raichu, L50, F, shiny|
|poke|p1|Sylveon, L50, F, shiny|
|poke|p1|Farigiraf, L50, M, shiny|
|poke|p1|Arcanine-Hisui, L50, F, shiny|
|poke|p1|Kingambit, L50, M, shiny|
|poke|p2|Staraptor, L50, M|
|poke|p2|Milotic, L50, F|
|poke|p2|Tyranitar, L50, M, shiny|
|poke|p2|Gholdengo, L50, shiny|
|poke|p2|Excadrill, L50, M|
|poke|p2|Sinistcha, L50|
|teampreview|4
|showteam|p1|Staraptor||Staraptite|Intimidate|Tailwind,Protect,CloseCombat,DualWingbeat|Jolly||F|||50|]Raichu||RaichuniteY|LightningRod|FakeOut,ZapCannon,FocusBlast,Protect|Timid||F|||50|]Sylveon||FairyFeather|Pixilate|Detect,HyperVoice,QuickAttack,HyperBeam|Modest||F|||50|]Farigiraf||SitrusBerry|ArmorTail|Psychic,TrickRoom,HelpingHand,Protect|Sassy||M|||50|]Arcanine-Hisui||FocusSash|RockHead|Protect,ExtremeSpeed,HeadSmash,FlareBlitz|Jolly||F|||50|]Kingambit||LifeOrb|Defiant|Protect,KowtowCleave,SwordsDance,SuckerPunch|Adamant||M|||50|
|showteam|p2|Staraptor||Staraptite|Intimidate|BraveBird,CloseCombat,Tailwind,Protect|Jolly||M|||50|]Milotic||SitrusBerry|Competitive|Scald,IceBeam,IcyWind,Recover|Modest||F|||50|]Tyranitar||Tyranitarite|SandStream|RockSlide,KnockOff,LowKick,Protect|Jolly||M|||50|]Gholdengo||LifeOrb|GoodasGold|ShadowBall,MakeItRain,NastyPlot,Protect|Modest|||||50|]Excadrill||FocusSash|SandRush|HighHorsepower,IronHead,RockSlide,Protect|Adamant||M|||50|]Sinistcha||ColburBerry|Hospitality|MatchaGotcha,RagePowder,TrickRoom,Protect|Bold|||||50|
|inactive|Battle timer is ON: inactive players will automatically lose when time's up. (requested by Imreesithink)
|inactive|25th_mang also wants the timer to be on.
|inactive|Imreesithink has 60 seconds left.
|
|t:|1785911288
|teamsize|p1|4
|teamsize|p2|4
|start
|switch|p1a: Raichu|Raichu, L50, F, shiny|100/100
|switch|p1b: Kingambit|Kingambit, L50, M, shiny|100/100
|switch|p2a: Milotic|Milotic, L50, F|100/100
|switch|p2b: Excadrill|Excadrill, L50, M|100/100
|turn|1
|inactive|25th_mang has 30 seconds left.
|inactive|25th_mang has 20 seconds left.
|inactive|25th_mang has 15 seconds left.
|inactive|25th_mang has 10 seconds left.
|
|t:|1785911333
|move|p1a: Raichu|Fake Out|p2b: Excadrill
|-resisted|p2b: Excadrill|1
|-damage|p2b: Excadrill|95/100
|cant|p2b: Excadrill|flinch
|move|p2a: Milotic|Icy Wind|p1b: Kingambit|[spread] p1a
|-miss|p2a: Milotic|p1b: Kingambit
|-damage|p1a: Raichu|83/100
|-unboost|p1a: Raichu|spe|1
|move|p1b: Kingambit|Swords Dance|p1b: Kingambit
|-boost|p1b: Kingambit|atk|2
|
|upkeep
|turn|2
|inactive|25th_mang has 30 seconds left.
|c|â˜†Imreesithink|Wow thatâ€™s upsetting
|inactive|25th_mang has 20 seconds left.
|inactive|25th_mang has 15 seconds left.
|inactive|25th_mang has 10 seconds left.
|inactive|25th_mang has 5 seconds left.
|
|t:|1785911384
|detailschange|p1a: Raichu|Raichu-Mega-Y, L50, F, shiny
|-mega|p1a: Raichu|Raichu|Raichunite Y
|move|p2b: Excadrill|Protect|p2b: Excadrill
|-singleturn|p2b: Excadrill|Protect
|move|p1b: Kingambit|Sucker Punch||[still]
|-fail|p1b: Kingambit
|move|p1a: Raichu|Zap Cannon|p2a: Milotic
|-supereffective|p2a: Milotic|1
|-damage|p2a: Milotic|10/100
|-status|p2a: Milotic|par
|-enditem|p2a: Milotic|Sitrus Berry|[eat]
|-heal|p2a: Milotic|35/100 par|[from] item: Sitrus Berry
|move|p2a: Milotic|Scald|p1b: Kingambit
|-damage|p1b: Kingambit|66/100
|-status|p1b: Kingambit|brn
|
|-damage|p1b: Kingambit|60/100 brn|[from] brn
|upkeep
|turn|3
|inactive|25th_mang has 30 seconds left.
|inactive|25th_mang has 20 seconds left.
|
|t:|1785911419
|switch|p2a: Gholdengo|Gholdengo, L50, shiny|100/100
|move|p1b: Kingambit|Sucker Punch|p2b: Excadrill
|-damage|p2b: Excadrill|22/100
|-damage|p1b: Kingambit|51/100 brn|[from] item: Life Orb
|move|p2b: Excadrill|High Horsepower|p1a: Raichu
|-supereffective|p1a: Raichu|1
|-crit|p1a: Raichu
|-damage|p1a: Raichu|0 fnt
|faint|p1a: Raichu
|
|-damage|p1b: Kingambit|45/100 brn|[from] brn
|upkeep
|
|t:|1785911427
|switch|p1a: Arcanine|Arcanine-Hisui, L50, F, shiny|100/100
|turn|4
|inactive|25th_mang has 30 seconds left.
|inactive|25th_mang has 20 seconds left.
|inactive|25th_mang has 15 seconds left.
|inactive|25th_mang has 10 seconds left.
|
|t:|1785911474
|move|p2a: Gholdengo|Protect|p2a: Gholdengo
|-singleturn|p2a: Gholdengo|Protect
|move|p1b: Kingambit|Sucker Punch|p2b: Excadrill
|-damage|p2b: Excadrill|0 fnt
|faint|p2b: Excadrill
|-damage|p1b: Kingambit|35/100 brn|[from] item: Life Orb
|move|p1a: Arcanine|Flare Blitz|p2a: Gholdengo
|-activate|p2a: Gholdengo|move: Protect
|
|-damage|p1b: Kingambit|29/100 brn|[from] brn
|upkeep
|
|t:|1785911481
|switch|p2b: Tyranitar|Tyranitar, L50, M, shiny|100/100
|-weather|Sandstorm|[from] ability: Sand Stream|[of] p2b: Tyranitar
|turn|5
|inactive|25th_mang has 30 seconds left.
|inactive|25th_mang has 20 seconds left.
|
|t:|1785911516
|detailschange|p2b: Tyranitar|Tyranitar-Mega, L50, M, shiny
|-mega|p2b: Tyranitar|Tyranitar|Tyranitarite
|move|p1a: Arcanine|Flare Blitz|p2a: Gholdengo
|-supereffective|p2a: Gholdengo|1
|-damage|p2a: Gholdengo|3/100
|move|p2b: Tyranitar|Rock Slide|p1a: Arcanine|[spread] p1a,p1b
|-supereffective|p1a: Arcanine|1
|-resisted|p1b: Kingambit|1
|-damage|p1a: Arcanine|16/100
|-damage|p1b: Kingambit|18/100 brn
|move|p2a: Gholdengo|Nasty Plot|p2a: Gholdengo
|-boost|p2a: Gholdengo|spa|2
|move|p1b: Kingambit|Kowtow Cleave|p2a: Gholdengo
|-supereffective|p2a: Gholdengo|1
|-damage|p2a: Gholdengo|0 fnt
|faint|p2a: Gholdengo
|-damage|p1b: Kingambit|8/100 brn|[from] item: Life Orb
|
|-weather|Sandstorm|[upkeep]
|-damage|p1b: Kingambit|2/100 brn|[from] brn
|upkeep
|
|t:|1785911531
|switch|p2a: Milotic|Milotic, L50, F|35/100 par
|turn|6
|
|t:|1785911539
|move|p1a: Arcanine|Protect|p1a: Arcanine
|-singleturn|p1a: Arcanine|Protect
|move|p2b: Tyranitar|Protect|p2b: Tyranitar
|-singleturn|p2b: Tyranitar|Protect
|move|p1b: Kingambit|Sucker Punch||[still]
|-fail|p1b: Kingambit
|cant|p2a: Milotic|par
|
|-weather|Sandstorm|[upkeep]
|-damage|p2a: Milotic|29/100 par|[from] Sandstorm
|-damage|p1b: Kingambit|0 fnt|[from] brn
|faint|p1b: Kingambit
|upkeep
|
|t:|1785911551
|switch|p1b: Staraptor|Staraptor, L50, F, shiny|100/100
|-ability|p1b: Staraptor|Intimidate|boost
|-unboost|p2a: Milotic|atk|1
|-ability|p2a: Milotic|Competitive|boost
|-boost|p2a: Milotic|spa|2
|-unboost|p2b: Tyranitar|atk|1
|turn|7
|
|t:|1785911566
|move|p2b: Tyranitar|Protect||[still]
|-fail|p2b: Tyranitar
|move|p1b: Staraptor|Close Combat|p2b: Tyranitar
|-supereffective|p2b: Tyranitar|2
|-damage|p2b: Tyranitar|14/100
|-unboost|p1b: Staraptor|def|1
|-unboost|p1b: Staraptor|spd|1
|move|p1a: Arcanine|Head Smash|p2a: Milotic
|-damage|p2a: Milotic|0 fnt
|faint|p2a: Milotic
|
|-weather|Sandstorm|[upkeep]
|-damage|p1b: Staraptor|93/100|[from] Sandstorm
|upkeep
|turn|8
|
|t:|1785911580
|move|p1b: Staraptor|Close Combat|p2b: Tyranitar
|-supereffective|p2b: Tyranitar|2
|-damage|p2b: Tyranitar|0 fnt
|-unboost|p1b: Staraptor|def|1
|-unboost|p1b: Staraptor|spd|1
|faint|p2b: Tyranitar
|
|win|Imreesithink
||Imreesithink is ready for game 3.
|inactive|25th_mang has 30 seconds to confirm battle start!
||25th_mang is ready for game 3.
|uhtml|next|Next: Game 3 of 3
|l|â˜†Imreesithink
|player|p1|
|l|â˜†25th_mang
|player|p2|
|j|â˜†25th_mang
|player|p2|25th_mang|ballguy|
