|j|☆glofer
|j|☆mayor of clowntown
|html|glofermayor of clowntown    
|uhtml|bestof|Game 1 of a best-of-3
|t:|1785378697
|gametype|doubles
|player|p1|glofer|blackbelt|1027
|player|p2|mayor of clowntown|clown|1049
|gen|9
|tier|[Gen 9 Champions] VGC 2026 Reg M-B (Bo3)
|rated|
|rule|Species Clause: Limit one of each Pokémon
|rule|Item Clause: Limit 1 of each item
|clearpoke
|poke|p1|Bellibolt, L50, M|
|poke|p1|Raichu, L50, F|
|poke|p1|Manectric, L50, F|
|poke|p1|Eelektross, L50, M|
|poke|p1|Emolga, L50, F|
|poke|p1|Heliolisk, L50, F|
|poke|p2|Garchomp, L50, M, shiny|
|poke|p2|Charizard, L50, F, shiny|
|poke|p2|Whimsicott, L50, F|
|poke|p2|Floette-Eternal, L50, F|
|poke|p2|Basculegion, L50, M|
|poke|p2|Kingambit, L50, M, shiny|
|teampreview|4
|showteam|p1|Bellibolt||Leftovers|Electromorphosis|ParabolicCharge,AcidSpray,Soak,Protect|Modest||M|||50|]Raichu||RaichuniteY|LightningRod|ZapCannon,FocusBlast,FakeOut,Protect|Timid||F|||50|]Manectric||Manectite|LightningRod|VoltSwitch,Flamethrower,Snarl,Protect|Timid||F|||50|]Eelektross||LifeOrb|Levitate|SupercellSlam,DrainPunch,Bulldoze,Coil|Brave||M|||50|]Emolga||FocusSash|MotorDrive|Electroweb,AirSlash,Taunt,Protect|Timid||F|||50|]Heliolisk||ChoiceScarf|DrySkin|Thunderbolt,HyperVoice,DragonPulse,DarkPulse|Timid||F|||50|
|showteam|p2|Garchomp||LifeOrb|RoughSkin|Earthquake,RockSlide,DragonClaw,Protect|Jolly||M|||50|]Charizard||CharizarditeY|Blaze|HeatWave,WeatherBall,SolarBeam,Protect|Modest||F|||50|]Whimsicott||FocusSash|Prankster|Moonblast,Tailwind,Encore,Protect|Timid||F|||50|]Floette-Eternal||Floettite|FlowerVeil|Moonblast,DazzlingGleam,LightofRuin,Protect|Modest||F|||50|]Basculegion||MysticWater|Adaptability|WaveCrash,LastRespects,AquaJet,Protect|Adamant||M|||50|]Kingambit||ChopleBerry|Defiant|KowtowCleave,SuckerPunch,IronHead,LowKick|Adamant||M|||50|
|inactive|Battle timer is ON: inactive players will automatically lose when time's up. (requested by glofer)
|inactive|mayor of clowntown has 60 seconds left.
|
|t:|1785378738
|teamsize|p1|4
|teamsize|p2|4
|start
|switch|p1a: Raichu|Raichu, L50, F|100/100
|switch|p1b: Emolga|Emolga, L50, F|100/100
|switch|p2a: Whimsicott|Whimsicott, L50, F|100/100
|switch|p2b: Floette|Floette-Eternal, L50, F|100/100
|turn|1
|
|t:|1785378757
|detailschange|p1a: Raichu|Raichu-Mega-Y, L50, F
|-mega|p1a: Raichu|Raichu|Raichunite Y
|detailschange|p2b: Floette|Floette-Mega, L50, F
|-mega|p2b: Floette|Floette|Floettite
|-ability|p2b: Floette|Fairy Aura
|move|p2a: Whimsicott|Protect|p2a: Whimsicott
|-singleturn|p2a: Whimsicott|Protect
|move|p2b: Floette|Protect|p2b: Floette
|-singleturn|p2b: Floette|Protect
|move|p1a: Raichu|Fake Out|p2b: Floette
|-activate|p2b: Floette|move: Protect
|move|p1b: Emolga|Taunt|p2a: Whimsicott
|-activate|p2a: Whimsicott|move: Protect
|
|upkeep
|turn|2
|inactive|mayor of clowntown has 30 seconds left.
|
|t:|1785378787
|move|p1a: Raichu|Protect|p1a: Raichu
|-singleturn|p1a: Raichu|Protect
|move|p2a: Whimsicott|Tailwind|p2a: Whimsicott
|-sidestart|p2: mayor of clowntown|move: Tailwind
|move|p2b: Floette|Moonblast|p1a: Raichu
|-activate|p1a: Raichu|move: Protect
|move|p1b: Emolga|Taunt|p2a: Whimsicott
|-start|p2a: Whimsicott|move: Taunt
|
|upkeep
|turn|3
|
|t:|1785378808
|move|p2a: Whimsicott|Moonblast|p1b: Emolga
|-damage|p1b: Emolga|12/100
|move|p2b: Floette|Moonblast|p1a: Raichu
|-damage|p1a: Raichu|0 fnt
|faint|p1a: Raichu
|move|p1b: Emolga|Electroweb|p2a: Whimsicott|[spread] p2a,p2b
|-resisted|p2a: Whimsicott|1
|-damage|p2a: Whimsicott|89/100
|-damage|p2b: Floette|86/100
|-unboost|p2a: Whimsicott|spe|1
|-unboost|p2b: Floette|spe|1
|
|upkeep
|
|t:|1785378815
|switch|p1a: Bellibolt|Bellibolt, L50, M|100/100
|turn|4
|
|t:|1785378827
|move|p2a: Whimsicott|Moonblast|p1a: Bellibolt
|-damage|p1a: Bellibolt|56/100
|-start|p1a: Bellibolt|Charge|Moonblast|[from] ability: Electromorphosis
|move|p2b: Floette|Dazzling Gleam|p1a: Bellibolt|[spread] p1a,p1b
|-damage|p1a: Bellibolt|11/100
|-damage|p1b: Emolga|0 fnt
|-start|p1a: Bellibolt|Charge|Dazzling Gleam|[from] ability: Electromorphosis
|faint|p1b: Emolga
|move|p1a: Bellibolt|Acid Spray|p2a: Whimsicott
|-supereffective|p2a: Whimsicott|2
|-damage|p2a: Whimsicott|0 fnt
|faint|p2a: Whimsicott
|
|-heal|p1a: Bellibolt|17/100|[from] item: Leftovers
|upkeep
|inactive|mayor of clowntown has 30 seconds left.
|
|t:|1785378857
|switch|p2a: Garchomp|Garchomp, L50, M, shiny|100/100
|switch|p1b: Eelektross|Eelektross, L50, M|100/100
|turn|5
|inactive|mayor of clowntown has 30 seconds left.
|
|t:|1785378889
|move|p1a: Bellibolt|Protect|p1a: Bellibolt
|-singleturn|p1a: Bellibolt|Protect
|move|p2a: Garchomp|Dragon Claw|p1a: Bellibolt
|-activate|p1a: Bellibolt|move: Protect
|move|p2b: Floette|Light of Ruin|p1b: Eelektross
|-damage|p1b: Eelektross|0 fnt
|faint|p1b: Eelektross
|-damage|p2b: Floette|22/100|[from] Recoil
|
|-heal|p1a: Bellibolt|23/100|[from] item: Leftovers
|-sideend|p2: mayor of clowntown|move: Tailwind
|upkeep
|turn|6
|
|t:|1785378905
|move|p2a: Garchomp|Dragon Claw|p1a: Bellibolt
|-damage|p1a: Bellibolt|0 fnt
|faint|p1a: Bellibolt
|-damage|p2a: Garchomp|90/100|[from] item: Life Orb
|
|win|mayor of clowntown
||glofer is ready for game 2.
