|j|☆AquaShymon
|j|‽antopeizYZ
|html|AquaShymonantopeizYZ    
|uhtml|bestof|Game 2 of a best-of-3
|t:|1786143927
|gametype|doubles
|player|p1|AquaShymon|dawn|1016
|player|p2|antopeizYZ|hilda|1076
|gen|9
|tier|[Gen 9 Champions] VGC 2026 Reg M-B (Bo3)
|rated|
|rule|Species Clause: Limit one of each Pokémon
|rule|Item Clause: Limit 1 of each item
|clearpoke
|poke|p1|Scrafty, L50, F|
|poke|p1|Mawile, L50, M|
|poke|p1|Farigiraf, L50, M|
|poke|p1|Torkoal, L50, M|
|poke|p1|Sylveon, L50, F|
|poke|p1|Venusaur, L50, F|
|poke|p2|Hatterene, L50, F, shiny|
|poke|p2|Farigiraf, L50, F|
|poke|p2|Camerupt, L50, F|
|poke|p2|Grimmsnarl, L50, M, shiny|
|poke|p2|Primarina, L50, M, shiny|
|poke|p2|Swampert, L50, M|
|teampreview|4
|showteam|p1|Scrafty||Scraftinite|Intimidate|DrainPunch,KnockOff,FakeOut,Detect|Adamant||F|||50|]Mawile||Mawilite|HyperCutter|IronHead,PlayRough,SuckerPunch,SwordsDance|Brave||M|||50|]Farigiraf||ColburBerry|ArmorTail|Psychic,HelpingHand,TrickRoom,Protect|Bold||M|||50|]Torkoal||Charcoal|Drought|Eruption,WeatherBall,EarthPower,Protect|Modest||M|||50|]Sylveon||FairyFeather|Pixilate|HyperVoice,HyperBeam,QuickAttack,Detect|Modest||F|||50|]Venusaur||LifeOrb|Chlorophyll|SludgeBomb,EarthPower,SleepPowder,Protect|Modest||F|||50|
|showteam|p2|Hatterene||LifeOrb|MagicBounce|DazzlingGleam,TrickRoom,Psychic,Protect|Quiet||F|||50|]Farigiraf||SitrusBerry|ArmorTail|TrickRoom,TwinBeam,Protect,HelpingHand|Relaxed||F|||50|]Camerupt||Cameruptite|SolidRock|AncientPower,HeatWave,EarthPower,Protect|Quiet||F|||50|]Grimmsnarl||LightClay|Prankster|SpiritBreak,Reflect,LightScreen,PartingShot|Sassy||M|||50|]Primarina||Leftovers|LiquidVoice|HyperVoice,EnergyBall,CalmMind,Protect|Relaxed||M|||50|]Swampert||Swampertite|Damp|IcePunch,HighHorsepower,WaveCrash,Protect|Adamant||M|||50|
|inactive|Battle timer is ON: inactive players will automatically lose when time's up. (requested by antopeizYZ)
|inactive|antopeizYZ has 60 seconds left.
|inactive|AquaShymon also wants the timer to be on.
|inactive|antopeizYZ has 30 seconds left.
|inactive|antopeizYZ has 20 seconds left.
|inactive|antopeizYZ has 15 seconds left.
|inactive|antopeizYZ has 10 seconds left.
|inactive|antopeizYZ has 5 seconds left.
|
|t:|1786144017
|teamsize|p1|4
|teamsize|p2|4
|start
|switch|p1a: Mawile|Mawile, L50, M|100/100
|switch|p1b: Scrafty|Scrafty, L50, F|100/100
|switch|p2a: Hatterene|Hatterene, L50, F, shiny|100/100
|switch|p2b: Farigiraf|Farigiraf, L50, F|100/100
|-ability|p1b: Scrafty|Intimidate|boost
|-unboost|p2a: Hatterene|atk|1
|-unboost|p2b: Farigiraf|atk|1
|turn|1
|inactive|AquaShymon has 30 seconds left.
|
|t:|1786144048
|detailschange|p1a: Mawile|Mawile-Mega, L50, M
|-mega|p1a: Mawile|Mawile|Mawilite
|move|p1b: Scrafty|Knock Off|p2b: Farigiraf
|-supereffective|p2b: Farigiraf|1
|-damage|p2b: Farigiraf|28/100
|-enditem|p2b: Farigiraf|Sitrus Berry|[from] move: Knock Off|[of] p1b: Scrafty
|move|p1a: Mawile|Swords Dance|p1a: Mawile
|-boost|p1a: Mawile|atk|2
|move|p2a: Hatterene|Dazzling Gleam|p1a: Mawile|[spread] p1a,p1b
|-resisted|p1a: Mawile|1
|-supereffective|p1b: Scrafty|2
|-damage|p1a: Mawile|74/100
|-damage|p1b: Scrafty|0 fnt
|faint|p1b: Scrafty
|-damage|p2a: Hatterene|90/100|[from] item: Life Orb
|move|p2b: Farigiraf|Trick Room|p2b: Farigiraf
|-fieldstart|move: Trick Room|[of] p2b: Farigiraf
|
|upkeep
|
|t:|1786144067
|switch|p1b: Farigiraf|Farigiraf, L50, M|100/100
|turn|2
|
|t:|1786144081
|switch|p2b: Camerupt|Camerupt, L50, F|100/100
|move|p2a: Hatterene|Dazzling Gleam|p1a: Mawile|[spread] p1a,p1b
|-resisted|p1a: Mawile|1
|-damage|p1a: Mawile|50/100g
|-damage|p1b: Farigiraf|62/100
|-damage|p2a: Hatterene|80/100|[from] item: Life Orb
|move|p1a: Mawile|Iron Head|p2a: Hatterene
|-supereffective|p2a: Hatterene|1
|-crit|p2a: Hatterene
|-damage|p2a: Hatterene|0 fnt
|faint|p2a: Hatterene
|move|p1b: Farigiraf|Trick Room|p1b: Farigiraf
|-fieldend|move: Trick Room
|
|upkeep
|
|t:|1786144092
|switch|p2a: Grimmsnarl|Grimmsnarl, L50, M, shiny|100/100
|turn|3
|
|t:|1786144108
|detailschange|p2b: Camerupt|Camerupt-Mega, L50, F
|-mega|p2b: Camerupt|Camerupt|Cameruptite
|move|p2a: Grimmsnarl|Reflect|p2a: Grimmsnarl
|-sidestart|p2: antopeizYZ|Reflect
|move|p1a: Mawile|Sucker Punch|p2b: Camerupt
|-damage|p2b: Camerupt|36/100
|move|p1b: Farigiraf|Psychic|p2b: Camerupt
|-damage|p2b: Camerupt|1/100
|-unboost|p2b: Camerupt|spd|1
|move|p2b: Camerupt|Heat Wave|p1a: Mawile|[spread] p1a
|-miss|p2b: Camerupt|p1b: Farigiraf
|-supereffective|p1a: Mawile|1
|-damage|p1a: Mawile|0 fnt
|faint|p1a: Mawile
|
|upkeep
|
|t:|1786144120
|switch|p1a: Venusaur|Venusaur, L50, F|100/100
|turn|4
|
|t:|1786144133
|move|p2b: Camerupt|Protect|p2b: Camerupt
|-singleturn|p2b: Camerupt|Protect
|move|p2a: Grimmsnarl|Light Screen|p2a: Grimmsnarl
|-sidestart|p2: antopeizYZ|move: Light Screen
|move|p1a: Venusaur|Sludge Bomb|p2a: Grimmsnarl
|-supereffective|p2a: Grimmsnarl|1
|-damage|p2a: Grimmsnarl|38/100
|-status|p2a: Grimmsnarl|psn
|-damage|p1a: Venusaur|90/100|[from] item: Life Orb
|move|p1b: Farigiraf|Psychic|p2b: Camerupt
|-activate|p2b: Camerupt|move: Protect
|
|-damage|p2a: Grimmsnarl|25/100 psn|[from] psn
|upkeep
|turn|5
|
|t:|1786144156
|move|p2a: Grimmsnarl|Parting Shot||[still]
|cant|p1b: Farigiraf|ability: Armor Tail|Parting Shot|[of] p2a: Grimmsnarl
|move|p1a: Venusaur|Sludge Bomb|p2a: Grimmsnarl
|-supereffective|p2a: Grimmsnarl|1
|-damage|p2a: Grimmsnarl|0 fnt
|faint|p2a: Grimmsnarl
|-damage|p1a: Venusaur|80/100|[from] item: Life Orb
|move|p1b: Farigiraf|Psychic|p2b: Camerupt
|-damage|p2b: Camerupt|0 fnt
|faint|p2b: Camerupt
|
|upkeep
|-message|antopeizYZ forfeited.
|
|win|AquaShymon
|l|‽antopeizYZ
|player|p2|
||antopeizYZ is ready for game 3.
|inactive|AquaShymon has 30 seconds to confirm battle start!
||AquaShymon is ready for game 3.
|uhtml|next|Next: Game 3 of 3
