|j|☆Noa18348
|j|☆Bruno Bomba
|html|Noa18348Bruno Bomba    
|uhtml|bestof|Game 2 of a best-of-3
|t:|1757766763
|gametype|doubles
|player|p1|Noa18348|emmet|1082
|player|p2|Bruno Bomba|pokemaniac|1116
|gen|9
|tier|[Gen 9] VGC 2025 Reg H (Bo3)
|rated|
|rule|Species Clause: Limit one of each Pokémon
|rule|Item Clause: Limit 1 of each item
|clearpoke
|poke|p1|Primarina, L50, F|
|poke|p1|Incineroar, L50, F|
|poke|p1|Rillaboom, L50, F|
|poke|p1|Kingambit, L50, F|
|poke|p1|Kommo-o, L50, F|
|poke|p1|Skeledirge, L50, F|
|poke|p2|Charizard, L50, M|
|poke|p2|Ninetales, L50, M|
|poke|p2|Ursaluna-Bloodmoon, L50, M|
|poke|p2|Grimmsnarl, L50, M|
|poke|p2|Whimsicott, L50, F|
|poke|p2|Smeargle, L50, F|
|teampreview|4
|showteam|p1|Primarina||ThroatSpray|LiquidVoice|HyperVoice,Protect,Moonblast,Haze|||F|||50|,,,,,Poison]Incineroar||AssaultVest|Intimidate|FakeOut,Uturn,FlareBlitz,KnockOff|||F|||50|,,,,,Grass]Rillaboom||MiracleSeed|GrassySurge|FakeOut,GrassyGlide,Protect,HighHorsepower|||F|||50|,,,,,Grass]Kingambit||BlackGlasses|Defiant|SwordsDance,SuckerPunch,KowtowCleave,Protect|||F|||50|,,,,,Dark]Kommo-o||Leftovers|Overcoat|BodyPress,IronDefense,Protect,IronHead|||F|||50|,,,,,Steel]Skeledirge||SitrusBerry|Unaware|EarthPower,TorchSong,ShadowBall,SlackOff|||F|||50|,,,,,Grass
|showteam|p2|Charizard||Charcoal|SolarPower|HeatWave,WeatherBall,SolarBeam,Protect|||M|||50|,,,,,Grass]Ninetales||EjectPack|Drought|Overheat,WillOWisp,Encore,Snarl|||M|||50|,,,,,Grass]Ursaluna-Bloodmoon||LifeOrb|MindsEye|BloodMoon,HyperVoice,EarthPower,Protect|||M|||50|,,,,,Poison]Grimmsnarl||LightClay|Prankster|LightScreen,Reflect,ThroatChop,ThunderWave|||M|||50|,,,,,Ghost]Whimsicott||CovertCloak|Prankster|FakeTears,Moonblast,SunnyDay,Tailwind|||F|||50|,,,,,Dragon]Smeargle||FocusSash|Moody|FakeOut,FollowMe,WideGuard,Spore|||F|||50|,,,,,Ghost
|inactive|Battle timer is ON: inactive players will automatically lose when time's up. (requested by Noa18348)
|
|t:|1757766819
|teamsize|p1|4
|teamsize|p2|4
|start
|switch|p1a: He's Back|Incineroar, L50, F|100/100
|switch|p1b: Singer|Primarina, L50, F|100/100
|switch|p2a: Ursaluna|Ursaluna-Bloodmoon, L50, M|100/100
|switch|p2b: Smeargle|Smeargle, L50, F|100/100
|-ability|p1a: He's Back|Intimidate|boost
|-unboost|p2a: Ursaluna|atk|1
|-unboost|p2b: Smeargle|atk|1
|turn|1
|inactive|Bruno Bomba has 30 seconds left.
|inactive|Bruno Bomba has 20 seconds left.
|
|t:|1757766858
|move|p2b: Smeargle|Fake Out|p1a: He's Back
|-damage|p1a: He's Back|98/100
|move|p2a: Ursaluna|Blood Moon|p1b: Singer
|-damage|p1b: Singer|22/100
|-damage|p2a: Ursaluna|91/100|[from] item: Life Orb
|move|p1b: Singer|Hyper Voice|p2a: Ursaluna|[spread] p2a,p2b
|-supereffective|p2a: Ursaluna
|-damage|p2a: Ursaluna|11/100
|-damage|p2b: Smeargle|38/100
|-enditem|p1b: Singer|Throat Spray
|-boost|p1b: Singer|spa|1|[from] item: Throat Spray
|cant|p1a: He's Back|flinch
|
|-ability|p2b: Smeargle|Moody|boost
|-boost|p2b: Smeargle|spd|2
|-unboost|p2b: Smeargle|spa|1
|upkeep
|turn|2
|inactive|Noa18348 has 30 seconds left.
|inactive|Bruno Bomba has 30 seconds left.
|
|t:|1757766891
|move|p1b: Singer|Protect|p1b: Singer
|-singleturn|p1b: Singer|Protect
|move|p2b: Smeargle|Follow Me|p2b: Smeargle
|-singleturn|p2b: Smeargle|move: Follow Me
|move|p2a: Ursaluna|Hyper Voice|p1a: He's Back|[spread] p1a
|-activate|p1b: Singer|move: Protect
|-damage|p1a: He's Back|74/100
|-damage|p2a: Ursaluna|1/100|[from] item: Life Orb
|move|p1a: He's Back|U-turn|p2b: Smeargle
|-damage|p2b: Smeargle|0 fnt
|faint|p2b: Smeargle
|
|t:|1757766905
|switch|p1a: Monke|Rillaboom, L50, F|100/100|[from] U-turn
|-fieldstart|move: Grassy Terrain|[from] ability: Grassy Surge|[of] p1a: Monke
|
|-heal|p2a: Ursaluna|7/100|[from] Grassy Terrain
|-heal|p1b: Singer|28/100|[from] Grassy Terrain
|upkeep
|
|t:|1757766923
|switch|p2b: Whimsicott|Whimsicott, L50, F|100/100
|turn|3
|inactive|Bruno Bomba has 30 seconds left.
|inactive|Bruno Bomba has 20 seconds left.
|inactive|Bruno Bomba has 15 seconds left.
|
|t:|1757766964
|move|p2a: Ursaluna|Protect|p2a: Ursaluna
|-singleturn|p2a: Ursaluna|Protect
|move|p2b: Whimsicott|Sunny Day|p2b: Whimsicott
|-weather|SunnyDay
|move|p1a: Monke|Grassy Glide|p2a: Ursaluna
|-activate|p2a: Ursaluna|move: Protect
|move|p1b: Singer|Moonblast|p2b: Whimsicott
|-damage|p2b: Whimsicott|21/100
|
|-weather|SunnyDay|[upkeep]
|-heal|p2b: Whimsicott|27/100|[from] Grassy Terrain
|-heal|p2a: Ursaluna|13/100|[from] Grassy Terrain
|-heal|p1b: Singer|34/100|[from] Grassy Terrain
|upkeep
|turn|4
|inactive|Bruno Bomba has 30 seconds left.
|inactive|Bruno Bomba has 20 seconds left.
|inactive|Bruno Bomba has 15 seconds left.
|inactive|Bruno Bomba has 10 seconds left.
|inactive|Bruno Bomba has 5 seconds left.
|
|t:|1757767014
|switch|p2a: Charizard|Charizard, L50, M|100/100
|move|p1a: Monke|Grassy Glide|p2a: Charizard
|-resisted|p2a: Charizard
|-damage|p2a: Charizard|85/100
|move|p2b: Whimsicott|Moonblast|p1b: Singer
|-damage|p1b: Singer|9/100
|move|p1b: Singer|Moonblast|p2b: Whimsicott
|-damage|p2b: Whimsicott|0 fnt
|faint|p2b: Whimsicott
|
|-weather|SunnyDay|[upkeep]
|-damage|p2a: Charizard|73/100|[from] ability: Solar Power|[of] p2a: Charizard
|-heal|p1b: Singer|15/100|[from] Grassy Terrain
|upkeep
|
|t:|1757767024
|switch|p2b: Ursaluna|Ursaluna-Bloodmoon, L50, M|13/100
|turn|5
|
|t:|1757767046
|-terastallize|p2a: Charizard|Grass
|move|p1a: Monke|Protect|p1a: Monke
|-singleturn|p1a: Monke|Protect
|move|p2b: Ursaluna|Protect|p2b: Ursaluna
|-singleturn|p2b: Ursaluna|Protect
|move|p1b: Singer|Protect|p1b: Singer
|-singleturn|p1b: Singer|Protect
|move|p2a: Charizard|Weather Ball|p1a: Monke
|-activate|p1a: Monke|move: Protect
|
|-weather|SunnyDay|[upkeep]
|-damage|p2a: Charizard|61/100|[from] ability: Solar Power|[of] p2a: Charizard
|-heal|p2a: Charizard|67/100|[from] Grassy Terrain
|-heal|p2b: Ursaluna|18/100|[from] Grassy Terrain
|-heal|p1b: Singer|21/100|[from] Grassy Terrain
|upkeep
|turn|6
|inactive|Bruno Bomba has 30 seconds left.
|
|t:|1757767071
|move|p2b: Ursaluna|Protect||[still]
|-fail|p2b: Ursaluna
|move|p1a: Monke|Grassy Glide|p2b: Ursaluna
|-supereffective|p2b: Ursaluna
|-damage|p2b: Ursaluna|0 fnt
|faint|p2b: Ursaluna
|move|p2a: Charizard|Heat Wave|p1b: Singer|[spread] p1b
|-miss|p2a: Charizard|p1a: Monke
|-resisted|p1b: Singer
|-damage|p1b: Singer|0 fnt
|faint|p1b: Singer
|
|-weather|SunnyDay|[upkeep]
|-damage|p2a: Charizard|55/100|[from] ability: Solar Power|[of] p2a: Charizard
|-heal|p2a: Charizard|60/100|[from] Grassy Terrain
|-fieldend|move: Grassy Terrain
|upkeep
|
|t:|1757767085
|switch|p1b: He's Back|Incineroar, L50, F|74/100
|-ability|p1b: He's Back|Intimidate|boost
|-unboost|p2a: Charizard|atk|1
|turn|7
|
|t:|1757767100
|move|p2a: Charizard|Protect|p2a: Charizard
|-singleturn|p2a: Charizard|Protect
|move|p1a: Monke|Grassy Glide|p2a: Charizard
|-activate|p2a: Charizard|move: Protect
|move|p1b: He's Back|Flare Blitz|p2a: Charizard
|-activate|p2a: Charizard|move: Protect
|
|-weather|none
|upkeep
|turn|8
|inactive|Noa18348 has 30 seconds left.
|
|t:|1757767129
|move|p2a: Charizard|Heat Wave|p1a: Monke|[spread] p1a
|-miss|p2a: Charizard|p1b: He's Back
|-supereffective|p1a: Monke
|-damage|p1a: Monke|22/100
|move|p1a: Monke|Grassy Glide|p2a: Charizard
|-resisted|p2a: Charizard
|-damage|p2a: Charizard|36/100
|move|p1b: He's Back|Flare Blitz|p2a: Charizard
|-supereffective|p2a: Charizard
|-damage|p2a: Charizard|0 fnt
|faint|p2a: Charizard
|-damage|p1b: He's Back|64/100|[from] Recoil
|
|win|Noa18348
|inactive|Noa18348 has 30 seconds to confirm battle start!
|inactive|Bruno Bomba has 30 seconds to confirm battle start!
||Noa18348 is ready for game 3.
||Bruno Bomba is ready for game 3.
|uhtml|next|Next: Game 3 of 3
