|j|☆Aeon_Twins
|j|☆vinicio499
|html|Aeon_Twinsvinicio499    
|uhtml|bestof|Game 3 of a best-of-3
|t:|1782511007
|gametype|doubles
|player|p1|Aeon_Twins|n|1275
|player|p2|vinicio499|miku-ghost|1338
|gen|9
|tier|[Gen 9 Champions] VGC 2026 Reg M-B (Bo3)
|rated|
|rule|Species Clause: Limit one of each Pokémon
|rule|Item Clause: Limit 1 of each item
|clearpoke
|poke|p1|Staraptor, L50, M|
|poke|p1|Sinistcha, L50|
|poke|p1|Mawile, L50, M|
|poke|p1|Torkoal, L50, M|
|poke|p1|Farigiraf, L50, M|
|poke|p1|Pyroar, L50, F|
|poke|p2|Farigiraf, L50, M, shiny|
|poke|p2|Scrafty, L50, M, shiny|
|poke|p2|Mawile, L50, F, shiny|
|poke|p2|Incineroar, L50, M|
|poke|p2|Hatterene, L50, F|
|poke|p2|Clawitzer, L50, M|
|teampreview|4
|showteam|p1|Staraptor||ChoiceScarf|Intimidate|FinalGambit,CloseCombat,BraveBird,Uturn|Jolly||M|||50|]Sinistcha||SitrusBerry|Hospitality|MatchaGotcha,ShadowBall,RagePowder,TrickRoom|Modest|||||50|]Mawile||Mawilite|Intimidate|IronHead,PlayRough,SuckerPunch,Protect|Brave||M|||50|]Torkoal||Charcoal|Drought|Eruption,HeatWave,EarthPower,Protect|Quiet||M|||50|]Farigiraf||ColburBerry|ArmorTail|Psychic,Thunderbolt,TrickRoom,HelpingHand|Sassy||M|||50|]Pyroar||Pyroarite|Rivalry|Overheat,HyperVoice,HeatWave,Protect|Timid||F|||50|
|showteam|p2|Farigiraf||ColburBerry|ArmorTail|TrickRoom,Psychic,Protect,HelpingHand|Modest||M|||50|]Scrafty||Scraftinite|Intimidate|FakeOut,CloseCombat,KnockOff,IronHead|Brave||M|||50|]Mawile||Mawilite|HyperCutter|SwordsDance,PlayRough,Protect,SuckerPunch|Brave||F|||50|]Incineroar||Charcoal|Intimidate|ThroatChop,FlareBlitz,FakeOut,PartingShot|Adamant||M|||50|]Hatterene||FocusSash|MagicBounce|TrickRoom,DazzlingGleam,Protect,MagicPowder|Quiet||F|||50|]Clawitzer||LifeOrb|MegaLauncher|DragonPulse,DarkPulse,AuraSphere,Protect|Modest||M|||50|
|inactive|Battle timer is ON: inactive players will automatically lose when time's up. (requested by vinicio499)
|inactive|Aeon_Twins has 60 seconds left.
|inactive|Aeon_Twins has 30 seconds left.
|inactive|Aeon_Twins has 20 seconds left.
|inactive|Aeon_Twins has 15 seconds left.
|inactive|Aeon_Twins has 10 seconds left.
|inactive|Aeon_Twins has 5 seconds left.
|
|t:|1782511094
|teamsize|p1|4
|teamsize|p2|4
|start
|switch|p1a: Staraptor|Staraptor, L50, M|100/100
|switch|p1b: Pyroar|Pyroar, L50, F|100/100
|switch|p2a: Clawitzer|Clawitzer, L50, M|100/100
|switch|p2b: Incineroar|Incineroar, L50, M|100/100
|-ability|p1a: Staraptor|Intimidate|boost
|-unboost|p2a: Clawitzer|atk|1
|-unboost|p2b: Incineroar|atk|1
|-ability|p2b: Incineroar|Intimidate|boost
|-unboost|p1a: Staraptor|atk|1
|-unboost|p1b: Pyroar|atk|1
|turn|1
|
|t:|1782511102
|switch|p1b: Farigiraf|Farigiraf, L50, M|100/100
|move|p2a: Clawitzer|Protect|p2a: Clawitzer
|-singleturn|p2a: Clawitzer|Protect
|move|p1a: Staraptor|Final Gambit|p2a: Clawitzer
|-activate|p2a: Clawitzer|move: Protect
|move|p2b: Incineroar|Throat Chop|p1b: Farigiraf
|-supereffective|p1b: Farigiraf|1
|-enditem|p1b: Farigiraf|Colbur Berry|[eat]
|-enditem|p1b: Farigiraf|Colbur Berry|[weaken]
|-damage|p1b: Farigiraf|74/100
|-start|p1b: Farigiraf|Throat Chop|[silent]
|
|upkeep
|turn|2
|
|t:|1782511116
|move|p1a: Staraptor|Final Gambit|p2b: Incineroar
|-damage|p2b: Incineroar|0 fnt
|faint|p1a: Staraptor
|faint|p2b: Incineroar
|move|p2a: Clawitzer|Dark Pulse|p1b: Farigiraf
|-supereffective|p1b: Farigiraf|1
|-damage|p1b: Farigiraf|0 fnt
|faint|p1b: Farigiraf
|-damage|p2a: Clawitzer|90/100|[from] item: Life Orb
|
|upkeep
|
|t:|1782511121
|switch|p1a: Pyroar|Pyroar, L50, F|100/100
|switch|p2b: Scrafty|Scrafty, L50, M, shiny|100/100
|switch|p1b: Torkoal|Torkoal, L50, M|100/100
|-ability|p2b: Scrafty|Intimidate|boost
|-unboost|p1a: Pyroar|atk|1
|-unboost|p1b: Torkoal|atk|1
|-weather|SunnyDay|[from] ability: Drought|[of] p1b: Torkoal
|turn|3
|
|t:|1782511131
|detailschange|p2b: Scrafty|Scrafty-Mega, L50, M, shiny
|-mega|p2b: Scrafty|Scrafty|Scraftinite
|-ability|p2b: Scrafty|Intimidate|boost
|-unboost|p1a: Pyroar|atk|1
|-unboost|p1b: Torkoal|atk|1
|move|p1a: Pyroar|Protect|p1a: Pyroar
|-singleturn|p1a: Pyroar|Protect
|move|p2b: Scrafty|Fake Out|p1b: Torkoal
|-damage|p1b: Torkoal|87/100
|move|p2a: Clawitzer|Aura Sphere|p1a: Pyroar
|-activate|p1a: Pyroar|move: Protect
|cant|p1b: Torkoal|flinch
|
|-weather|SunnyDay|[upkeep]
|upkeep
|turn|4
|inactive|Aeon_Twins has 30 seconds left.
|
|t:|1782511158
|detailschange|p1a: Pyroar|Pyroar-Mega, L50, F
|-mega|p1a: Pyroar|Pyroar|Pyroarite
|move|p1a: Pyroar|Overheat|p2a: Clawitzer
|-resisted|p2a: Clawitzer|1
|-damage|p2a: Clawitzer|5/100
|-unboost|p1a: Pyroar|spa|2
|move|p2a: Clawitzer|Aura Sphere|p1a: Pyroar
|-supereffective|p1a: Pyroar|1
|-damage|p1a: Pyroar|0 fnt
|faint|p1a: Pyroar
|-damage|p2a: Clawitzer|0 fnt|[from] item: Life Orb
|faint|p2a: Clawitzer
|move|p2b: Scrafty|Knock Off|p1b: Torkoal
|-damage|p1b: Torkoal|44/100
|-enditem|p1b: Torkoal|Charcoal|[from] move: Knock Off|[of] p2b: Scrafty
|move|p1b: Torkoal|Eruption|p2b: Scrafty
|-damage|p2b: Scrafty|66/100
|
|-weather|SunnyDay|[upkeep]
|upkeep
|
|t:|1782511172
|switch|p2a: Hatterene|Hatterene, L50, F|100/100
|turn|5
|-message|Aeon_Twins forfeited.
|
|win|vinicio499
|raw|Aeon_Twins's rating: 1275 → 1254(-21 for losing)
|raw|vinicio499's rating: 1338 → 1354(+16 for winning)
