|j|☆ttsui234
|j|☆dapmagikarp
|html|ttsui234dapmagikarp    
|uhtml|bestof|Game 3 of a best-of-3
|t:|1785257678
|gametype|doubles
|player|p1|ttsui234|266|1226
|player|p2|dapmagikarp|sada-ai|1354
|gen|9
|tier|[Gen 9 Champions] VGC 2026 Reg M-B (Bo3)
|rated|
|rule|Species Clause: Limit one of each Pokémon
|rule|Item Clause: Limit 1 of each item
|clearpoke
|poke|p1|Staraptor, L50, M|
|poke|p1|Garchomp, L50, F|
|poke|p1|Whimsicott, L50, F|
|poke|p1|Delphox, L50, F, shiny|
|poke|p1|Glimmora, L50, F|
|poke|p1|Kingambit, L50, F, shiny|
|poke|p2|Whimsicott, L50, M, shiny|
|poke|p2|Glimmora, L50, F|
|poke|p2|Staraptor, L50, F|
|poke|p2|Garchomp, L50, M, shiny|
|poke|p2|Kingambit, L50, M|
|poke|p2|Delphox, L50, F|
|teampreview|4
|showteam|p1|Staraptor||Staraptite|Intimidate|Protect,Roost,CloseCombat,BraveBird|Jolly||M|||50|]Garchomp||LifeOrb|RoughSkin|Protect,RockSlide,Earthquake,DragonClaw|Jolly||F|||50|]Whimsicott||OccaBerry|Prankster|Moonblast,Tailwind,Charm,LightScreen|Timid||F|||50|]Delphox||Delphoxite|Blaze|HeatWave,Psychic,Substitute,Protect|Modest||F|||50|]Glimmora||FocusSash|ToxicDebris|SpikyShield,EarthPower,PowerGem,SludgeBomb|Timid||F|||50|]Kingambit||ChopleBerry|Defiant|KowtowCleave,IronHead,SuckerPunch,LowKick|Adamant||F|||50|
|showteam|p2|Whimsicott||OccaBerry|Prankster|Moonblast,Tailwind,Charm,LightScreen|Timid||M|||50|]Glimmora||FocusSash|ToxicDebris|PowerGem,SludgeBomb,EarthPower,SpikyShield|Modest||F|||50|]Staraptor||Staraptite|Intimidate|CloseCombat,BraveBird,Roost,Protect|Jolly||F|||50|]Garchomp||LifeOrb|RoughSkin|DragonClaw,Earthquake,RockSlide,Protect|Jolly||M|||50|]Kingambit||ChopleBerry|Defiant|KowtowCleave,SuckerPunch,LowKick,IronHead|Adamant||M|||50|]Delphox||Delphoxite|Blaze|HeatWave,Psychic,Encore,Protect|Timid||F|||50|
|inactive|Battle timer is ON: inactive players will automatically lose when time's up. (requested by dapmagikarp)
|j| HinaSuguta
|inactive|ttsui234 has 60 seconds left.
|inactive|ttsui234 has 30 seconds left.
|
|t:|1785257746
|teamsize|p1|4
|teamsize|p2|4
|start
|switch|p1a: Whimsicott|Whimsicott, L50, F|100/100
|switch|p1b: Glimmora|Glimmora, L50, F|100/100
|switch|p2a: Whimsicott|Whimsicott, L50, M, shiny|100/100
|switch|p2b: Glimmora|Glimmora, L50, F|100/100
|turn|1
|inactive|ttsui234 has 30 seconds left.
|inactive|dapmagikarp has 30 seconds left.
|
|t:|1785257774
|move|p2a: Whimsicott|Light Screen|p2a: Whimsicott
|-sidestart|p2: dapmagikarp|move: Light Screen
|move|p1a: Whimsicott|Tailwind|p1a: Whimsicott
|-sidestart|p1: ttsui234|move: Tailwind
|move|p1b: Glimmora|Earth Power|p2b: Glimmora
|-supereffective|p2b: Glimmora|2
|-enditem|p2b: Glimmora|Focus Sash
|-damage|p2b: Glimmora|1/100
|move|p2b: Glimmora|Sludge Bomb|p1a: Whimsicott
|-supereffective|p1a: Whimsicott|2
|-damage|p1a: Whimsicott|0 fnt
|faint|p1a: Whimsicott
|
|upkeep
|
|t:|1785257792
|switch|p1a: Delphox|Delphox, L50, F, shiny|100/100
|turn|2
|
|t:|1785257814
|detailschange|p1a: Delphox|Delphox-Mega, L50, F, shiny
|-mega|p1a: Delphox|Delphox|Delphoxite
|move|p2a: Whimsicott|Tailwind|p2a: Whimsicott
|-sidestart|p2: dapmagikarp|move: Tailwind
|move|p1a: Delphox|Heat Wave|p2b: Glimmora|[spread] p2b
|-miss|p1a: Delphox|p2a: Whimsicott
|-resisted|p2b: Glimmora|1
|-damage|p2b: Glimmora|0 fnt
|faint|p2b: Glimmora
|move|p1b: Glimmora|Power Gem|p2a: Whimsicott
|-damage|p2a: Whimsicott|60/100
|
|upkeep
|
|t:|1785257826
|switch|p2b: Garchomp|Garchomp, L50, M, shiny|100/100
|turn|3
|inactive|ttsui234 has 30 seconds left.
|inactive|ttsui234 has 20 seconds left.
|
|t:|1785257865
|move|p2a: Whimsicott|Moonblast|p1a: Delphox
|-resisted|p1a: Delphox|1
|-damage|p1a: Delphox|88/100
|move|p1a: Delphox|Heat Wave|p2b: Garchomp|[spread] p2a,p2b
|-supereffective|p2a: Whimsicott|1
|-enditem|p2a: Whimsicott|Occa Berry|[eat]
|-enditem|p2a: Whimsicott|Occa Berry|[weaken]
|-resisted|p2b: Garchomp|1
|-damage|p2a: Whimsicott|19/100
|-damage|p2b: Garchomp|84/100
|move|p2b: Garchomp|Rock Slide|p1a: Delphox|[spread] p1b
|-miss|p2b: Garchomp|p1a: Delphox
|-damage|p1b: Glimmora|71/100
|-activate|p1b: Glimmora|ability: Toxic Debris
|-sidestart|p2: dapmagikarp|move: Toxic Spikes
|-damage|p2b: Garchomp|74/100|[from] item: Life Orb
|move|p1b: Glimmora|Earth Power|p2b: Garchomp
|-damage|p2b: Garchomp|52/100
|
|upkeep
|turn|4
|inactive|ttsui234 has 30 seconds left.
|inactive|ttsui234 has 20 seconds left.
|inactive|ttsui234 has 15 seconds left.
|inactive|ttsui234 has 10 seconds left.
|
|t:|1785257910
|move|p2a: Whimsicott|Moonblast|p1b: Glimmora
|-resisted|p1b: Glimmora|1
|-damage|p1b: Glimmora|54/100
|move|p1a: Delphox|Substitute|p1a: Delphox
|-start|p1a: Delphox|Substitute
|-damage|p1a: Delphox|63/100
|move|p2b: Garchomp|Rock Slide|p1a: Delphox|[spread] p1a,p1b
|-supereffective|p1a: Delphox|1
|-end|p1a: Delphox|Substitute
|-damage|p1b: Glimmora|23/100
|-activate|p1b: Glimmora|ability: Toxic Debris
|-sidestart|p2: dapmagikarp|move: Toxic Spikes
|-damage|p2b: Garchomp|43/100|[from] item: Life Orb
|move|p1b: Glimmora|Sludge Bomb|p2a: Whimsicott
|-supereffective|p2a: Whimsicott|2
|-damage|p2a: Whimsicott|0 fnt
|faint|p2a: Whimsicott
|
|-sideend|p1: ttsui234|move: Tailwind
|upkeep
|
|t:|1785257924
|switch|p2a: Delphox|Delphox, L50, F|100/100
|-status|p2a: Delphox|tox
|turn|5
|
|t:|1785257946
|detailschange|p2a: Delphox|Delphox-Mega, L50, F
|-mega|p2a: Delphox|Delphox|Delphoxite
|move|p1a: Delphox|Protect|p1a: Delphox
|-singleturn|p1a: Delphox|Protect
|move|p1b: Glimmora|Spiky Shield|p1b: Glimmora
|-singleturn|p1b: Glimmora|move: Protect
|move|p2a: Delphox|Encore|p1a: Delphox
|-activate|p1a: Delphox|move: Protect
|move|p2b: Garchomp|Rock Slide|p1b: Glimmora|[spread] 
|-activate|p1a: Delphox|move: Protect
|-activate|p1b: Glimmora|move: Protect
|
|-damage|p2a: Delphox|94/100 tox|[from] psn
|-sideend|p2: dapmagikarp|move: Light Screen
|-sideend|p2: dapmagikarp|move: Tailwind
|upkeep
|turn|6
|inactive|ttsui234 has 30 seconds left.
|
|t:|1785257979
|switch|p1a: Garchomp|Garchomp, L50, F|100/100
|move|p2a: Delphox|Encore||[still]
|-fail|p2a: Delphox
|move|p2b: Garchomp|Rock Slide|p1a: Garchomp|[spread] p1a,p1b
|-resisted|p1a: Garchomp|1
|-damage|p1a: Garchomp|86/100
|-damage|p1b: Glimmora|0 fnt
|faint|p1b: Glimmora
|-damage|p2b: Garchomp|33/100|[from] item: Life Orb
|
|-damage|p2a: Delphox|82/100 tox|[from] psn
|upkeep
|
|t:|1785257993
|switch|p1b: Delphox|Delphox-Mega, L50, F, shiny|63/100
|turn|7
|
|t:|1785258004
|move|p2a: Delphox|Heat Wave|p1a: Garchomp|[spread] p1a,p1b
|-resisted|p1a: Garchomp|1
|-resisted|p1b: Delphox|1
|-crit|p1b: Delphox
|-damage|p1a: Garchomp|65/100
|-damage|p1b: Delphox|39/100
|move|p1b: Delphox|Psychic|p2b: Garchomp
|-damage|p2b: Garchomp|0 fnt
|faint|p2b: Garchomp
|move|p1a: Garchomp|Rock Slide|p2a: Delphox
|-supereffective|p2a: Delphox|1
|-damage|p2a: Delphox|0 fnt
|faint|p2a: Delphox
|-damage|p1a: Garchomp|55/100|[from] item: Life Orb
|
|win|ttsui234
|raw|ttsui234's rating: 1226 → 1260(+34 for winning)
|raw|dapmagikarp's rating: 1354 → 1327(-27 for losing)
|l|☆dapmagikarp
|player|p2|
