|j|☆efwefwefwefweifier
|j|☆BenjiRNG
|html|efwefwefwefweifierBenjiRNG    
|uhtml|bestof|Game 2 of a best-of-3
|t:|1784173994
|gametype|doubles
|player|p1|efwefwefwefweifier|clown|1212
|player|p2|BenjiRNG|juan|1288
|gen|9
|tier|[Gen 9 Champions] VGC 2026 Reg M-B (Bo3)
|rated|
|rule|Species Clause: Limit one of each Pokémon
|rule|Item Clause: Limit 1 of each item
|clearpoke
|poke|p1|Armarouge, L50, F|
|poke|p1|Sinistcha, L50|
|poke|p1|Floette-Eternal, L50, F|
|poke|p1|Incineroar, L50, M, shiny|
|poke|p1|Sneasler, L50, M|
|poke|p1|Hydreigon, L50, M|
|poke|p2|Blastoise, L50, F|
|poke|p2|Vivillon, L50, F|
|poke|p2|Typhlosion-Hisui, L50, F|
|poke|p2|Farigiraf, L50, F|
|poke|p2|Sneasler, L50, F|
|poke|p2|Mawile, L50, M|
|teampreview|4
|showteam|p1|Armarouge||ColburBerry|FlashFire|HeatWave,Psychic,CalmMind,Protect|Modest||F|||50|]Sinistcha||KasibBerry|Hospitality|MatchaGotcha,RagePowder,LifeDew,TrickRoom|Calm|||||50|]Floette-Eternal||Floettite|FlowerVeil|DazzlingGleam,DrainingKiss,CalmMind,Protect|Modest||F|||50|]Incineroar||SitrusBerry|Intimidate|FlareBlitz,DarkestLariat,FakeOut,PartingShot|Impish||M|||50|]Sneasler||FocusSash|PoisonTouch|CloseCombat,PoisonJab,FakeOut,QuickGuard|Jolly||M|||50|]Hydreigon||ChoiceScarf|Levitate|DracoMeteor,DarkPulse,Snarl,EarthPower|Modest||M|||50|
|showteam|p2|Blastoise||Blastoisinite|RainDish|WaterSpout,DarkPulse,ShellSmash,Protect|Modest||F|||50|]Vivillon||FocusSash|CompoundEyes|Hurricane,SleepPowder,RagePowder,Protect|Timid||F|||50|]Typhlosion-Hisui||ChoiceScarf|Blaze|Eruption,ShadowBall,HeatWave,WillOWisp|Modest||F|||50|]Farigiraf||SitrusBerry|ArmorTail|TwinBeam,Thunderbolt,HelpingHand,TrickRoom|Bold||F|||50|]Sneasler||WhiteHerb|Unburden|FakeOut,CloseCombat,Feint,DireClaw|Adamant||F|||50|]Mawile||Mawilite|HyperCutter|PlayRough,SuckerPunch,SwordsDance,Protect|Adamant||M|||50|
|inactive|Battle timer is ON: inactive players will automatically lose when time's up. (requested by efwefwefwefweifier)
|
|t:|1784174022
|teamsize|p1|4
|teamsize|p2|4
|start
|switch|p1a: Merry Berry|Incineroar, L50, M, shiny|100/100
|switch|p1b: Bartholomews|Hydreigon, L50, M|100/100
|switch|p2a: Blastoise|Blastoise, L50, F|100/100
|switch|p2b: Farigiraf|Farigiraf, L50, F|100/100
|-ability|p1a: Merry Berry|Intimidate|boost
|-unboost|p2a: Blastoise|atk|1
|-unboost|p2b: Farigiraf|atk|1
|turn|1
|inactive|efwefwefwefweifier has 30 seconds left.
|
|t:|1784174052
|detailschange|p2a: Blastoise|Blastoise-Mega, L50, F
|-mega|p2a: Blastoise|Blastoise|Blastoisinite
|move|p2b: Farigiraf|Helping Hand|p2a: Blastoise
|-singleturn|p2a: Blastoise|Helping Hand|[of] p2b: Farigiraf
|move|p1b: Bartholomews|Snarl|p2a: Blastoise|[spread] p2a,p2b
|-supereffective|p2b: Farigiraf|1
|-damage|p2a: Blastoise|80/100
|-damage|p2b: Farigiraf|59/100
|-unboost|p2a: Blastoise|spa|1
|-unboost|p2b: Farigiraf|spa|1
|move|p2a: Blastoise|Water Spout|p1a: Merry Berry|[spread] p1a,p1b
|-supereffective|p1a: Merry Berry|1
|-resisted|p1b: Bartholomews|1
|-damage|p1a: Merry Berry|1/100
|-damage|p1b: Bartholomews|69/100
|-enditem|p1a: Merry Berry|Sitrus Berry|[eat]
|-heal|p1a: Merry Berry|25/100|[from] item: Sitrus Berry
|move|p1a: Merry Berry|Parting Shot|p2a: Blastoise
|-unboost|p2a: Blastoise|atk|1
|-unboost|p2a: Blastoise|spa|1
|
|t:|1784174075
|switch|p1a: Pasta Blasta|Armarouge, L50, F|100/100|[from] Parting Shot
|
|upkeep
|turn|2
|inactive|BenjiRNG has 30 seconds left.
|
|t:|1784174103
|switch|p2a: Sneasler|Sneasler, L50, F|100/100
|move|p1b: Bartholomews|Snarl|p2b: Farigiraf|[spread] p2b
|-miss|p1b: Bartholomews|p2a: Sneasler
|-supereffective|p2b: Farigiraf|1
|-damage|p2b: Farigiraf|16/100
|-unboost|p2b: Farigiraf|spa|1
|-enditem|p2b: Farigiraf|Sitrus Berry|[eat]
|-heal|p2b: Farigiraf|40/100|[from] item: Sitrus Berry
|move|p1a: Pasta Blasta|Calm Mind|p1a: Pasta Blasta
|-boost|p1a: Pasta Blasta|spa|1
|-boost|p1a: Pasta Blasta|spd|1
|move|p2b: Farigiraf|Thunderbolt|p1a: Pasta Blasta
|-damage|p1a: Pasta Blasta|91/100
|
|upkeep
|turn|3
|inactive|efwefwefwefweifier has 30 seconds left.
|inactive|BenjiRNG has 30 seconds left.
|
|t:|1784174137
|switch|p1b: Poison Foison|Sneasler, L50, M|100/100
|move|p2a: Sneasler|Close Combat|p1b: Poison Foison
|-resisted|p1b: Poison Foison|1
|-damage|p1b: Poison Foison|44/100
|-unboost|p2a: Sneasler|def|1
|-unboost|p2a: Sneasler|spd|1
|-enditem|p2a: Sneasler|White Herb
|-clearnegativeboost|p2a: Sneasler|[silent]
|move|p1a: Pasta Blasta|Psychic|p2a: Sneasler
|-supereffective|p2a: Sneasler|2
|-damage|p2a: Sneasler|0 fnt
|faint|p2a: Sneasler
|move|p2b: Farigiraf|Thunderbolt|p1a: Pasta Blasta
|-damage|p1a: Pasta Blasta|82/100
|
|upkeep
|inactive|BenjiRNG has 30 seconds left.
|inactive|BenjiRNG has 20 seconds left.
|
|t:|1784174172
|switch|p2a: Blastoise|Blastoise-Mega, L50, F|80/100
|turn|4
|
|t:|1784174187
|move|p2b: Farigiraf|Helping Hand|p2a: Blastoise
|-singleturn|p2a: Blastoise|Helping Hand|[of] p2b: Farigiraf
|move|p1b: Poison Foison|Close Combat|p2a: Blastoise
|-damage|p2a: Blastoise|23/100
|-unboost|p1b: Poison Foison|def|1
|-unboost|p1b: Poison Foison|spd|1
|move|p2a: Blastoise|Dark Pulse|p1a: Pasta Blasta
|-supereffective|p1a: Pasta Blasta|1
|-enditem|p1a: Pasta Blasta|Colbur Berry|[eat]
|-enditem|p1a: Pasta Blasta|Colbur Berry|[weaken]
|-damage|p1a: Pasta Blasta|26/100
|move|p1a: Pasta Blasta|Heat Wave|p2a: Blastoise|[spread] p2a
|-miss|p1a: Pasta Blasta|p2b: Farigiraf
|-resisted|p2a: Blastoise|1
|-damage|p2a: Blastoise|0 fnt
|faint|p2a: Blastoise
|
|upkeep
|
|t:|1784174200
|switch|p2a: Vivillon|Vivillon, L50, F|100/100
|turn|5
|
|t:|1784174219
|move|p1b: Poison Foison|Close Combat|p2b: Farigiraf
|-damage|p2b: Farigiraf|0 fnt
|-unboost|p1b: Poison Foison|def|1
|-unboost|p1b: Poison Foison|spd|1
|faint|p2b: Farigiraf
|move|p2a: Vivillon|Sleep Powder|p1a: Pasta Blasta
|-status|p1a: Pasta Blasta|slp|[from] move: Sleep Powder
|cant|p1a: Pasta Blasta|slp
|
|upkeep
|turn|6
|
|t:|1784174233
|move|p1b: Poison Foison|Poison Jab|p2a: Vivillon
|-damage|p2a: Vivillon|23/100
|-status|p2a: Vivillon|psn|[from] ability: Poison Touch|[of] p1b: Poison Foison
|move|p2a: Vivillon|Hurricane|p1b: Poison Foison
|-supereffective|p1b: Poison Foison|1
|-damage|p1b: Poison Foison|0 fnt
|faint|p1b: Poison Foison
|-curestatus|p1a: Pasta Blasta|slp|[msg]
|move|p1a: Pasta Blasta|Psychic|p2a: Vivillon
|-damage|p2a: Vivillon|0 fnt
|faint|p2a: Vivillon
|
|win|efwefwefwefweifier
||BenjiRNG is ready for game 3.
||efwefwefwefweifier is ready for game 3.
|uhtml|next|Next: Game 3 of 3
|l|☆BenjiRNG
|player|p2|
