|j|☆cj8121
|j|☆breloomb01
|html|cj8121breloomb01    
|uhtml|bestof|Game 2 of a best-of-3
|t:|1785350579
|gametype|doubles
|player|p1|cj8121|169|1104
|player|p2|breloomb01|roughneck|1158
|gen|9
|tier|[Gen 9 Champions] VGC 2026 Reg M-B (Bo3)
|rated|
|rule|Species Clause: Limit one of each Pokémon
|rule|Item Clause: Limit 1 of each item
|clearpoke
|poke|p1|Charizard, L50, M|
|poke|p1|Whimsicott, L50, F|
|poke|p1|Sneasler, L50, M|
|poke|p1|Basculegion-F, L50, F|
|poke|p1|Aerodactyl, L50, F|
|poke|p1|Incineroar, L50, F|
|poke|p2|Floette-Eternal, L50, F|
|poke|p2|Incineroar, L50, M|
|poke|p2|Sinistcha, L50|
|poke|p2|Garchomp, L50, M|
|poke|p2|Sneasler, L50, M|
|poke|p2|Rotom-Wash, L50|
|teampreview|4
|showteam|p1|Charizard||CharizarditeY|SolarPower|Protect,HeatWave,SolarBeam,AirSlash|Modest||M|||50|]Whimsicott||FocusSash|Prankster|Tailwind,Encore,Taunt,Moonblast|Timid||F|||50|]Sneasler||WhiteHerb|Unburden|CloseCombat,DireClaw,FakeOut,Protect|Adamant||M|||50|]Basculegion-F||ChoiceScarf|Adaptability|WaveCrash,LastRespects,IceFang,AquaJet|Adamant||F|||50|]Aerodactyl||WideLens|Unnerve|Tailwind,RockSlide,DualWingbeat,WideGuard|Jolly||F|||50|]Incineroar||SitrusBerry|Intimidate|FlareBlitz,DarkestLariat,FakeOut,PartingShot|Adamant||F|||50|
|showteam|p2|Floette-Eternal||Floettite|FlowerVeil|DrainingKiss,DazzlingGleam,CalmMind,Protect|Modest||F|||50|]Incineroar||SitrusBerry|Intimidate|FakeOut,FlareBlitz,ThroatChop,PartingShot|Careful||M|||50|]Sinistcha||KasibBerry|Hospitality|MatchaGotcha,RagePowder,LifeDew,TrickRoom|Calm|||||50|]Garchomp||LifeOrb|RoughSkin|Earthquake,DragonClaw,RockSlide,Protect|Jolly||M|||50|]Sneasler||FocusSash|PoisonTouch|FakeOut,DireClaw,CloseCombat,Protect|Jolly||M|||50|]Rotom-Wash||Leftovers|Levitate|HydroPump,VoltSwitch,WillOWisp,Electroweb|Modest|||||50|
|
|t:|1785350610
|teamsize|p1|4
|teamsize|p2|4
|start
|switch|p1a: Basculegion|Basculegion-F, L50, F|100/100
|switch|p1b: Whimsicott|Whimsicott, L50, F|100/100
|switch|p2a: Garchomp|Garchomp, L50, M|100/100
|switch|p2b: Rotom|Rotom-Wash, L50|100/100
|turn|1
|
|t:|1785350660
|switch|p2a: Incineroar|Incineroar, L50, M|100/100
|-ability|p2a: Incineroar|Intimidate|boost
|-unboost|p1a: Basculegion|atk|1
|-unboost|p1b: Whimsicott|atk|1
|move|p1a: Basculegion|Last Respects|p2b: Rotom
|-damage|p2b: Rotom|79/100
|move|p1b: Whimsicott|Moonblast|p2b: Rotom
|-damage|p2b: Rotom|39/100
|move|p2b: Rotom|Electroweb|p1a: Basculegion|[spread] p1b
|-miss|p2b: Rotom|p1a: Basculegion
|-resisted|p1b: Whimsicott|1
|-damage|p1b: Whimsicott|85/100
|-unboost|p1b: Whimsicott|spe|1
|
|-heal|p2b: Rotom|45/100|[from] item: Leftovers
|upkeep
|turn|2
|
|t:|1785350685
|switch|p1a: Sneasler|Sneasler, L50, M|100/100
|switch|p2a: Sinistcha|Sinistcha, L50|100/100
|-heal|p2b: Rotom|70/100|[from] ability: Hospitality|[of] p2a: Sinistcha
|move|p1b: Whimsicott|Tailwind|p1b: Whimsicott
|-sidestart|p1: cj8121|move: Tailwind
|move|p2b: Rotom|Volt Switch|p1a: Sneasler
|-damage|p1a: Sneasler|51/100
|
|t:|1785350693
|switch|p2b: Garchomp|Garchomp, L50, M|100/100|[from] Volt Switch
|
|upkeep
|turn|3
|
|t:|1785350722
|switch|p2a: Incineroar|Incineroar, L50, M|100/100
|-ability|p2a: Incineroar|Intimidate|boost
|-unboost|p1a: Sneasler|atk|1
|-unboost|p1b: Whimsicott|atk|1
|-enditem|p1a: Sneasler|White Herb
|-clearnegativeboost|p1a: Sneasler|[silent]
|move|p2b: Garchomp|Protect|p2b: Garchomp
|-singleturn|p2b: Garchomp|Protect
|move|p1a: Sneasler|Dire Claw|p2a: Incineroar
|-damage|p2a: Incineroar|57/100
|-status|p2a: Incineroar|par
|move|p1b: Whimsicott|Moonblast|p2a: Incineroar
|-damage|p2a: Incineroar|30/100 par
|-enditem|p2a: Incineroar|Sitrus Berry|[eat]
|-heal|p2a: Incineroar|55/100 par|[from] item: Sitrus Berry
|
|upkeep
|turn|4
|
|t:|1785350740
|cant|p2a: Incineroar|par
|move|p1b: Whimsicott|Encore|p2b: Garchomp
|-start|p2b: Garchomp|Encore
|move|p2b: Garchomp|Protect|p2b: Garchomp
|-singleturn|p2b: Garchomp|Protect
|move|p1a: Sneasler|Close Combat|p2a: Incineroar
|-supereffective|p2a: Incineroar|1
|-damage|p2a: Incineroar|0 fnt
|-unboost|p1a: Sneasler|def|1
|-unboost|p1a: Sneasler|spd|1
|faint|p2a: Incineroar
|
|upkeep
|
|t:|1785350747
|switch|p2a: Rotom|Rotom-Wash, L50|70/100
|turn|5
|
|t:|1785350756
|switch|p2b: Sinistcha|Sinistcha, L50|100/100
|-heal|p2a: Rotom|95/100|[from] ability: Hospitality|[of] p2b: Sinistcha
|move|p1a: Sneasler|Dire Claw|p2a: Rotom
|-damage|p2a: Rotom|43/100
|move|p1b: Whimsicott|Moonblast|p2a: Rotom
|-damage|p2a: Rotom|1/100
|-unboost|p2a: Rotom|spa|1
|move|p2a: Rotom|Volt Switch|p1a: Sneasler
|-damage|p1a: Sneasler|5/100
|
|t:|1785350758
|switch|p2a: Garchomp|Garchomp, L50, M|100/100|[from] Volt Switch
|
|-sideend|p1: cj8121|move: Tailwind
|upkeep
|turn|6
|l|☆breloomb01
|player|p2|
|
|t:|1785350780
|move|p1b: Whimsicott|Tailwind|p1b: Whimsicott
|-sidestart|p1: cj8121|move: Tailwind
|move|p1a: Sneasler|Dire Claw|p2b: Sinistcha
|-damage|p2b: Sinistcha|57/100
|move|p2a: Garchomp|Earthquake|p1a: Sneasler|[spread] p2b,p1a,p1b
|-resisted|p2b: Sinistcha|1
|-supereffective|p1a: Sneasler|1
|-resisted|p1b: Whimsicott|1
|-damage|p2b: Sinistcha|34/100
|-damage|p1a: Sneasler|0 fnt
|-damage|p1b: Whimsicott|44/100
|faint|p1a: Sneasler
|-damage|p2a: Garchomp|90/100|[from] item: Life Orb
|move|p2b: Sinistcha|Matcha Gotcha|p1b: Whimsicott|[miss]
|-miss|p2b: Sinistcha|p1b: Whimsicott
|
|upkeep
|j|☆breloomb01
|player|p2|breloomb01|roughneck|
|
|t:|1785350795
|switch|p1a: Charizard|Charizard, L50, M|100/100
|turn|7
|
|t:|1785350806
|switch|p2b: Rotom|Rotom-Wash, L50|1/100
|detailschange|p1a: Charizard|Charizard-Mega-Y, L50, M
|-mega|p1a: Charizard|Charizard|Charizardite Y
|-weather|SunnyDay|[from] ability: Drought|[of] p1a: Charizard
|move|p1a: Charizard|Heat Wave|p2a: Garchomp|[spread] p2a,p2b
|-resisted|p2a: Garchomp|1
|-resisted|p2b: Rotom|1
|-damage|p2a: Garchomp|53/100
|-damage|p2b: Rotom|0 fnt
|faint|p2b: Rotom
|move|p1b: Whimsicott|Moonblast|p2a: Garchomp
|-supereffective|p2a: Garchomp|1
|-damage|p2a: Garchomp|0 fnt
|faint|p2a: Garchomp
|
|-weather|SunnyDay|[upkeep]
|upkeep
|-message|breloomb01 forfeited.
|
|win|cj8121
