|j|☆bingbingbangus
|j|☆cheesebiscuit12
|html|bingbingbanguscheesebiscuit12    
|uhtml|bestof|Game 1 of a best-of-3
|t:|1785160685
|gametype|doubles
|player|p1|bingbingbangus|265|
|player|p2|cheesebiscuit12|169|
|gen|9
|tier|[Gen 9 Champions] VGC 2026 Reg M-B (Bo3)
|rule|Species Clause: Limit one of each Pokémon
|rule|Item Clause: Limit 1 of each item
|clearpoke
|poke|p1|Gengar, L50, F|
|poke|p1|Primarina, L50, M|
|poke|p1|Annihilape, L50, M|
|poke|p1|Clefable, L50, M|
|poke|p1|Rotom-Wash, L50|
|poke|p1|Scizor, L50, F|
|poke|p2|Gardevoir, L50, F|
|poke|p2|Metagross, L50|
|poke|p2|Whimsicott, L50, F|
|poke|p2|Sableye, L50, F|
|poke|p2|Flapple, L50, M|
|poke|p2|Azumarill, L50, M|
|teampreview|4
|showteam|p1|Gengar||Gengarite|CursedBody|ShadowBall,SludgeBomb,Protect,PerishSong|Timid||F|||50|]Primarina||Leftovers|LiquidVoice|HyperVoice,Moonblast,Protect,Haze|Calm||M|||50|]Annihilape||SitrusBerry|Defiant|RageFist,DrainPunch,BulkUp,Protect|Adamant||M|||50|]Clefable||FocusSash|Unaware|FollowMe,HelpingHand,Moonblast,Protect|Calm||M|||50|]Rotom-Wash||ExpertBelt|Levitate|HydroPump,VoltSwitch,WillOWisp,Protect|Calm|||||50|]Scizor||MuscleBand|Technician|BulletPunch,Uturn,DualWingbeat,CloseCombat|Adamant||F|||50|
|showteam|p2|Gardevoir||Gardevoirite|Telepathy|HyperVoice,Protect,Psyshock,CalmMind|Timid||F|||50|]Metagross||ExpertBelt|ClearBody|IronHead,IcePunch,Earthquake,PsychicFangs|Adamant|||||50|]Whimsicott||FocusSash|Prankster|Protect,Moonblast,Tailwind,TrickRoom|Relaxed||F|||50|]Sableye||Sablenite|Prankster|Gravity,WillOWisp,SuckerPunch,LightScreen|Careful||F|||50|]Flapple||MiracleSeed|Hustle|GravApple,DragonRush,Uturn,Protect|Jolly||M|||50|]Azumarill||SitrusBerry|HugePower|BellyDrum,PlayRough,Liquidation,AquaJet|Adamant||M|||50|
|
|t:|1785160765
|teamsize|p1|4
|teamsize|p2|4
|start
|switch|p1a: dr goon|Gengar, L50, F|100/100
|switch|p1b: random ass guy|Clefable, L50, M|100/100
|switch|p2a: Imelda Marcos|Gardevoir, L50, F|100/100
|switch|p2b: Xi Jinping|Whimsicott, L50, F|100/100
|turn|1
|
|t:|1785160827
|detailschange|p1a: dr goon|Gengar-Mega, L50, F
|-mega|p1a: dr goon|Gengar|Gengarite
|detailschange|p2a: Imelda Marcos|Gardevoir-Mega, L50, F
|-mega|p2a: Imelda Marcos|Gardevoir|Gardevoirite
|move|p2b: Xi Jinping|Tailwind|p2b: Xi Jinping
|-sidestart|p2: cheesebiscuit12|move: Tailwind
|move|p2a: Imelda Marcos|Psyshock|p1a: dr goon
|-supereffective|p1a: dr goon|1
|-damage|p1a: dr goon|0 fnt
|faint|p1a: dr goon
|move|p1b: random ass guy|Moonblast|p2b: Xi Jinping
|-damage|p2b: Xi Jinping|58/100
|-unboost|p2b: Xi Jinping|spa|1
|
|upkeep
|
|t:|1785160867
|switch|p1a: goonmaxx armstrong|Annihilape, L50, M|100/100
|turn|2
|
|t:|1785160883
|move|p1b: random ass guy|Follow Me|p1b: random ass guy
|-singleturn|p1b: random ass guy|move: Follow Me
|move|p2a: Imelda Marcos|Psyshock|p1b: random ass guy
|-damage|p1b: random ass guy|46/100
|move|p2b: Xi Jinping|Moonblast|p1b: random ass guy
|-damage|p1b: random ass guy|29/100
|move|p1a: goonmaxx armstrong|Rage Fist|p2a: Imelda Marcos
|-supereffective|p2a: Imelda Marcos|1
|-damage|p2a: Imelda Marcos|32/100
|
|upkeep
|turn|3
|
|t:|1785160904
|switch|p2b: Putin|Azumarill, L50, M|100/100
|move|p1b: random ass guy|Protect|p1b: random ass guy
|-singleturn|p1b: random ass guy|Protect
|move|p2a: Imelda Marcos|Hyper Voice|p1a: goonmaxx armstrong|[spread] p1a
|-activate|p1b: random ass guy|move: Protect
|-supereffective|p1a: goonmaxx armstrong|1
|-damage|p1a: goonmaxx armstrong|8/100
|-enditem|p1a: goonmaxx armstrong|Sitrus Berry|[eat]
|-heal|p1a: goonmaxx armstrong|33/100|[from] item: Sitrus Berry
|move|p1a: goonmaxx armstrong|Rage Fist|p2a: Imelda Marcos
|-supereffective|p2a: Imelda Marcos|1
|-damage|p2a: Imelda Marcos|0 fnt
|faint|p2a: Imelda Marcos
|
|upkeep
|
|t:|1785160922
|switch|p2a: Xi Jinping|Whimsicott, L50, F|58/100
|turn|4
|
|t:|1785160935
|move|p2a: Xi Jinping|Protect|p2a: Xi Jinping
|-singleturn|p2a: Xi Jinping|Protect
|move|p1b: random ass guy|Follow Me|p1b: random ass guy
|-singleturn|p1b: random ass guy|move: Follow Me
|move|p2b: Putin|Belly Drum|p2b: Putin
|-damage|p2b: Putin|50/100y
|-setboost|p2b: Putin|atk|6|[from] move: Belly Drum
|-enditem|p2b: Putin|Sitrus Berry|[eat]
|-heal|p2b: Putin|74/100|[from] item: Sitrus Berry
|move|p1a: goonmaxx armstrong|Rage Fist|p2a: Xi Jinping
|-activate|p2a: Xi Jinping|move: Protect
|
|-sideend|p2: cheesebiscuit12|move: Tailwind
|upkeep
|turn|5
|
|t:|1785160961
|move|p1a: goonmaxx armstrong|Protect|p1a: goonmaxx armstrong
|-singleturn|p1a: goonmaxx armstrong|Protect
|move|p2a: Xi Jinping|Tailwind|p2a: Xi Jinping
|-sidestart|p2: cheesebiscuit12|move: Tailwind
|move|p2b: Putin|Play Rough|p1a: goonmaxx armstrong
|-activate|p1a: goonmaxx armstrong|move: Protect
|move|p1b: random ass guy|Moonblast|p2a: Xi Jinping
|-crit|p2a: Xi Jinping
|-damage|p2a: Xi Jinping|0 fnt
|faint|p2a: Xi Jinping
|
|upkeep
|
|t:|1785160974
|switch|p2a: Hamad|Metagross, L50|100/100
|turn|6
|
|t:|1785160989
|move|p1b: random ass guy|Follow Me|p1b: random ass guy
|-singleturn|p1b: random ass guy|move: Follow Me
|move|p2a: Hamad|Iron Head|p1b: random ass guy
|-supereffective|p1b: random ass guy|1
|-damage|p1b: random ass guy|0 fnt
|faint|p1b: random ass guy
|move|p2b: Putin|Play Rough|p1a: goonmaxx armstrong
|-supereffective|p1a: goonmaxx armstrong|1
|-damage|p1a: goonmaxx armstrong|0 fnt
|faint|p1a: goonmaxx armstrong
|
|upkeep
|
|t:|1785161012
|switch|p1b: non goon normie|Primarina, L50, M|100/100
|turn|7
|
|t:|1785161028
|move|p2a: Hamad|Iron Head|p1b: non goon normie
|-damage|p1b: non goon normie|37/100
|move|p2b: Putin|Liquidation|p1b: non goon normie
|-resisted|p1b: non goon normie|1
|-damage|p1b: non goon normie|0 fnt
|faint|p1b: non goon normie
|
|win|cheesebiscuit12
||bingbingbangus is ready for game 2.
