|j|☆HumbleVillager24
|j|☆natsukivgc
|html|HumbleVillager24natsukivgc    
|uhtml|bestof|Game 3 of a best-of-3
|t:|1785396094
|gametype|doubles
|player|p1|HumbleVillager24|265|1162
|player|p2|natsukivgc|1|1188
|gen|9
|tier|[Gen 9 Champions] VGC 2026 Reg M-B (Bo3)
|rated|
|rule|Species Clause: Limit one of each Pokémon
|rule|Item Clause: Limit 1 of each item
|clearpoke
|poke|p1|Raichu, L50, F|
|poke|p1|Meowscarada, L50, M|
|poke|p1|Ceruledge, L50, F|
|poke|p1|Farigiraf, L50, M|
|poke|p1|Kingambit, L50, M|
|poke|p1|Whimsicott, L50, F|
|poke|p2|Garchomp, L50, F|
|poke|p2|Venusaur, L50, M|
|poke|p2|Incineroar, L50, M|
|poke|p2|Charizard, L50, M|
|poke|p2|Toxapex, L50, M|
|poke|p2|Annihilape, L50, M|
|teampreview|4
|showteam|p1|Raichu||RaichuniteY|LightningRod|Protect,FakeOut,ZapCannon,FocusBlast|Timid||F|||50|]Meowscarada||ChoiceScarf|Protean|KnockOff,FlowerTrick,TripleAxel,BrickBreak|Jolly||M|||50|]Ceruledge||WhiteHerb|FlashFire|Poltergeist,BitterBlade,Protect,SwordsDance|Adamant||F|||50|]Farigiraf||Leftovers|ArmorTail|Psychic,Imprison,TrickRoom,HelpingHand|Bold||M|||50|]Kingambit||LifeOrb|Defiant|SuckerPunch,KowtowCleave,IronHead,LowKick|Adamant||M|||50|]Whimsicott||FocusSash|Prankster|Moonblast,Encore,Protect,Tailwind|Timid||F|||50|
|showteam|p2|Garchomp||ChoiceScarf|RoughSkin|Earthquake,DragonClaw,StompingTantrum,RockSlide|Adamant||F|||50|]Venusaur||LifeOrb|Chlorophyll|SolarBeam,SludgeBomb,EarthPower,Protect|Modest||M|||50|]Incineroar||SitrusBerry|Intimidate|FlareBlitz,ThroatChop,FakeOut,PartingShot|Impish||M|||50|]Charizard||CharizarditeY|Blaze|HeatWave,WeatherBall,HelpingHand,Protect|Modest||M|||50|]Toxapex||Leftovers|Regenerator|Infestation,Toxic,WideGuard,BanefulBunker|Bold||M|||50|]Annihilape||FocusSash|Defiant|CloseCombat,PhantomForce,StealthRock,Protect|Jolly||M|||50|
|
|t:|1785396153
|teamsize|p1|4
|teamsize|p2|4
|start
|switch|p1a: The Rat Pack|Raichu, L50, F|100/100
|switch|p1b: Flowery|Meowscarada, L50, M|100/100
|switch|p2a: Venusaur|Venusaur, L50, M|100/100
|switch|p2b: Charizard|Charizard, L50, M|100/100
|turn|1
|
|t:|1785396195
|detailschange|p1a: The Rat Pack|Raichu-Mega-Y, L50, F
|-mega|p1a: The Rat Pack|Raichu|Raichunite Y
|detailschange|p2b: Charizard|Charizard-Mega-Y, L50, M
|-mega|p2b: Charizard|Charizard|Charizardite Y
|-weather|SunnyDay|[from] ability: Drought|[of] p2b: Charizard
|move|p2a: Venusaur|Protect|p2a: Venusaur
|-singleturn|p2a: Venusaur|Protect
|move|p1b: Flowery|Flower Trick|p2a: Venusaur
|-start|p1b: Flowery|typechange|Grass|[from] ability: Protean
|-activate|p2a: Venusaur|move: Protect
|move|p1a: The Rat Pack|Zap Cannon|p2b: Charizard
|-supereffective|p2b: Charizard|1
|-damage|p2b: Charizard|0 fnt
|faint|p2b: Charizard
|
|-weather|SunnyDay|[upkeep]
|upkeep
|
|t:|1785396211
|switch|p2b: Incineroar|Incineroar, L50, M|100/100
|-ability|p2b: Incineroar|Intimidate|boost
|-unboost|p1a: The Rat Pack|atk|1
|-unboost|p1b: Flowery|atk|1
|turn|2
|
|t:|1785396237
|switch|p1b: Farigiraf|Farigiraf, L50, M|100/100
|switch|p2b: Garchomp|Garchomp, L50, F|100/100
|move|p2a: Venusaur|Sludge Bomb|p1b: Farigiraf
|-damage|p1b: Farigiraf|48/100
|-damage|p2a: Venusaur|90/100|[from] item: Life Orb
|move|p1a: The Rat Pack|Focus Blast|p2b: Garchomp
|-damage|p2b: Garchomp|46/100
|
|-weather|SunnyDay|[upkeep]
|-heal|p1b: Farigiraf|54/100|[from] item: Leftovers
|upkeep
|turn|3
|
|t:|1785396272
|move|p1a: The Rat Pack|Protect|p1a: The Rat Pack
|-singleturn|p1a: The Rat Pack|Protect
|move|p2a: Venusaur|Earth Power|p1a: The Rat Pack
|-activate|p1a: The Rat Pack|move: Protect
|move|p2b: Garchomp|Stomping Tantrum|p1b: Farigiraf
|-damage|p1b: Farigiraf|23/100
|move|p1b: Farigiraf|Psychic|p2b: Garchomp
|-damage|p2b: Garchomp|9/100
|
|-weather|SunnyDay|[upkeep]
|-heal|p1b: Farigiraf|29/100|[from] item: Leftovers
|upkeep
|turn|4
|
|t:|1785396301
|switch|p1a: Flowery|Meowscarada, L50, M|100/100
|move|p2a: Venusaur|Sludge Bomb|p1a: Flowery
|-supereffective|p1a: Flowery|1
|-damage|p1a: Flowery|0 fnt
|faint|p1a: Flowery
|-damage|p2a: Venusaur|81/100|[from] item: Life Orb
|move|p2b: Garchomp|Stomping Tantrum|p1b: Farigiraf
|-damage|p1b: Farigiraf|0 fnt
|faint|p1b: Farigiraf
|
|-weather|SunnyDay|[upkeep]
|upkeep
|
|t:|1785396307
|switch|p1a: The Rat Pack|Raichu-Mega-Y, L50, F|100/100
|switch|p1b: Ceruledge|Ceruledge, L50, F|100/100
|turn|5
|
|t:|1785396338
|switch|p2b: Incineroar|Incineroar, L50, M|100/100
|-ability|p2b: Incineroar|Intimidate|boost
|-unboost|p1a: The Rat Pack|atk|1
|-unboost|p1b: Ceruledge|atk|1
|-enditem|p1b: Ceruledge|White Herb
|-clearnegativeboost|p1b: Ceruledge|[silent]
|move|p2a: Venusaur|Protect|p2a: Venusaur
|-singleturn|p2a: Venusaur|Protect
|move|p1a: The Rat Pack|Protect|p1a: The Rat Pack
|-singleturn|p1a: The Rat Pack|Protect
|move|p1b: Ceruledge|Bitter Blade|p2b: Incineroar
|-resisted|p2b: Incineroar|1
|-damage|p2b: Incineroar|74/100
|
|-weather|none
|upkeep
|turn|6
|
|t:|1785396387
|move|p2b: Incineroar|Fake Out|p1a: The Rat Pack
|-damage|p1a: The Rat Pack|76/100
|cant|p1a: The Rat Pack|flinch
|move|p2a: Venusaur|Earth Power|p1a: The Rat Pack
|-supereffective|p1a: The Rat Pack|1
|-damage|p1a: The Rat Pack|0 fnt
|faint|p1a: The Rat Pack
|-damage|p2a: Venusaur|71/100|[from] item: Life Orb
|move|p1b: Ceruledge|Bitter Blade|p2a: Venusaur
|-supereffective|p2a: Venusaur|1
|-damage|p2a: Venusaur|0 fnt
|faint|p2a: Venusaur
|
|upkeep
|
|t:|1785396399
|switch|p2a: Garchomp|Garchomp, L50, F|9/100
|turn|7
|
|t:|1785396406
|move|p1b: Ceruledge|Protect|p1b: Ceruledge
|-singleturn|p1b: Ceruledge|Protect
|move|p2a: Garchomp|Stomping Tantrum|p1b: Ceruledge
|-activate|p1b: Ceruledge|move: Protect
|move|p2b: Incineroar|Throat Chop|p1b: Ceruledge
|-activate|p1b: Ceruledge|move: Protect
|
|upkeep
|turn|8
|-message|HumbleVillager24 forfeited.
|
|win|natsukivgc
|raw|HumbleVillager24's rating: 1162 → 1139(-23 for losing)
|raw|natsukivgc's rating: 1188 → 1211(+23 for winning)
