|j|☆Missed Ledgedash
|j|☆Ianthebluefishv2
|html|Missed LedgedashIanthebluefishv2    
|uhtml|bestof|Game 3 of a best-of-3
|t:|1782263801
|gametype|doubles
|player|p1|Missed Ledgedash|juan-gen3|1153
|player|p2|Ianthebluefishv2|janitor|1163
|gen|9
|tier|[Gen 9 Champions] VGC 2026 Reg M-B (Bo3)
|rated|
|rule|Species Clause: Limit one of each Pokémon
|rule|Item Clause: Limit 1 of each item
|clearpoke
|poke|p1|Incineroar, L50, F|
|poke|p1|Gengar, L50, M|
|poke|p1|Staraptor, L50, M|
|poke|p1|Basculegion, L50, M|
|poke|p1|Sneasler, L50, M|
|poke|p1|Kingambit, L50, M|
|poke|p2|Incineroar, L50, F|
|poke|p2|Farigiraf, L50, F|
|poke|p2|Kingambit, L50, M|
|poke|p2|Camerupt, L50, M|
|poke|p2|Abomasnow, L50, F|
|poke|p2|Gallade, L50, M|
|teampreview|4
|showteam|p1|Incineroar||SitrusBerry|Intimidate|Protect,FlareBlitz,PartingShot,FakeOut|Relaxed||F|||50|]Gengar||Gengarite|CursedBody|Protect,ShadowBall,SludgeBomb,PerishSong|Timid||M|||50|]Staraptor||Staraptite|Intimidate|Protect,CloseCombat,BraveBird,FinalGambit|Jolly||M|||50|]Basculegion||ChoiceScarf|Adaptability|FlipTurn,WaveCrash,LastRespects,AquaJet|Jolly||M|||50|]Sneasler||WhiteHerb|Unburden|Protect,CloseCombat,DireClaw,FakeOut|Adamant||M|||50|]Kingambit||ChopleBerry|Defiant|Protect,KowtowCleave,SuckerPunch,LowKick|Adamant||M|||50|
|showteam|p2|Incineroar||Charcoal|Intimidate|FakeOut,DarkestLariat,FlareBlitz,PartingShot|Brave||F|||50|]Farigiraf||ColburBerry|ArmorTail|Psychic,HelpingHand,TrickRoom,Protect|Quiet||F|||50|]Kingambit||LifeOrb|Defiant|IronHead,KowtowCleave,SuckerPunch,SwordsDance|Brave||M|||50|]Camerupt||Cameruptite|SolidRock|EarthPower,HeatWave,AncientPower,Protect|Quiet||M|||50|]Abomasnow||Abomasite|SnowWarning|Blizzard,EnergyBall,EarthPower,IceShard|Quiet||F|||50|]Gallade||ExpertBelt|Sharpness|SacredSword,PsychoCut,LeafBlade,TrickRoom|Adamant||M|||50|
|inactive|Battle timer is ON: inactive players will automatically lose when time's up. (requested by Missed Ledgedash)
|
|t:|1782263876
|teamsize|p1|4
|teamsize|p2|4
|start
|switch|p1a: Staraptor|Staraptor, L50, M|100/100
|switch|p1b: Kingambit|Kingambit, L50, M|100/100
|switch|p2a: Farigiraf|Farigiraf, L50, F|100/100
|switch|p2b: Gallade|Gallade, L50, M|100/100
|-ability|p1a: Staraptor|Intimidate|boost
|-unboost|p2a: Farigiraf|atk|1
|-unboost|p2b: Gallade|atk|1
|turn|1
|
|t:|1782263901
|detailschange|p1a: Staraptor|Staraptor-Mega, L50, M
|-mega|p1a: Staraptor|Staraptor|Staraptite
|move|p1a: Staraptor|Final Gambit|p2a: Farigiraf
|-damage|p2a: Farigiraf|10/100
|faint|p1a: Staraptor
|move|p2b: Gallade|Psycho Cut|p1b: Kingambit
|-immune|p1b: Kingambit
|move|p1b: Kingambit|Kowtow Cleave|p2a: Farigiraf
|-supereffective|p2a: Farigiraf|1
|-enditem|p2a: Farigiraf|Colbur Berry|[eat]
|-enditem|p2a: Farigiraf|Colbur Berry|[weaken]
|-damage|p2a: Farigiraf|0 fnt
|faint|p2a: Farigiraf
|
|upkeep
|
|t:|1782263917
|switch|p1a: Basculegion|Basculegion, L50, M|100/100
|switch|p2a: Abomasnow|Abomasnow, L50, F|100/100
|-weather|Snowscape|[from] ability: Snow Warning|[of] p2a: Abomasnow
|turn|2
|
|t:|1782263934
|switch|p1a: Sneasler|Sneasler, L50, M|100/100
|switch|p2b: Kingambit|Kingambit, L50, M|100/100
|detailschange|p2a: Abomasnow|Abomasnow-Mega, L50, F
|-mega|p2a: Abomasnow|Abomasnow|Abomasite
|move|p1b: Kingambit|Kowtow Cleave|p2b: Kingambit
|-resisted|p2b: Kingambit|1
|-damage|p2b: Kingambit|83/100
|move|p2a: Abomasnow|Earth Power|p1b: Kingambit
|-supereffective|p1b: Kingambit|1
|-damage|p1b: Kingambit|30/100
|-unboost|p1b: Kingambit|spd|1
|-ability|p1b: Kingambit|Defiant|boost
|-boost|p1b: Kingambit|atk|2
|
|-weather|Snowscape|[upkeep]
|upkeep
|turn|3
|inactive|Ianthebluefishv2 has 30 seconds left.
|inactive|Ianthebluefishv2 has 20 seconds left.
|inactive|Ianthebluefishv2 has 15 seconds left.
|inactive|Ianthebluefishv2 has 10 seconds left.
|inactive|Ianthebluefishv2 has 5 seconds left.
|
|t:|1782263986
|switch|p2a: Gallade|Gallade, L50, M|100/100
|move|p1a: Sneasler|Close Combat|p2b: Kingambit
|-supereffective|p2b: Kingambit|2
|-damage|p2b: Kingambit|0 fnt
|-unboost|p1a: Sneasler|def|1
|-unboost|p1a: Sneasler|spd|1
|faint|p2b: Kingambit
|-enditem|p1a: Sneasler|White Herb
|-clearnegativeboost|p1a: Sneasler|[silent]
|move|p1b: Kingambit|Low Kick|p2a: Gallade
|-resisted|p2a: Gallade|1
|-damage|p2a: Gallade|56/100
|
|-weather|Snowscape|[upkeep]
|upkeep
|
|t:|1782263991
|switch|p2b: Abomasnow|Abomasnow-Mega, L50, F|100/100
|turn|4
|
|t:|1782264009
|move|p1b: Kingambit|Sucker Punch|p2a: Gallade
|-damage|p2a: Gallade|0 fnt
|faint|p2a: Gallade
|move|p1a: Sneasler|Dire Claw|p2b: Abomasnow
|-supereffective|p2b: Abomasnow|1
|-damage|p2b: Abomasnow|53/100
|move|p2b: Abomasnow|Earth Power|p1a: Sneasler
|-supereffective|p1a: Sneasler|1
|-damage|p1a: Sneasler|14/100
|
|-weather|Snowscape|[upkeep]
|upkeep
|turn|5
|
|t:|1782264023
|move|p1a: Sneasler|Close Combat|p2b: Abomasnow
|-supereffective|p2b: Abomasnow|1
|-damage|p2b: Abomasnow|0 fnt
|-unboost|p1a: Sneasler|def|1
|-unboost|p1a: Sneasler|spd|1
|faint|p2b: Abomasnow
|
|win|Missed Ledgedash
|raw|Missed Ledgedash's rating: 1153 → 1179(+26 for winning)
|raw|Ianthebluefishv2's rating: 1163 → 1137(-26 for losing)
