|j|☆Fell Blue
|j|☆DDO15
|html|Fell BlueDDO15    
|uhtml|bestof|Game 1 of a best-of-3
|t:|1782454525
|gametype|doubles
|player|p1|Fell Blue|gwynn|1155
|player|p2|DDO15|marlon|1153
|gen|9
|tier|[Gen 9 Champions] VGC 2026 Reg M-B (Bo3)
|rated|
|rule|Species Clause: Limit one of each Pokémon
|rule|Item Clause: Limit 1 of each item
|clearpoke
|poke|p1|Torkoal, L50, M|
|poke|p1|Pyroar, L50, F|
|poke|p1|Farigiraf, L50, M|
|poke|p1|Mawile, L50, M|
|poke|p1|Gyarados, L50, M|
|poke|p1|Kangaskhan, L50, F|
|poke|p2|Garchomp, L50, F|
|poke|p2|Whimsicott, L50, F|
|poke|p2|Delphox, L50, F|
|poke|p2|Scrafty, L50, M|
|poke|p2|Sinistcha, L50|
|poke|p2|Torkoal, L50, M|
|teampreview|4
|showteam|p1|Torkoal||Charcoal|Drought|Eruption,WeatherBall,HelpingHand,Protect|Quiet||M|||50|]Pyroar||Pyroarite|Rivalry|Overheat,HeatWave,SolarBeam,Protect|Timid||F|||50|]Farigiraf||SitrusBerry|ArmorTail|Psychic,TrickRoom,HelpingHand,Protect|Bold||M|||50|]Mawile||Mawilite|HyperCutter|PlayRough,BrickBreak,SuckerPunch,Protect|Brave||M|||50|]Gyarados||ExpertBelt|Intimidate|StoneEdge,PowerWhip,IceFang,Protect|Adamant||M|||50|]Kangaskhan||SilkScarf|Scrappy|FakeOut,LastResort|Brave||F|||50|
|showteam|p2|Garchomp||ChoiceScarf|RoughSkin|Earthquake,FireFang,RockSlide,DragonClaw|Adamant||F|||50|]Whimsicott||FocusSash|Prankster|SunnyDay,Protect,Moonblast,Tailwind|Timid||F|||50|]Delphox||Delphoxite|Blaze|NastyPlot,HeatWave,Psyshock,Protect|Modest||F|||50|]Scrafty||Scraftinite|Intimidate|FakeOut,DrainPunch,SwordsDance,ThroatChop|Adamant||M|||50|]Sinistcha||ColburBerry|Hospitality|TrickRoom,MatchaGotcha,LifeDew,RagePowder|Relaxed|||||50|]Torkoal||Charcoal|Drought|Eruption,WeatherBall,Protect,HelpingHand|Quiet||M|||50|
|inactive|Battle timer is ON: inactive players will automatically lose when time's up. (requested by DDO15)
|inactive|Fell Blue has 60 seconds left.
|
|t:|1782454572
|teamsize|p1|4
|teamsize|p2|4
|start
|switch|p1a: Pyroar|Pyroar, L50, F|100/100
|switch|p1b: Torkoal|Torkoal, L50, M|100/100
|switch|p2a: Scrafty|Scrafty, L50, M|100/100
|switch|p2b: Whimsicott|Whimsicott, L50, F|100/100
|-ability|p2a: Scrafty|Intimidate|boost
|-unboost|p1a: Pyroar|atk|1
|-unboost|p1b: Torkoal|atk|1
|-weather|SunnyDay|[from] ability: Drought|[of] p1b: Torkoal
|turn|1
|inactive|DDO15 has 30 seconds left.
|inactive|DDO15 has 20 seconds left.
|
|t:|1782454608
|switch|p2a: Torkoal|Torkoal, L50, M|100/100
|detailschange|p1a: Pyroar|Pyroar-Mega, L50, F
|-mega|p1a: Pyroar|Pyroar|Pyroarite
|move|p2b: Whimsicott|Tailwind|p2b: Whimsicott
|-sidestart|p2: DDO15|move: Tailwind
|move|p1a: Pyroar|Heat Wave|p2a: Torkoal|[spread] p2a,p2b
|-resisted|p2a: Torkoal|1
|-supereffective|p2b: Whimsicott|1
|-damage|p2a: Torkoal|45/100
|-enditem|p2b: Whimsicott|Focus Sash
|-damage|p2b: Whimsicott|1/100
|-status|p2b: Whimsicott|brn
|move|p1b: Torkoal|Eruption|p2a: Torkoal|[spread] p2a,p2b
|-resisted|p2a: Torkoal|1
|-supereffective|p2b: Whimsicott|1
|-damage|p2a: Torkoal|0 fnt
|-damage|p2b: Whimsicott|0 fnt
|faint|p2a: Torkoal
|faint|p2b: Whimsicott
|
|-weather|SunnyDay|[upkeep]
|upkeep
|
|t:|1782454612
|switch|p2b: Scrafty|Scrafty, L50, M|100/100
|switch|p2a: Garchomp|Garchomp, L50, F|100/100
|-ability|p2b: Scrafty|Intimidate|boost
|-unboost|p1a: Pyroar|atk|1
|-unboost|p1b: Torkoal|atk|1
|turn|2
|inactive|Fell Blue has 30 seconds left.
|
|t:|1782454642
|switch|p1b: Gyarados|Gyarados, L50, M|100/100
|-ability|p1b: Gyarados|Intimidate|boost
|-unboost|p2a: Garchomp|atk|1
|-unboost|p2b: Scrafty|atk|1
|detailschange|p2b: Scrafty|Scrafty-Mega, L50, M
|-mega|p2b: Scrafty|Scrafty|Scraftinite
|-ability|p2b: Scrafty|Intimidate|boost
|-unboost|p1a: Pyroar|atk|1
|-unboost|p1b: Gyarados|atk|1
|move|p2a: Garchomp|Rock Slide|p1a: Pyroar|[spread] p1b
|-miss|p2a: Garchomp|p1a: Pyroar
|-supereffective|p1b: Gyarados|1
|-damage|p1b: Gyarados|69/100
|move|p1a: Pyroar|Heat Wave|p2a: Garchomp|[spread] p2a,p2b
|-resisted|p2a: Garchomp|1
|-damage|p2a: Garchomp|56/100
|-damage|p2b: Scrafty|33/100
|-status|p2a: Garchomp|brn
|move|p2b: Scrafty|Drain Punch|p1a: Pyroar
|-supereffective|p1a: Pyroar|1
|-damage|p1a: Pyroar|33/100
|-heal|p2b: Scrafty|67/100|[from] drain|[of] p1a: Pyroar
|
|-weather|SunnyDay|[upkeep]
|-damage|p2a: Garchomp|50/100g brn|[from] brn
|upkeep
|turn|3
|
|t:|1782454665
|switch|p1b: Kangaskhan|Kangaskhan, L50, F|100/100
|move|p1a: Pyroar|Protect|p1a: Pyroar
|-singleturn|p1a: Pyroar|Protect
|move|p2a: Garchomp|Rock Slide|p1a: Pyroar|[spread] p1b
|-activate|p1a: Pyroar|move: Protect
|-damage|p1b: Kangaskhan|92/100
|move|p2b: Scrafty|Drain Punch|p1a: Pyroar
|-activate|p1a: Pyroar|move: Protect
|
|-weather|SunnyDay|[upkeep]
|-damage|p2a: Garchomp|44/100 brn|[from] brn
|upkeep
|turn|4
|
|t:|1782454670
|switch|p1a: Gyarados|Gyarados, L50, M|69/100
|-ability|p1a: Gyarados|Intimidate|boost
|-unboost|p2a: Garchomp|atk|1
|-unboost|p2b: Scrafty|atk|1
|move|p1b: Kangaskhan|Fake Out|p2b: Scrafty
|-damage|p2b: Scrafty|48/100
|move|p2a: Garchomp|Rock Slide|p1b: Kangaskhan|[spread] p1a
|-miss|p2a: Garchomp|p1b: Kangaskhan
|-supereffective|p1a: Gyarados|1
|-damage|p1a: Gyarados|57/100
|cant|p2b: Scrafty|flinch
|
|-weather|SunnyDay|[upkeep]
|-damage|p2a: Garchomp|38/100 brn|[from] brn
|-sideend|p2: DDO15|move: Tailwind
|upkeep
|turn|5
|-message|DDO15 forfeited.
|
|win|Fell Blue
|l|☆DDO15
|player|p2|
||DDO15 is ready for game 2.
