|j|☆Aircross360
|j|☆wc123456789
|html|Aircross360wc123456789    
|uhtml|bestof|Game 1 of a best-of-3
|t:|1756411580
|gametype|doubles
|player|p1|Aircross360|169|1084
|player|p2|wc123456789|1|1046
|gen|9
|tier|[Gen 9] VGC 2025 Reg H (Bo3)
|rated|
|rule|Species Clause: Limit one of each Pokémon
|rule|Item Clause: Limit 1 of each item
|clearpoke
|poke|p1|Annihilape, L50, M|
|poke|p1|Gholdengo, L50|
|poke|p1|Dragonite, L50, F|
|poke|p1|Ninetales-Alola, L50, M|
|poke|p1|Magmar, L50, F|
|poke|p1|Ursaluna-Bloodmoon, L50, M|
|poke|p2|Archaludon, L50, F|
|poke|p2|Maushold, L50|
|poke|p2|Annihilape, L50, M|
|poke|p2|Pelipper, L50, M|
|poke|p2|Incineroar, L50, M|
|poke|p2|Dragonite, L50, F|
|teampreview|4
|showteam|p1|Annihilape||SafetyGoggles|Defiant|DrainPunch,RageFist,BulkUp,Protect|||M|||50|,,,,,Water]Gholdengo||MetalCoat|GoodasGold|MakeItRain,ShadowBall,NastyPlot,Protect||||||50|,,,,,Dragon]Dragonite||LoadedDice|Multiscale|ScaleShot,ExtremeSpeed,Tailwind,Protect|||F|||50|,,,,,Fairy]Ninetales-Alola||LightClay|SnowWarning|Blizzard,Encore,IceShard,AuroraVeil|||M|||50|,,,,,Ghost]Magmar||Eviolite|FlameBody|Overheat,FollowMe,Protect,ClearSmog|||F|||50|,,,,,Ghost]Ursaluna-Bloodmoon||AssaultVest|MindsEye|BloodMoon,EarthPower,HyperVoice,VacuumWave|||M|||50|,,,,,Water
|showteam|p2|Archaludon||AssaultVest|Stamina|BodyPress,DragonPulse,FlashCannon,ElectroShot|||F|||50|,,,,,Grass]Maushold||WideLens|FriendGuard|FollowMe,PopulationBomb,Protect,BeatUp||||||50|,,,,,Normal]Annihilape||SafetyGoggles|Defiant|BulkUp,DrainPunch,RageFist,Protect|||M|||50|,,,,,Water]Pelipper||FocusSash|Drizzle|WeatherBall,Hurricane,Tailwind,Protect|||M|||50|,,,,,Flying]Incineroar||RockyHelmet|Blaze|Uturn,KnockOff,FireBlast,WillOWisp|||M|||50|,,,,,Ghost]Dragonite||LoadedDice|InnerFocus|ScaleShot,ExtremeSpeed,Haze,Protect|||F|||50|,,,,,Fairy
|inactive|Battle timer is ON: inactive players will automatically lose when time's up. (requested by wc123456789)
|inactive|Aircross360 has 60 seconds left.
|inactive|Aircross360 has 30 seconds left.
|
|t:|1756411697
|teamsize|p1|4
|teamsize|p2|4
|start
|switch|p1a: Magmar|Magmar, L50, F|100/100
|switch|p1b: Gholdengo|Gholdengo, L50|100/100
|switch|p2a: Maushold|Maushold, L50|100/100
|switch|p2b: Archaludon|Archaludon, L50, F|100/100
|turn|1
|inactive|wc123456789 has 30 seconds left.
|
|t:|1756411726
|move|p2a: Maushold|Follow Me|p2a: Maushold
|-singleturn|p2a: Maushold|move: Follow Me
|move|p1a: Magmar|Follow Me|p1a: Magmar
|-singleturn|p1a: Magmar|move: Follow Me
|move|p1b: Gholdengo|Nasty Plot|p1b: Gholdengo
|-boost|p1b: Gholdengo|spa|2
|move|p2b: Archaludon|Dragon Pulse|p1a: Magmar
|-damage|p1a: Magmar|71/100
|
|upkeep
|turn|2
|inactive|Aircross360 has 30 seconds left.
|inactive|Aircross360 has 20 seconds left.
|inactive|Aircross360 has 15 seconds left.
|
|t:|1756411767
|move|p2a: Maushold|Follow Me|p2a: Maushold
|-singleturn|p2a: Maushold|move: Follow Me
|move|p1a: Magmar|Follow Me|p1a: Magmar
|-singleturn|p1a: Magmar|move: Follow Me
|move|p1b: Gholdengo|Make It Rain|p2a: Maushold|[spread] p2a,p2b
|-resisted|p2b: Archaludon
|-damage|p2a: Maushold|0 fnt
|-damage|p2b: Archaludon|74/100
|-unboost|p1b: Gholdengo|spa|1
|-ability|p2b: Archaludon|Stamina|boost
|-boost|p2b: Archaludon|def|1
|faint|p2a: Maushold
|move|p2b: Archaludon|Dragon Pulse|p1a: Magmar
|-damage|p1a: Magmar|39/100
|
|upkeep
|
|t:|1756411781
|switch|p2a: Pelipper|Pelipper, L50, M, shiny|100/100
|-weather|RainDance|[from] ability: Drizzle|[of] p2a: Pelipper
|turn|3
|
|t:|1756411802
|move|p1a: Magmar|Follow Me|p1a: Magmar
|-singleturn|p1a: Magmar|move: Follow Me
|move|p1b: Gholdengo|Shadow Ball|p2b: Archaludon
|-damage|p2b: Archaludon|29/100
|-ability|p2b: Archaludon|Stamina|boost
|-boost|p2b: Archaludon|def|1
|move|p2b: Archaludon|Electro Shot||[still]
|-prepare|p2b: Archaludon|Electro Shot
|-boost|p2b: Archaludon|spa|1
|-anim|p2b: Archaludon|Electro Shot|p1a: Magmar
|-damage|p1a: Magmar|0 fnt
|faint|p1a: Magmar
|move|p2a: Pelipper|Weather Ball|p1b: Gholdengo
|-damage|p1b: Gholdengo|49/100
|
|-weather|RainDance|[upkeep]
|upkeep
|
|t:|1756411818
|switch|p1a: Ninetales|Ninetales-Alola, L50, M|100/100
|-weather|Snowscape|[from] ability: Snow Warning|[of] p1a: Ninetales
|turn|4
|
|t:|1756411832
|switch|p2a: Annihilape|Annihilape, L50, M|100/100
|move|p1a: Ninetales|Aurora Veil|p1a: Ninetales
|-sidestart|p1: Aircross360|move: Aurora Veil
|move|p1b: Gholdengo|Shadow Ball|p2b: Archaludon
|-damage|p2b: Archaludon|0 fnt
|faint|p2b: Archaludon
|
|-weather|Snowscape|[upkeep]
|upkeep
|
|t:|1756411839
|switch|p2b: Pelipper|Pelipper, L50, M, shiny|100/100
|-weather|RainDance|[from] ability: Drizzle|[of] p2b: Pelipper
|turn|5
|inactive|Aircross360 has 30 seconds left.
|
|t:|1756411874
|switch|p1a: Annihilape|Annihilape, L50, M|100/100
|-terastallize|p1b: Gholdengo|Dragon
|move|p2a: Annihilape|Rage Fist|p1b: Gholdengo
|-damage|p1b: Gholdengo|36/100
|move|p1b: Gholdengo|Make It Rain|p2b: Pelipper|[spread] p2a,p2b
|-resisted|p2b: Pelipper
|-damage|p2a: Annihilape|22/100
|-damage|p2b: Pelipper|45/100
|-unboost|p1b: Gholdengo|spa|1
|move|p2b: Pelipper|Tailwind|p2b: Pelipper
|-sidestart|p2: wc123456789|move: Tailwind
|
|-weather|RainDance|[upkeep]
|upkeep
|turn|6
|inactive|Aircross360 has 30 seconds left.
|inactive|wc123456789 has 30 seconds left.
|inactive|Aircross360 has 20 seconds left.
|
|t:|1756411912
|-terastallize|p2b: Pelipper|Flying
|move|p1a: Annihilape|Protect|p1a: Annihilape
|-singleturn|p1a: Annihilape|Protect
|move|p2a: Annihilape|Rage Fist|p1a: Annihilape
|-activate|p1a: Annihilape|move: Protect
|move|p2b: Pelipper|Hurricane|p1b: Gholdengo
|-damage|p1b: Gholdengo|2/100
|move|p1b: Gholdengo|Make It Rain|p2b: Pelipper|[spread] p2a,p2b
|-damage|p2a: Annihilape|0 fnt
|-damage|p2b: Pelipper|0 fnt
|-unboost|p1b: Gholdengo|spa|1
|faint|p2a: Annihilape
|faint|p2b: Pelipper
|
|win|Aircross360
||Aircross360 is ready for game 2.
|inactive|wc123456789 has 30 seconds to confirm battle start!
||wc123456789 is ready for game 2.
|uhtml|next|Next: Game 2 of 3
|l|☆Aircross360
|player|p1|
