|j|☆origin_enjoyer
|j|☆endershovel
|html|origin_enjoyerendershovel    
|uhtml|bestof|Game 2 of a best-of-3
|t:|1784542956
|gametype|doubles
|player|p1|origin_enjoyer|dawn|1149
|player|p2|endershovel|1|1332
|gen|9
|tier|[Gen 9 Champions] VGC 2026 Reg M-B (Bo3)
|rated|
|rule|Species Clause: Limit one of each Pokémon
|rule|Item Clause: Limit 1 of each item
|clearpoke
|poke|p1|Staraptor, L50, F, shiny|
|poke|p1|Eelektross, L50, F|
|poke|p1|Garchomp, L50, F|
|poke|p1|Empoleon, L50, F|
|poke|p1|Incineroar, L50, F|
|poke|p1|Sableye, L50, M|
|poke|p2|Starmie, L50, shiny|
|poke|p2|Sneasler, L50, F|
|poke|p2|Pelipper, L50, M|
|poke|p2|Archaludon, L50, F|
|poke|p2|Sinistcha-Masterpiece, L50|
|poke|p2|Kingambit, L50, F|
|teampreview|4
|showteam|p1|Staraptor||Staraptite|Intimidate|CloseCombat,BraveBird,Protect,Roost|Jolly||F|||50|]Eelektross||Eelektrossite|Levitate|Protect,Thunderbolt,GigaDrain,Discharge|Modest||F|||50|]Garchomp||LifeOrb|RoughSkin|Protect,DragonClaw,Earthquake,RockSlide|Jolly||F|||50|]Empoleon||ExpertBelt|Competitive|Protect,HydroPump,FlashCannon,IceBeam|Modest||F|||50|]Incineroar||SitrusBerry|Intimidate|FakeOut,PartingShot,FlareBlitz,ThroatChop|Careful||F|||50|]Sableye||RoseliBerry|Prankster|FakeOut,Quash,HelpingHand,LightScreen|Impish||M|||50|
|showteam|p2|Starmie||Starminite|NaturalCure|Liquidation,ZenHeadbutt,AquaJet,Protect|Jolly|||||50|]Sneasler||WhiteHerb|Unburden|CloseCombat,DireClaw,Coaching,FakeOut|Adamant||F|||50|]Pelipper||SitrusBerry|Drizzle|Hurricane,WeatherBall,Tailwind,Protect|Modest||M|||50|]Archaludon||Leftovers|Stamina|ElectroShot,FlashCannon,DragonPulse,Protect|Modest||F|||50|]Sinistcha-Masterpiece||ColburBerry|Hospitality|MatchaGotcha,RagePowder,TrickRoom,Protect|Calm|||||50|]Kingambit||BlackGlasses|Defiant|KowtowCleave,SuckerPunch,SwordsDance,Protect|Adamant||F|||50|
|inactive|Battle timer is ON: inactive players will automatically lose when time's up. (requested by endershovel)
|
|t:|1784542976
|teamsize|p1|4
|teamsize|p2|4
|start
|switch|p1a: sam|Sableye, L50, M|100/100
|switch|p1b: Axel Blaze|Staraptor, L50, F, shiny|100/100
|switch|p2a: Sneasler|Sneasler, L50, F|100/100
|switch|p2b: Sinistcha|Sinistcha-Masterpiece, L50|100/100
|-ability|p1b: Axel Blaze|Intimidate|boost
|-unboost|p2a: Sneasler|atk|1
|-unboost|p2b: Sinistcha|atk|1
|-enditem|p2a: Sneasler|White Herb
|-clearnegativeboost|p2a: Sneasler|[silent]
|turn|1
|
|t:|1784543000
|move|p1b: Axel Blaze|Protect|p1b: Axel Blaze
|-singleturn|p1b: Axel Blaze|Protect
|move|p2a: Sneasler|Fake Out|p1b: Axel Blaze
|-activate|p1b: Axel Blaze|move: Protect
|move|p1a: sam|Fake Out|p2a: Sneasler
|-damage|p2a: Sneasler|89/100
|move|p2b: Sinistcha|Trick Room|p2b: Sinistcha
|-fieldstart|move: Trick Room|[of] p2b: Sinistcha
|
|upkeep
|turn|2
|
|t:|1784543015
|switch|p2b: Archaludon|Archaludon, L50, F|100/100
|switch|p2a: Pelipper|Pelipper, L50, M|100/100
|-weather|RainDance|[from] ability: Drizzle|[of] p2a: Pelipper
|detailschange|p1b: Axel Blaze|Staraptor-Mega, L50, F, shiny
|-mega|p1b: Axel Blaze|Staraptor|Staraptite
|move|p1a: sam|Light Screen|p1a: sam
|-sidestart|p1: origin_enjoyer|move: Light Screen
|move|p1b: Axel Blaze|Brave Bird|p2b: Archaludon
|-resisted|p2b: Archaludon|1
|-damage|p2b: Archaludon|81/100
|-ability|p2b: Archaludon|Stamina|boost
|-boost|p2b: Archaludon|def|1
|-damage|p1b: Axel Blaze|93/100|[from] Recoil
|
|-weather|RainDance|[upkeep]
|-heal|p2b: Archaludon|87/100|[from] item: Leftovers
|upkeep
|turn|3
|
|t:|1784543033
|switch|p1a: Scalion|Empoleon, L50, F|100/100
|switch|p1b: keroro|Garchomp, L50, F|100/100
|move|p2a: Pelipper|Hurricane|p1b: keroro
|-damage|p1b: keroro|69/100
|move|p2b: Archaludon|Electro Shot||[still]
|-prepare|p2b: Archaludon|Electro Shot
|-boost|p2b: Archaludon|spa|1
|-anim|p2b: Archaludon|Electro Shot|p1b: keroro
|-immune|p1b: keroro
|
|-weather|RainDance|[upkeep]
|-heal|p2b: Archaludon|93/100|[from] item: Leftovers
|upkeep
|turn|4
|inactive|origin_enjoyer has 30 seconds left.
|
|t:|1784543063
|move|p1a: Scalion|Ice Beam|p2b: Archaludon
|-damage|p2b: Archaludon|60/100
|-ability|p2b: Archaludon|Stamina|boost
|-boost|p2b: Archaludon|def|1
|move|p2a: Pelipper|Weather Ball|p1b: keroro
|-damage|p1b: keroro|30/100
|move|p2b: Archaludon|Electro Shot||[still]
|-prepare|p2b: Archaludon|Electro Shot
|-boost|p2b: Archaludon|spa|1
|-anim|p2b: Archaludon|Electro Shot|p1a: Scalion
|-supereffective|p1a: Scalion|1
|-damage|p1a: Scalion|0 fnt
|faint|p1a: Scalion
|move|p1b: keroro|Rock Slide|p2b: Archaludon|[spread] 
|-miss|p1b: keroro|p2a: Pelipper
|-miss|p1b: keroro|p2b: Archaludon
|
|-weather|RainDance|[upkeep]
|-heal|p2b: Archaludon|66/100|[from] item: Leftovers
|upkeep
|
|t:|1784543077
|switch|p1a: Axel Blaze|Staraptor-Mega, L50, F, shiny|93/100
|turn|5
|
|t:|1784543088
|move|p1b: keroro|Protect|p1b: keroro
|-singleturn|p1b: keroro|Protect
|move|p1a: Axel Blaze|Protect|p1a: Axel Blaze
|-singleturn|p1a: Axel Blaze|Protect
|move|p2a: Pelipper|Tailwind|p2a: Pelipper
|-sidestart|p2: endershovel|move: Tailwind
|move|p2b: Archaludon|Electro Shot||[still]
|-prepare|p2b: Archaludon|Electro Shot
|-boost|p2b: Archaludon|spa|1
|-anim|p2b: Archaludon|Electro Shot|p1a: Axel Blaze
|-activate|p1a: Axel Blaze|move: Protect
|
|-weather|RainDance|[upkeep]
|-heal|p2b: Archaludon|72/100|[from] item: Leftovers
|-fieldend|move: Trick Room
|upkeep
|turn|6
|
|t:|1784543104
|switch|p2a: Sinistcha|Sinistcha-Masterpiece, L50|100/100
|-heal|p2b: Archaludon|97/100|[from] ability: Hospitality|[of] p2a: Sinistcha
|move|p2b: Archaludon|Dragon Pulse|p1b: keroro
|-supereffective|p1b: keroro|1
|-damage|p1b: keroro|0 fnt
|faint|p1b: keroro
|move|p1a: Axel Blaze|Close Combat|p2b: Archaludon
|-supereffective|p2b: Archaludon|1
|-damage|p2b: Archaludon|57/100
|-boost|p1a: Axel Blaze|def|1
|-boost|p1a: Axel Blaze|spd|1
|-ability|p2b: Archaludon|Stamina|boost
|-boost|p2b: Archaludon|def|1
|
|-weather|none
|-heal|p2b: Archaludon|63/100|[from] item: Leftovers
|-sideend|p1: origin_enjoyer|move: Light Screen
|upkeep
|
|t:|1784543110
|switch|p1b: sam|Sableye, L50, M|100/100
|turn|7
|
|t:|1784543118
|switch|p2a: Pelipper|Pelipper, L50, M|100/100
|-weather|RainDance|[from] ability: Drizzle|[of] p2a: Pelipper
|move|p1b: sam|Fake Out|p2b: Archaludon
|-resisted|p2b: Archaludon|1
|-damage|p2b: Archaludon|62/100
|-ability|p2b: Archaludon|Stamina|boost
|-boost|p2b: Archaludon|def|1
|cant|p2b: Archaludon|flinch
|move|p1a: Axel Blaze|Brave Bird|p2a: Pelipper
|-damage|p2a: Pelipper|45/100
|-enditem|p2a: Pelipper|Sitrus Berry|[eat]
|-heal|p2a: Pelipper|70/100|[from] item: Sitrus Berry
|-damage|p1a: Axel Blaze|78/100|[from] Recoil
|
|-weather|RainDance|[upkeep]
|-heal|p2b: Archaludon|69/100|[from] item: Leftovers
|upkeep
|turn|8
|
|t:|1784543130
|move|p1b: sam|Light Screen|p1b: sam
|-sidestart|p1: origin_enjoyer|move: Light Screen
|move|p2b: Archaludon|Electro Shot||[still]
|-prepare|p2b: Archaludon|Electro Shot
|-boost|p2b: Archaludon|spa|1
|-anim|p2b: Archaludon|Electro Shot|p1b: sam
|-damage|p1b: sam|0 fnt
|faint|p1b: sam
|move|p2a: Pelipper|Weather Ball|p1a: Axel Blaze
|-damage|p1a: Axel Blaze|50/100g
|move|p1a: Axel Blaze|Close Combat|p2b: Archaludon
|-supereffective|p2b: Archaludon|1
|-damage|p2b: Archaludon|41/100
|-boost|p1a: Axel Blaze|def|1
|-boost|p1a: Axel Blaze|spd|1
|-ability|p2b: Archaludon|Stamina|boost
|-boost|p2b: Archaludon|def|1
|
|-weather|RainDance|[upkeep]
|-heal|p2b: Archaludon|47/100|[from] item: Leftovers
|-sideend|p2: endershovel|move: Tailwind
|upkeep
|turn|9
|
|t:|1784543147
|switch|p2a: Sinistcha|Sinistcha-Masterpiece, L50|100/100
|-heal|p2b: Archaludon|72/100|[from] ability: Hospitality|[of] p2a: Sinistcha
|move|p1a: Axel Blaze|Protect|p1a: Axel Blaze
|-singleturn|p1a: Axel Blaze|Protect
|move|p2b: Archaludon|Protect||[still]
|-fail|p2b: Archaludon
|
|-weather|RainDance|[upkeep]
|-heal|p2b: Archaludon|78/100|[from] item: Leftovers
|upkeep
|turn|10
|
|t:|1784543153
|move|p2a: Sinistcha|Rage Powder|p2a: Sinistcha
|-singleturn|p2a: Sinistcha|move: Rage Powder
|move|p1a: Axel Blaze|Roost|p1a: Axel Blaze
|-heal|p1a: Axel Blaze|100/100
|-singleturn|p1a: Axel Blaze|move: Roost
|move|p2b: Archaludon|Electro Shot||[still]
|-prepare|p2b: Archaludon|Electro Shot
|-boost|p2b: Archaludon|spa|1
|-anim|p2b: Archaludon|Electro Shot|p1a: Axel Blaze
|-damage|p1a: Axel Blaze|52/100
|
|-weather|RainDance|[upkeep]
|-heal|p2b: Archaludon|84/100|[from] item: Leftovers
|upkeep
|turn|11
|
|t:|1784543163
|move|p2a: Sinistcha|Protect|p2a: Sinistcha
|-singleturn|p2a: Sinistcha|Protect
|move|p1a: Axel Blaze|Brave Bird|p2a: Sinistcha
|-activate|p2a: Sinistcha|move: Protect
|move|p2b: Archaludon|Electro Shot||[still]
|-prepare|p2b: Archaludon|Electro Shot
|-boost|p2b: Archaludon|spa|1
|-anim|p2b: Archaludon|Electro Shot|p1a: Axel Blaze
|-supereffective|p1a: Axel Blaze|1
|-damage|p1a: Axel Blaze|0 fnt
|faint|p1a: Axel Blaze
|
|win|endershovel
|raw|origin_enjoyer's rating: 1149 → 1136(-13 for losing)
|raw|endershovel's rating: 1332 → 1342(+10 for winning)
