|j|☆owbd
|j|☆nanum56770
|html|owbdnanum56770    
|uhtml|bestof|Game 2 of a best-of-3
|t:|1785490943
|gametype|doubles
|player|p1|owbd|cynthia-gen4|1195
|player|p2|nanum56770|170|1081
|gen|9
|tier|[Gen 9 Champions] VGC 2026 Reg M-B (Bo3)
|rated|
|rule|Species Clause: Limit one of each Pokémon
|rule|Item Clause: Limit 1 of each item
|clearpoke
|poke|p1|Charizard, L50, M, shiny|
|poke|p1|Floette-Eternal, L50, F|
|poke|p1|Kingambit, L50, M, shiny|
|poke|p1|Garchomp, L50, M, shiny|
|poke|p1|Basculegion, L50, M|
|poke|p1|Whimsicott, L50, M, shiny|
|poke|p2|Ceruledge, L50, F|
|poke|p2|Malamar, L50, F|
|poke|p2|Milotic, L50, F|
|poke|p2|Farigiraf, L50, M|
|poke|p2|Sableye, L50, M|
|poke|p2|Basculegion, L50, M|
|teampreview|4
|showteam|p1|Charizard||CharizarditeY|Blaze|HeatWave,WeatherBall,SolarBeam,Protect|Modest||M|||50|]Floette-Eternal||Floettite|FlowerVeil|Moonblast,DazzlingGleam,LightofRuin,Protect|Modest||F|||50|]Kingambit||BlackGlasses|Defiant|IronHead,KowtowCleave,SuckerPunch,Protect|Adamant||M|||50|]Garchomp||LifeOrb|RoughSkin|RockSlide,DragonClaw,Earthquake,Protect|Jolly||M|||50|]Basculegion||MysticWater|Adaptability|WaveCrash,LastRespects,AquaJet,Protect|Adamant||M|||50|]Whimsicott||FocusSash|Prankster|Moonblast,Encore,Tailwind,Protect|Timid||M|||50|
|showteam|p2|Ceruledge||FocusSash|FlashFire|ShadowSneak,Protect,BulkUp,BitterBlade|Jolly||F|||50|]Malamar||Malamarite|Contrary|Superpower,PsychoCut,FoulPlay,Protect|Sassy||F|||50|]Milotic||Leftovers|Competitive|Coil,Hypnosis,Scald,Recover|Bold||F|||50|]Farigiraf||SitrusBerry|ArmorTail|Thunderbolt,Psychic,TrickRoom,HyperVoice|Quiet||M|||50|]Sableye||MentalHerb|Prankster|WillOWisp,Taunt,LightScreen,Reflect|Relaxed||M|||50|]Basculegion||ChoiceScarf|Adaptability|IcyWind,WaveCrash,FlipTurn,LastRespects|Hasty||M|||50|
|inactive|Battle timer is ON: inactive players will automatically lose when time's up. (requested by owbd)
|inactive|nanum56770 also wants the timer to be on.
|
|t:|1785490970
|teamsize|p1|4
|teamsize|p2|4
|start
|switch|p1a: Floette|Floette-Eternal, L50, F|100/100
|switch|p1b: Whimsicott|Whimsicott, L50, M, shiny|100/100
|switch|p2a: Ceruledge|Ceruledge, L50, F|100/100
|switch|p2b: Milotic|Milotic, L50, F|100/100
|turn|1
|inactive|nanum56770 has 30 seconds left.
|inactive|nanum56770 has 20 seconds left.
|inactive|nanum56770 has 15 seconds left.
|
|t:|1785491010
|detailschange|p1a: Floette|Floette-Mega, L50, F
|-mega|p1a: Floette|Floette|Floettite
|-ability|p1a: Floette|Fairy Aura
|move|p1b: Whimsicott|Tailwind|p1b: Whimsicott
|-sidestart|p1: owbd|move: Tailwind
|move|p1a: Floette|Light of Ruin|p2b: Milotic
|-damage|p2b: Milotic|7/100
|-damage|p1a: Floette|38/100|[from] Recoil
|move|p2a: Ceruledge|Bitter Blade|p1b: Whimsicott
|-supereffective|p1b: Whimsicott|1
|-enditem|p1b: Whimsicott|Focus Sash
|-damage|p1b: Whimsicott|1/100
|move|p2b: Milotic|Recover|p2b: Milotic
|-heal|p2b: Milotic|57/100
|
|-heal|p2b: Milotic|63/100|[from] item: Leftovers
|upkeep
|turn|2
|inactive|nanum56770 has 30 seconds left.
|inactive|nanum56770 has 20 seconds left.
|inactive|nanum56770 has 15 seconds left.
|inactive|nanum56770 has 10 seconds left.
|inactive|nanum56770 has 5 seconds left.
|
|t:|1785491063
|move|p2a: Ceruledge|Shadow Sneak|p1b: Whimsicott
|-damage|p1b: Whimsicott|0 fnt
|faint|p1b: Whimsicott
|move|p1a: Floette|Light of Ruin|p2b: Milotic
|-damage|p2b: Milotic|0 fnt
|faint|p2b: Milotic
|-damage|p1a: Floette|0 fnt|[from] Recoil
|faint|p1a: Floette
|
|upkeep
|
|t:|1785491077
|switch|p1b: Garchomp|Garchomp, L50, M, shiny|100/100
|switch|p1a: Basculegion|Basculegion, L50, M|100/100
|switch|p2b: Basculegion|Basculegion, L50, M|100/100
|turn|3
|inactive|nanum56770 has 30 seconds left.
|inactive|nanum56770 has 20 seconds left.
|inactive|nanum56770 has 15 seconds left.
|inactive|nanum56770 has 10 seconds left.
|inactive|nanum56770 has 5 seconds left.
|
|t:|1785491127
|move|p2a: Ceruledge|Protect|p2a: Ceruledge
|-singleturn|p2a: Ceruledge|Protect
|move|p1b: Garchomp|Rock Slide|p2b: Basculegion|[spread] p2b
|-activate|p2a: Ceruledge|move: Protect
|-damage|p2b: Basculegion|63/100
|-damage|p1b: Garchomp|90/100|[from] item: Life Orb
|move|p1a: Basculegion|Last Respects|p2b: Basculegion
|-supereffective|p2b: Basculegion|1
|-crit|p2b: Basculegion
|-damage|p2b: Basculegion|0 fnt
|faint|p2b: Basculegion
|
|upkeep
|
|t:|1785491139
|switch|p2b: Malamar|Malamar, L50, F|100/100
|turn|4
|
|t:|1785491155
|detailschange|p2b: Malamar|Malamar-Mega, L50, F
|-mega|p2b: Malamar|Malamar|Malamarite
|move|p2b: Malamar|Protect|p2b: Malamar
|-singleturn|p2b: Malamar|Protect
|move|p2a: Ceruledge|Shadow Sneak|p1a: Basculegion
|-supereffective|p1a: Basculegion|1
|-damage|p1a: Basculegion|53/100
|move|p1b: Garchomp|Rock Slide|p2b: Malamar|[spread] p2a
|-activate|p2b: Malamar|move: Protect
|-supereffective|p2a: Ceruledge|1
|-damage|p2a: Ceruledge|24/100
|-damage|p1b: Garchomp|80/100|[from] item: Life Orb
|move|p1a: Basculegion|Last Respects|p2b: Malamar
|-activate|p2b: Malamar|move: Protect
|
|-sideend|p1: owbd|move: Tailwind
|upkeep
|turn|5
|inactive|nanum56770 has 30 seconds left.
|
|t:|1785491190
|move|p1a: Basculegion|Protect|p1a: Basculegion
|-singleturn|p1a: Basculegion|Protect
|move|p1b: Garchomp|Earthquake|p2b: Malamar|[spread] p2a,p2b
|-activate|p1a: Basculegion|move: Protect
|-supereffective|p2a: Ceruledge|1
|-crit|p2a: Ceruledge
|-damage|p2a: Ceruledge|0 fnt
|-damage|p2b: Malamar|51/100
|faint|p2a: Ceruledge
|-damage|p1b: Garchomp|70/100|[from] item: Life Orb
|move|p2b: Malamar|Superpower|p1b: Garchomp
|-damage|p1b: Garchomp|44/100
|-boost|p2b: Malamar|atk|1
|-boost|p2b: Malamar|def|1
|-damage|p2b: Malamar|38/100|[from] ability: Rough Skin|[of] p1b: Garchomp
|
|upkeep
|turn|6
|
|t:|1785491211
|move|p2b: Malamar|Protect|p2b: Malamar
|-singleturn|p2b: Malamar|Protect
|move|p1b: Garchomp|Dragon Claw|p2b: Malamar
|-activate|p2b: Malamar|move: Protect
|move|p1a: Basculegion|Last Respects|p2b: Malamar
|-activate|p2b: Malamar|move: Protect
|
|upkeep
|turn|7
|
|t:|1785491224
|move|p1b: Garchomp|Dragon Claw|p2b: Malamar
|-damage|p2b: Malamar|3/100
|-damage|p1b: Garchomp|34/100|[from] item: Life Orb
|move|p1a: Basculegion|Last Respects|p2b: Malamar
|-damage|p2b: Malamar|0 fnt
|faint|p2b: Malamar
|
|win|owbd
|raw|owbd's rating: 1195 → 1212(+17 for winning)
|raw|nanum56770's rating: 1081 → 1066(-15 for losing)
|l|☆nanum56770
|player|p2|
