|j|☆grapejuiceplaysyt
|j|☆Joker113
|html|grapejuiceplaysytJoker113    
|uhtml|bestof|Game 1 of a best-of-3
|t:|1757781537
|gametype|doubles
|player|p1|grapejuiceplaysyt|roughneck-gen4|1081
|player|p2|Joker113|2|1056
|gen|9
|tier|[Gen 9] VGC 2025 Reg H (Bo3)
|rated|
|rule|Species Clause: Limit one of each Pokémon
|rule|Item Clause: Limit 1 of each item
|clearpoke
|poke|p1|Charizard, L50, F|
|poke|p1|Torkoal, L50, F|
|poke|p1|Porygon2, L50|
|poke|p1|Incineroar, L50, M|
|poke|p1|Jumpluff, L50, F|
|poke|p1|Ursaluna, L50, M|
|poke|p2|Farigiraf, L50, M|
|poke|p2|Amoonguss, L50, F|
|poke|p2|Ursaluna, L50, M|
|poke|p2|Gholdengo, L50|
|poke|p2|Incineroar, L50, M|
|poke|p2|Slowbro, L50, F|
|teampreview|4
|showteam|p1|Charizard||ChoiceSpecs|SolarPower|HeatWave,Overheat,WeatherBall,AirSlash|||F|||50|,,,,,Ghost]Torkoal||EjectPack|Drought|Eruption,Overheat,HelpingHand,Protect|||F|||50|,,,,,Fire]Porygon2||Eviolite|Download|TeraBlast,IceBeam,Recover,TrickRoom||||||50|,,,,,Fighting]Incineroar||SitrusBerry|Intimidate|FlareBlitz,KnockOff,FakeOut,PartingShot|||M|||50|,,,,,Ghost]Jumpluff||CovertCloak|Chlorophyll|SleepPowder,SunnyDay,RagePowder,Tailwind|||F|||50|,,,,,Water]Ursaluna||FlameOrb|Guts|HeadlongRush,Facade,Earthquake,Protect|||M|||50|,,,,,Ghost
|showteam|p2|Farigiraf||ThroatSpray|ArmorTail|TrickRoom,Psychic,HelpingHand,HyperVoice|||M|||50|,,,,,Grass]Amoonguss||SitrusBerry|Regenerator|SludgeBomb,RagePowder,Spore,Protect|||F|||50|,,,,,Water]Ursaluna||FlameOrb|Guts|Earthquake,Facade,HeadlongRush,Protect|||M|||50|,,,,,Ghost]Gholdengo||FocusSash|GoodasGold|MakeItRain,ShadowBall,NastyPlot,Protect||||||50|,,,,,Steel]Incineroar||CovertCloak|Intimidate|FlareBlitz,FakeOut,KnockOff,PartingShot|||M|||50|,,,,,Water]Slowbro||RockyHelmet|Regenerator|BodyPress,HealPulse,MuddyWater,IronDefense|||F|||50|,,,,,Fighting
|inactive|Battle timer is ON: inactive players will automatically lose when time's up. (requested by grapejuiceplaysyt)
|inactive|Joker113 has 60 seconds left.
|
|t:|1757781587
|teamsize|p1|4
|teamsize|p2|4
|start
|switch|p1a: Incineroar|Incineroar, L50, M|100/100
|switch|p1b: Porygon2|Porygon2, L50|100/100
|switch|p2a: Incineroar|Incineroar, L50, M|100/100
|switch|p2b: Slowbro|Slowbro, L50, F|100/100
|-ability|p1a: Incineroar|Intimidate|boost
|-unboost|p2a: Incineroar|atk|1
|-unboost|p2b: Slowbro|atk|1
|-ability|p1b: Porygon2|Download|boost
|-boost|p1b: Porygon2|spa|1
|-ability|p2a: Incineroar|Intimidate|boost
|-unboost|p1a: Incineroar|atk|1
|-unboost|p1b: Porygon2|atk|1
|turn|1
|inactive|grapejuiceplaysyt has 30 seconds left.
|inactive|grapejuiceplaysyt has 20 seconds left.
|inactive|grapejuiceplaysyt has 15 seconds left.
|inactive|Joker113 has 30 seconds left.
|
|t:|1757781632
|-terastallize|p1b: Porygon2|Fighting
|move|p1a: Incineroar|Fake Out|p2b: Slowbro
|-damage|p2b: Slowbro|95/100
|-damage|p1a: Incineroar|84/100|[from] item: Rocky Helmet|[of] p2b: Slowbro
|move|p1b: Porygon2|Tera Blast|p2a: Incineroar|[anim] Tera Blast Fighting
|-supereffective|p2a: Incineroar
|-damage|p2a: Incineroar|0 fnt
|faint|p2a: Incineroar
|cant|p2b: Slowbro|flinch
|
|upkeep
|
|t:|1757781644
|switch|p2a: Farigiraf|Farigiraf, L50, M|100/100
|turn|2
|
|t:|1757781671
|-terastallize|p2b: Slowbro|Fighting
|move|p1a: Incineroar|Knock Off|p2a: Farigiraf
|-supereffective|p2a: Farigiraf
|-damage|p2a: Farigiraf|44/100
|-enditem|p2a: Farigiraf|Throat Spray|[from] move: Knock Off|[of] p1a: Incineroar
|move|p2a: Farigiraf|Hyper Voice|p1a: Incineroar|[spread] p1a,p1b
|-damage|p1a: Incineroar|51/100
|-damage|p1b: Porygon2|78/100
|move|p2b: Slowbro|Body Press|p1a: Incineroar
|-supereffective|p1a: Incineroar
|-damage|p1a: Incineroar|0 fnt
|faint|p1a: Incineroar
|move|p1b: Porygon2|Trick Room|p1b: Porygon2
|-fieldstart|move: Trick Room|[of] p1b: Porygon2
|
|upkeep
|
|t:|1757781686
|switch|p1a: Torkoal|Torkoal, L50, F|100/100
|-weather|SunnyDay|[from] ability: Drought|[of] p1a: Torkoal
|turn|3
|
|t:|1757781700
|move|p1a: Torkoal|Eruption|p2b: Slowbro|[spread] p2a,p2b
|-damage|p2a: Farigiraf|0 fnt
|-damage|p2b: Slowbro|18/100
|faint|p2a: Farigiraf
|move|p2b: Slowbro|Body Press|p1a: Torkoal
|-damage|p1a: Torkoal|68/100
|move|p1b: Porygon2|Tera Blast|p2b: Slowbro|[anim] Tera Blast Fighting
|-damage|p2b: Slowbro|0 fnt
|faint|p2b: Slowbro
|
|-weather|SunnyDay|[upkeep]
|upkeep
|
|t:|1757781705
|switch|p2b: Ursaluna|Ursaluna, L50, M|100/100
|turn|4
|
|t:|1757781719
|switch|p1a: Ursaluna|Ursaluna, L50, M|100/100
|move|p2b: Ursaluna|Protect|p2b: Ursaluna
|-singleturn|p2b: Ursaluna|Protect
|move|p1b: Porygon2|Tera Blast|p2b: Ursaluna|[anim] Tera Blast Fighting
|-activate|p2b: Ursaluna|move: Protect
|
|-weather|SunnyDay|[upkeep]
|-status|p2b: Ursaluna|brn|[from] item: Flame Orb
|-status|p1a: Ursaluna|brn|[from] item: Flame Orb
|upkeep
|turn|5
|
|t:|1757781737
|move|p1a: Ursaluna|Protect|p1a: Ursaluna
|-singleturn|p1a: Ursaluna|Protect
|move|p2b: Ursaluna|Earthquake|p1b: Porygon2|[spread] p1b
|-activate|p1a: Ursaluna|move: Protect
|-damage|p1b: Porygon2|34/100
|move|p1b: Porygon2|Tera Blast|p2b: Ursaluna|[anim] Tera Blast Fighting
|-supereffective|p2b: Ursaluna
|-damage|p2b: Ursaluna|0 fnt
|faint|p2b: Ursaluna
|
|win|grapejuiceplaysyt
||Joker113 is ready for game 2.
|inactive|grapejuiceplaysyt has 30 seconds to confirm battle start!
||grapejuiceplaysyt is ready for game 2.
|uhtml|next|Next: Game 2 of 3
