|j|☆ItsTatinn
|j|☆Dr.Foguinho
|html|ItsTatinnDr.Foguinho    
|uhtml|bestof|Game 2 of a best-of-3
|t:|1782592702
|gametype|doubles
|player|p1|ItsTatinn|102|
|player|p2|Dr.Foguinho|170|
|gen|9
|tier|[Gen 9 Champions] VGC 2026 Reg M-B (Bo3)
|rule|Species Clause: Limit one of each Pokémon
|rule|Item Clause: Limit 1 of each item
|clearpoke
|poke|p1|Charizard, L50, M|
|poke|p1|Lucario, L50, F|
|poke|p1|Venusaur, L50, F|
|poke|p1|Arcanine, L50, F|
|poke|p1|Milotic, L50, F|
|poke|p1|Clefable, L50, M|
|poke|p2|Tyranitar, L50, M|
|poke|p2|Garchomp, L50, M|
|poke|p2|Houndstone, L50, M|
|poke|p2|Excadrill, L50, F|
|poke|p2|Corviknight, L50, F|
|poke|p2|Azumarill, L50, F|
|teampreview|4
|showteam|p1|Charizard||CharizarditeY|Blaze|HeatWave,SolarBeam,ScorchingSands,Protect|Timid||M|||50|]Lucario||FocusSash|InnerFocus|CloseCombat,MeteorMash,ExtremeSpeed,Protect|Jolly||F|||50|]Venusaur||LifeOrb|Chlorophyll|GigaDrain,SludgeBomb,WeatherBall,SleepPowder|Modest||F|||50|]Arcanine||SitrusBerry|Intimidate|FlareBlitz,ExtremeSpeed,WillOWisp,Protect|Careful||F|||50|]Milotic||Leftovers|Competitive|Scald,IceBeam,Recover,Protect|Bold||F|||50|]Clefable||MentalHerb|Unaware|FollowMe,Moonblast,HelpingHand,Protect|Calm||M|||50|
|showteam|p2|Tyranitar||Tyranitarite|SandStream|IcePunch,Crunch,RockSlide,StealthRock|Adamant||M|||50|]Garchomp||LifeOrb|RoughSkin|RockSlide,DragonClaw,Protect,Earthquake|Adamant||M|||50|]Houndstone||SpellTag|SandRush|LastRespects,PlayRough,WillOWisp,StompingTantrum|Adamant||M|||50|]Excadrill||Excadrite|SandRush|IronHead,Earthquake,RapidSpin,StealthRock|Adamant||F|||50|]Corviknight||Leftovers|MirrorArmor|BodyPress,IronDefense,Tailwind,BraveBird|Impish||F|||50|]Azumarill||SitrusBerry|HugePower|AquaJet,BellyDrum,Protect,PlayRough|Adamant||F|||50|
|
|t:|1782592887
|teamsize|p1|4
|teamsize|p2|4
|start
|switch|p1a: Charizard|Charizard, L50, M|100/100
|switch|p1b: Venusaur|Venusaur, L50, F|100/100
|switch|p2a: Tyranitar|Tyranitar, L50, M|100/100
|switch|p2b: Garchomp|Garchomp, L50, M|100/100
|-weather|Sandstorm|[from] ability: Sand Stream|[of] p2a: Tyranitar
|turn|1
|
|t:|1782592926
|detailschange|p1a: Charizard|Charizard-Mega-Y, L50, M
|-mega|p1a: Charizard|Charizard|Charizardite Y
|-weather|SunnyDay|[from] ability: Drought|[of] p1a: Charizard
|detailschange|p2a: Tyranitar|Tyranitar-Mega, L50, M
|-mega|p2a: Tyranitar|Tyranitar|Tyranitarite
|-weather|Sandstorm|[from] ability: Sand Stream|[of] p2a: Tyranitar
|move|p1a: Charizard|Protect|p1a: Charizard
|-singleturn|p1a: Charizard|Protect
|move|p2b: Garchomp|Rock Slide|p1a: Charizard|[spread] p1b
|-activate|p1a: Charizard|move: Protect
|-damage|p1b: Venusaur|63/100
|-damage|p2b: Garchomp|90/100|[from] item: Life Orb
|move|p1b: Venusaur|Sleep Powder|p2a: Tyranitar
|-status|p2a: Tyranitar|slp|[from] move: Sleep Powder
|cant|p2a: Tyranitar|slp
|
|-weather|Sandstorm|[upkeep]
|-damage|p1a: Charizard|94/100|[from] Sandstorm
|-damage|p1b: Venusaur|57/100|[from] Sandstorm
|upkeep
|turn|2
|
|t:|1782592967
|move|p1a: Charizard|Solar Beam||[still]
|-prepare|p1a: Charizard|Solar Beam
|move|p2b: Garchomp|Rock Slide|p1b: Venusaur|[spread] p1a,p1b
|-supereffective|p1a: Charizard|2
|-damage|p1a: Charizard|0 fnt
|-damage|p1b: Venusaur|20/100y
|faint|p1a: Charizard
|-damage|p2b: Garchomp|80/100|[from] item: Life Orb
|cant|p1b: Venusaur|flinch
|cant|p2a: Tyranitar|slp
|
|-weather|Sandstorm|[upkeep]
|-damage|p1b: Venusaur|14/100|[from] Sandstorm
|upkeep
|
|t:|1782592983
|switch|p1a: Arcanine|Arcanine, L50, F|100/100
|-ability|p1a: Arcanine|Intimidate|boost
|-unboost|p2a: Tyranitar|atk|1
|-unboost|p2b: Garchomp|atk|1
|turn|3
|
|t:|1782593022
|move|p2b: Garchomp|Rock Slide|p1a: Arcanine|[spread] p1b
|-miss|p2b: Garchomp|p1a: Arcanine
|-damage|p1b: Venusaur|0 fnt
|faint|p1b: Venusaur
|-damage|p2b: Garchomp|71/100|[from] item: Life Orb
|move|p1a: Arcanine|Will-O-Wisp|p2b: Garchomp
|-status|p2b: Garchomp|brn
|-curestatus|p2a: Tyranitar|slp|[msg]
|move|p2a: Tyranitar|Rock Slide|p1a: Arcanine
|-supereffective|p1a: Arcanine|1
|-damage|p1a: Arcanine|20/100y
|-enditem|p1a: Arcanine|Sitrus Berry|[eat]
|-heal|p1a: Arcanine|45/100|[from] item: Sitrus Berry
|
|-weather|Sandstorm|[upkeep]
|-damage|p1a: Arcanine|39/100|[from] Sandstorm
|-damage|p2b: Garchomp|64/100 brn|[from] brn
|upkeep
|
|t:|1782593042
|switch|p1b: Lucario|Lucario, L50, F|100/100
|turn|4
|
|t:|1782593062
|switch|p2b: Houndstone|Houndstone, L50, M|100/100
|switch|p2a: Corviknight|Corviknight, L50, F|100/100
|move|p1a: Arcanine|Extreme Speed|p2b: Houndstone
|-immune|p2b: Houndstone
|move|p1b: Lucario|Meteor Mash|p2a: Corviknight
|-resisted|p2a: Corviknight|1
|-damage|p2a: Corviknight|86/100
|
|-weather|Sandstorm|[upkeep]
|-damage|p1a: Arcanine|33/100|[from] Sandstorm
|-heal|p2a: Corviknight|92/100|[from] item: Leftovers
|upkeep
|turn|5
|
|t:|1782593087
|move|p1b: Lucario|Protect|p1b: Lucario
|-singleturn|p1b: Lucario|Protect
|move|p2b: Houndstone|Stomping Tantrum|p1a: Arcanine
|-supereffective|p1a: Arcanine|1
|-damage|p1a: Arcanine|0 fnt
|faint|p1a: Arcanine
|move|p2a: Corviknight|Iron Defense|p2a: Corviknight
|-boost|p2a: Corviknight|def|2
|
|-weather|none
|-heal|p2a: Corviknight|98/100|[from] item: Leftovers
|upkeep
|turn|6
|
|t:|1782593116
|move|p1b: Lucario|Close Combat|p2a: Corviknight
|-damage|p2a: Corviknight|80/100
|-unboost|p1b: Lucario|def|1
|-unboost|p1b: Lucario|spd|1
|move|p2b: Houndstone|Stomping Tantrum|p1b: Lucario
|-supereffective|p1b: Lucario|1
|-enditem|p1b: Lucario|Focus Sash
|-damage|p1b: Lucario|1/100
|move|p2a: Corviknight|Body Press|p1b: Lucario
|-supereffective|p1b: Lucario|1
|-damage|p1b: Lucario|0 fnt
|faint|p1b: Lucario
|
|win|Dr.Foguinho
