|j|☆Memergg
|j|☆LnKha23
|html|MemerggLnKha23    
|uhtml|bestof|Game 1 of a best-of-3
|t:|1782368776
|gametype|doubles
|player|p1|Memergg|ghetsis-gen5bw|1000
|player|p2|LnKha23|169|1000
|gen|9
|tier|[Gen 9 Champions] VGC 2026 Reg M-B (Bo3)
|rated|
|rule|Species Clause: Limit one of each Pokémon
|rule|Item Clause: Limit 1 of each item
|clearpoke
|poke|p1|Whimsicott, L50, M, shiny|
|poke|p1|Staraptor, L50, F, shiny|
|poke|p1|Incineroar, L50, M, shiny|
|poke|p1|Milotic, L50, M, shiny|
|poke|p1|Gholdengo, L50|
|poke|p1|Garchomp, L50, F, shiny|
|poke|p2|Venusaur, L50, M|
|poke|p2|Dragapult, L50, M|
|poke|p2|Whimsicott, L50, M|
|poke|p2|Sneasler, L50, M|
|poke|p2|Archaludon, L50, M|
|poke|p2|Charizard, L50, M|
|teampreview|4
|showteam|p1|Whimsicott||FocusSash|Prankster|Tailwind,Charm,Protect,Moonblast|Timid||M|||50|]Staraptor||Staraptite|Intimidate|BraveBird,CloseCombat,Roost,Protect|Jolly||F|||50|]Incineroar||SitrusBerry|Intimidate|FakeOut,FlareBlitz,PartingShot,DarkestLariat|Careful||M|||50|]Milotic||Leftovers|Competitive|MuddyWater,Scald,IceBeam,Protect|Calm||M|||50|]Gholdengo||WhiteHerb|GoodasGold|MakeItRain,ShadowBall,NastyPlot,Protect|Modest|||||50|]Garchomp||LifeOrb|RoughSkin|DragonClaw,StompingTantrum,RockSlide,Protect|Jolly||F|||50|
|showteam|p2|Venusaur||MentalHerb|Chlorophyll|SolarBeam,SludgeBomb,SleepPowder,Protect|Serious||M|||50|]Dragapult||QuickClaw|Infiltrator|DragonDarts,SuckerPunch,PhantomForce,Protect|Serious||M|||50|]Whimsicott||FocusSash|Prankster|Moonblast,Tailwind,HelpingHand,Protect|Serious||M|||50|]Sneasler||SilkScarf|Unburden|FakeOut,Protect,DireClaw,CloseCombat|Serious||M|||50|]Archaludon||Leftovers|Stamina|DracoMeteor,ElectroShot,Protect,FlashCannon|Serious||M|||50|]Charizard||CharizarditeY|Blaze|HeatWave,SolarBeam,FireBlast,Protect|Serious||M|||50|
|inactive|Battle timer is ON: inactive players will automatically lose when time's up. (requested by Memergg)
|inactive|Memergg has 60 seconds left.
|
|t:|1782368827
|teamsize|p1|4
|teamsize|p2|4
|start
|switch|p1a: Incineroar|Incineroar, L50, M, shiny|100/100
|switch|p1b: Whimsicott|Whimsicott, L50, M, shiny|100/100
|switch|p2a: Charizard|Charizard, L50, M|100/100
|switch|p2b: Venusaur|Venusaur, L50, M|100/100
|-ability|p1a: Incineroar|Intimidate|boost
|-unboost|p2a: Charizard|atk|1
|-unboost|p2b: Venusaur|atk|1
|turn|1
|inactive|LnKha23 has 30 seconds left.
|
|t:|1782368854
|detailschange|p2a: Charizard|Charizard-Mega-Y, L50, M
|-mega|p2a: Charizard|Charizard|Charizardite Y
|-weather|SunnyDay|[from] ability: Drought|[of] p2a: Charizard
|move|p1b: Whimsicott|Tailwind|p1b: Whimsicott
|-sidestart|p1: Memergg|move: Tailwind
|move|p2b: Venusaur|Sleep Powder|p1a: Incineroar|[miss]
|-miss|p2b: Venusaur|p1a: Incineroar
|move|p1a: Incineroar|Flare Blitz|p2b: Venusaur
|-supereffective|p2b: Venusaur|1
|-crit|p2b: Venusaur
|-damage|p2b: Venusaur|0 fnt
|faint|p2b: Venusaur
|-damage|p1a: Incineroar|72/100|[from] Recoil
|move|p2a: Charizard|Heat Wave|p1b: Whimsicott|[spread] p1a,p1b
|-resisted|p1a: Incineroar|1
|-supereffective|p1b: Whimsicott|1
|-damage|p1a: Incineroar|48/100
|-enditem|p1b: Whimsicott|Focus Sash
|-damage|p1b: Whimsicott|1/100
|-enditem|p1a: Incineroar|Sitrus Berry|[eat]
|-heal|p1a: Incineroar|73/100|[from] item: Sitrus Berry
|
|-weather|SunnyDay|[upkeep]
|upkeep
|inactive|LnKha23 has 30 seconds left.
|
|t:|1782368880
|switch|p2b: Sneasler|Sneasler, L50, M|100/100
|turn|2
|
|t:|1782368889
|move|p1b: Whimsicott|Protect|p1b: Whimsicott
|-singleturn|p1b: Whimsicott|Protect
|move|p2b: Sneasler|Fake Out|p1a: Incineroar
|-damage|p1a: Incineroar|57/100
|cant|p1a: Incineroar|flinch
|move|p2a: Charizard|Heat Wave|p1b: Whimsicott|[spread] 
|-activate|p1b: Whimsicott|move: Protect
|-miss|p2a: Charizard|p1a: Incineroar
|
|-weather|SunnyDay|[upkeep]
|upkeep
|turn|3
|
|t:|1782368909
|move|p1b: Whimsicott|Charm|p2b: Sneasler
|-unboost|p2b: Sneasler|atk|2
|move|p1a: Incineroar|Parting Shot|p2a: Charizard
|-unboost|p2a: Charizard|atk|1
|-unboost|p2a: Charizard|spa|1
|
|t:|1782368917
|switch|p1a: Garchomp|Garchomp, L50, F, shiny|100/100|[from] Parting Shot
|move|p2b: Sneasler|Dire Claw|p1b: Whimsicott
|-supereffective|p1b: Whimsicott|2
|-damage|p1b: Whimsicott|0 fnt
|faint|p1b: Whimsicott
|move|p2a: Charizard|Heat Wave|p1a: Garchomp
|-resisted|p1a: Garchomp|1
|-damage|p1a: Garchomp|70/100
|
|-weather|SunnyDay|[upkeep]
|upkeep
|
|t:|1782368923
|switch|p1b: Incineroar|Incineroar, L50, M, shiny|57/100
|-ability|p1b: Incineroar|Intimidate|boost
|-unboost|p2a: Charizard|atk|1
|-unboost|p2b: Sneasler|atk|1
|turn|4
|
|t:|1782368939
|move|p2b: Sneasler|Protect|p2b: Sneasler
|-singleturn|p2b: Sneasler|Protect
|move|p1b: Incineroar|Fake Out|p2a: Charizard
|-damage|p2a: Charizard|87/100
|move|p1a: Garchomp|Stomping Tantrum|p2b: Sneasler
|-activate|p2b: Sneasler|move: Protect
|cant|p2a: Charizard|flinch
|
|-weather|SunnyDay|[upkeep]
|-sideend|p1: Memergg|move: Tailwind
|upkeep
|turn|5
|
|t:|1782368958
|move|p1a: Garchomp|Rock Slide|p2b: Sneasler|[spread] p2a,p2b
|-supereffective|p2a: Charizard|2
|-resisted|p2b: Sneasler|1
|-damage|p2a: Charizard|0 fnt
|-damage|p2b: Sneasler|81/100
|faint|p2a: Charizard
|-damage|p1a: Garchomp|60/100|[from] item: Life Orb
|cant|p2b: Sneasler|flinch
|move|p1b: Incineroar|Parting Shot|p2b: Sneasler
|-unboost|p2b: Sneasler|atk|1
|-unboost|p2b: Sneasler|spa|1
|
|t:|1782368968
|switch|p1b: Staraptor|Staraptor, L50, F, shiny|100/100|[from] Parting Shot
|-ability|p1b: Staraptor|Intimidate|boost
|-unboost|p2b: Sneasler|atk|1
|
|-weather|none
|upkeep
|
|t:|1782368978
|switch|p2a: Dragapult|Dragapult, L50, M|100/100
|turn|6
|inactive|Memergg has 30 seconds left.
|
|t:|1782369010
|detailschange|p1b: Staraptor|Staraptor-Mega, L50, F, shiny
|-mega|p1b: Staraptor|Staraptor|Staraptite
|move|p1a: Garchomp|Protect|p1a: Garchomp
|-singleturn|p1a: Garchomp|Protect
|move|p2a: Dragapult|Dragon Darts|p1b: Staraptor
|-damage|p1b: Staraptor|76/100
|-anim|p2a: Dragapult|Dragon Darts|p1b: Staraptor
|-damage|p1b: Staraptor|54/100
|move|p2b: Sneasler|Dire Claw|p1b: Staraptor
|-damage|p1b: Staraptor|43/100
|move|p1b: Staraptor|Brave Bird|p2a: Dragapult
|-damage|p2a: Dragapult|41/100
|-damage|p1b: Staraptor|25/100|[from] Recoil
|
|upkeep
|turn|7
|inactive|Memergg has 30 seconds left.
|inactive|LnKha23 has 30 seconds left.
|
|t:|1782369043
|move|p1a: Garchomp|Dragon Claw|p2a: Dragapult
|-supereffective|p2a: Dragapult|1
|-damage|p2a: Dragapult|0 fnt
|faint|p2a: Dragapult
|-damage|p1a: Garchomp|50/100g|[from] item: Life Orb
|move|p2b: Sneasler|Close Combat|p1b: Staraptor
|-resisted|p1b: Staraptor|1
|-damage|p1b: Staraptor|16/100
|-unboost|p2b: Sneasler|def|1
|-unboost|p2b: Sneasler|spd|1
|move|p1b: Staraptor|Brave Bird|p2b: Sneasler
|-supereffective|p2b: Sneasler|1
|-damage|p2b: Sneasler|0 fnt
|faint|p2b: Sneasler
|-damage|p1b: Staraptor|0 fnt|[from] Recoil
|faint|p1b: Staraptor
|
|win|Memergg
|inactive|Memergg has 30 seconds to confirm battle start!
|inactive|LnKha23 has 30 seconds to confirm battle start!
||Memergg is ready for game 2.
