|j|☆Mumblin'Penguin
|j|☆Fr3gsy
|html|Mumblin'PenguinFr3gsy    
|uhtml|bestof|Game 3 of a best-of-3
|t:|1756378802
|gametype|doubles
|player|p1|Mumblin'Penguin|gambler|1227
|player|p2|Fr3gsy|giovanni|1111
|gen|9
|tier|[Gen 9] VGC 2025 Reg H (Bo3)
|rated|
|rule|Species Clause: Limit one of each Pokémon
|rule|Item Clause: Limit 1 of each item
|clearpoke
|poke|p1|Ursaluna-Bloodmoon, L50, M|
|poke|p1|Gholdengo, L50|
|poke|p1|Dragonite, L50, M|
|poke|p1|Sneasler, L50, F|
|poke|p1|Incineroar, L50, M|
|poke|p1|Amoonguss, L50, F|
|poke|p2|Archaludon, L50, M|
|poke|p2|Pelipper, L50, M|
|poke|p2|Basculegion, L50, M|
|poke|p2|Sneasler, L50, F|
|poke|p2|Gholdengo, L50|
|poke|p2|Rillaboom, L50, F|
|teampreview|4
|showteam|p1|Ursaluna-Bloodmoon||AssaultVest|MindsEye|BloodMoon,EarthPower,VacuumWave,HyperVoice|||M|||50|,,,,,Water]Gholdengo||LifeOrb|GoodasGold|Protect,MakeItRain,ShadowBall,NastyPlot||||||50|,,,,,Water]Dragonite||LoadedDice|Multiscale|ScaleShot,Tailwind,Haze,Protect|||M|||50|,,,,,Fairy]Sneasler||FocusSash|Unburden|Protect,DireClaw,CloseCombat,ThroatChop|||F|||50|,,,,,Stellar]Incineroar||SafetyGoggles|Intimidate|KnockOff,PartingShot,FlareBlitz,FakeOut|||M|||50|,,,,,Ghost]Amoonguss||SitrusBerry|Regenerator|RagePowder,Spore,PollenPuff,Protect|||F|||50|,,,,,Psychic
|showteam|p2|Archaludon||AssaultVest|Stamina|ElectroShot,DragonPulse,BodyPress,FlashCannon|||M|||50|,,,,,Fairy]Pelipper||FocusSash|Drizzle|WeatherBall,Hurricane,Protect,Tailwind|||M|||50|,,,,,Ghost]Basculegion||ChoiceScarf|Adaptability|FlipTurn,WaveCrash,LastRespects,Crunch|||M|||50|,,,,,Water]Sneasler||GrassySeed|Unburden|DireClaw,CloseCombat,FakeOut,ThroatChop|||F|||50|,,,,,Ghost]Gholdengo||LifeOrb|GoodasGold|MakeItRain,NastyPlot,Protect,ShadowBall||||||50|,,,,,Steel]Rillaboom||MiracleSeed|GrassySurge|FakeOut,Uturn,GrassyGlide,WoodHammer|||F|||50|,,,,,Fire
|
|t:|1756378827
|teamsize|p1|4
|teamsize|p2|4
|start
|switch|p1a: Dragonite|Dragonite, L50, M|100/100
|switch|p1b: Incineroar|Incineroar, L50, M|100/100
|switch|p2a: Rillaboom|Rillaboom, L50, F|100/100
|switch|p2b: Sneasler|Sneasler, L50, F|100/100
|-ability|p1b: Incineroar|Intimidate|boost
|-unboost|p2a: Rillaboom|atk|1
|-unboost|p2b: Sneasler|atk|1
|-fieldstart|move: Grassy Terrain|[from] ability: Grassy Surge|[of] p2a: Rillaboom
|-enditem|p2b: Sneasler|Grassy Seed
|-boost|p2b: Sneasler|def|1|[from] item: Grassy Seed
|turn|1
|
|t:|1756378882
|-terastallize|p1b: Incineroar|Ghost
|move|p2a: Rillaboom|Fake Out|p1a: Dragonite
|-damage|p1a: Dragonite|95/100
|move|p2b: Sneasler|Close Combat|p1b: Incineroar
|-immune|p1b: Incineroar
|cant|p1a: Dragonite|flinch
|move|p1b: Incineroar|Flare Blitz|p2a: Rillaboom
|-supereffective|p2a: Rillaboom
|-damage|p2a: Rillaboom|1/100
|-damage|p1b: Incineroar|66/100|[from] Recoil
|
|-heal|p2a: Rillaboom|7/100|[from] Grassy Terrain
|-heal|p1b: Incineroar|72/100|[from] Grassy Terrain
|upkeep
|turn|2
|
|t:|1756378915
|switch|p1b: Sneasler|Sneasler, L50, F|100/100
|move|p2b: Sneasler|Dire Claw|p1a: Dragonite
|-damage|p1a: Dragonite|64/100
|move|p1a: Dragonite|Scale Shot|p2b: Sneasler|[miss]
|-miss|p1a: Dragonite|p2b: Sneasler
|move|p2a: Rillaboom|U-turn|p1b: Sneasler
|-resisted|p1b: Sneasler
|-damage|p1b: Sneasler|93/100
|
|t:|1756378927
|switch|p2a: Basculegion|Basculegion, L50, M|100/100|[from] U-turn
|
|-heal|p1b: Sneasler|99/100|[from] Grassy Terrain
|upkeep
|turn|3
|
|t:|1756378956
|switch|p1a: Incineroar|Incineroar, L50, M, tera:Ghost|72/100
|-ability|p1a: Incineroar|Intimidate|boost
|-unboost|p2a: Basculegion|atk|1
|-unboost|p2b: Sneasler|atk|1
|move|p1b: Sneasler|Protect|p1b: Sneasler
|-singleturn|p1b: Sneasler|Protect
|move|p2b: Sneasler|Dire Claw|p1a: Incineroar
|-resisted|p1a: Incineroar
|-damage|p1a: Incineroar|62/100
|-status|p1a: Incineroar|slp
|move|p2a: Basculegion|Wave Crash|p1b: Sneasler
|-activate|p1b: Sneasler|move: Protect
|
|-heal|p1b: Sneasler|100/100|[from] Grassy Terrain
|-heal|p1a: Incineroar|68/100 slp|[from] Grassy Terrain
|upkeep
|turn|4
|
|t:|1756378987
|switch|p2b: Gholdengo|Gholdengo, L50|100/100
|switch|p2a: Rillaboom|Rillaboom, L50, F|7/100
|switch|p1b: Dragonite|Dragonite, L50, M|64/100
|cant|p1a: Incineroar|slp
|
|-heal|p1a: Incineroar|74/100 slp|[from] Grassy Terrain
|-heal|p2a: Rillaboom|13/100|[from] Grassy Terrain
|upkeep
|turn|5
|
|t:|1756379003
|move|p2a: Rillaboom|Fake Out|p1b: Dragonite
|-damage|p1b: Dragonite|47/100
|cant|p1b: Dragonite|flinch
|move|p2b: Gholdengo|Shadow Ball|p1a: Incineroar
|-supereffective|p1a: Incineroar
|-damage|p1a: Incineroar|0 fnt
|faint|p1a: Incineroar
|-damage|p2b: Gholdengo|91/100|[from] item: Life Orb
|
|-heal|p2b: Gholdengo|97/100|[from] Grassy Terrain
|-heal|p2a: Rillaboom|18/100|[from] Grassy Terrain
|-fieldend|move: Grassy Terrain
|upkeep
|
|t:|1756379014
|switch|p1a: Sneasler|Sneasler, L50, F|100/100
|turn|6
|
|t:|1756379032
|move|p2b: Gholdengo|Protect|p2b: Gholdengo
|-singleturn|p2b: Gholdengo|Protect
|move|p1a: Sneasler|Throat Chop|p2a: Rillaboom
|-damage|p2a: Rillaboom|0 fnt
|faint|p2a: Rillaboom
|move|p1b: Dragonite|Tailwind|p1b: Dragonite
|-sidestart|p1: Mumblin'Penguin|move: Tailwind
|
|upkeep
|
|t:|1756379051
|switch|p2a: Sneasler|Sneasler, L50, F|100/100
|turn|7
|
|t:|1756379066
|move|p2a: Sneasler|Fake Out|p1a: Sneasler
|-damage|p1a: Sneasler|78/100
|cant|p1a: Sneasler|flinch
|move|p1b: Dragonite|Scale Shot|p2a: Sneasler
|-damage|p2a: Sneasler|72/100
|-damage|p2a: Sneasler|48/100
|-damage|p2a: Sneasler|21/100
|-damage|p2a: Sneasler|0 fnt
|faint|p2a: Sneasler
|-hitcount|p2: Sneasler|4
|-unboost|p1b: Dragonite|def|1
|-boost|p1b: Dragonite|spe|1
|move|p2b: Gholdengo|Shadow Ball|p1b: Dragonite
|-damage|p1b: Dragonite|0 fnt
|faint|p1b: Dragonite
|-damage|p2b: Gholdengo|87/100|[from] item: Life Orb
|
|upkeep
|
|t:|1756379087
|switch|p2a: Basculegion|Basculegion, L50, M|100/100
|switch|p1b: Gholdengo|Gholdengo, L50|100/100
|turn|8
|
|t:|1756379103
|move|p2b: Gholdengo|Protect|p2b: Gholdengo
|-singleturn|p2b: Gholdengo|Protect
|move|p1a: Sneasler|Throat Chop|p2a: Basculegion
|-supereffective|p2a: Basculegion
|-damage|p2a: Basculegion|32/100
|-start|p2a: Basculegion|Throat Chop|[silent]
|move|p1b: Gholdengo|Shadow Ball|p2a: Basculegion
|-supereffective|p2a: Basculegion
|-damage|p2a: Basculegion|0 fnt
|faint|p2a: Basculegion
|-damage|p1b: Gholdengo|91/100|[from] item: Life Orb
|
|upkeep
|turn|9
|
|t:|1756379134
|-terastallize|p2b: Gholdengo|Steel
|move|p1a: Sneasler|Close Combat|p2b: Gholdengo
|-supereffective|p2b: Gholdengo
|-damage|p2b: Gholdengo|0 fnt
|-unboost|p1a: Sneasler|def|1
|-unboost|p1a: Sneasler|spd|1
|faint|p2b: Gholdengo
|
|win|Mumblin'Penguin
|raw|Mumblin'Penguin's rating: 1227 → 1244(+17 for winning)
|raw|Fr3gsy's rating: 1111 → 1094(-17 for losing)
|c|☆Fr3gsy|How bad can you be to ignore 2 times gholdengo
|l|☆Fr3gsy
|player|p2|
