|j|☆R1xohbilbao
|j|☆dialghite
|html|R1xohbilbaodialghite    
|uhtml|bestof|Game 3 of a best-of-3
|t:|1755960570
|gametype|doubles
|player|p1|R1xohbilbao|ltsurge|1405
|player|p2|dialghite|volkner|1394
|gen|9
|tier|[Gen 9] VGC 2025 Reg H (Bo3)
|rated|
|rule|Species Clause: Limit one of each Pokémon
|rule|Item Clause: Limit 1 of each item
|clearpoke
|poke|p1|Talonflame, L50, M|
|poke|p1|Ursaluna-Bloodmoon, L50, M|
|poke|p1|Ninetales-Alola, L50, F|
|poke|p1|Sneasler, L50, F|
|poke|p1|Electabuzz, L50, M|
|poke|p1|Hydreigon, L50, M|
|poke|p2|Whimsicott, L50, F|
|poke|p2|Garchomp, L50, F|
|poke|p2|Indeedee, L50, M|
|poke|p2|Sneasler, L50, F|
|poke|p2|Ursaluna-Bloodmoon, L50, M|
|poke|p2|Archaludon, L50, M|
|teampreview|4
|showteam|p1|Talonflame||CovertCloak|GaleWings|BraveBird,Tailwind,WillOWisp,Taunt|||M|||50|,,,,,Ghost]Ursaluna-Bloodmoon||LifeOrb|MindsEye|EarthPower,BloodMoon,HyperVoice,Protect|||M|||50|,,,,,Ghost]Ninetales-Alola||SafetyGoggles|SnowWarning|Blizzard,FreezeDry,Encore,Protect|||F|||50|,,,,,Fire]Sneasler||FocusSash|Unburden|FakeOut,CloseCombat,DireClaw,Protect|||F|||50|,,,,,Stellar]Electabuzz||Eviolite|VitalSpirit|Protect,FollowMe,ThunderWave,VoltSwitch|||M|||50|,,,,,Ghost]Hydreigon||AssaultVest|Levitate|Snarl,DracoMeteor,EarthPower,DarkPulse|||M|||50|,,,,,Ghost
|showteam|p2|Whimsicott||CovertCloak|Prankster|Moonblast,Taunt,Tailwind,FakeTears|||F|||50|,,,,,Water]Garchomp||LoadedDice|RoughSkin|ScaleShot,StompingTantrum,SwordsDance,Protect|||F|||50|,,,,,Steel]Indeedee||FocusSash|PsychicSurge|ExpandingForce,TeraBlast,Imprison,TrickRoom|||M|||50|,,,,,Psychic]Sneasler||PsychicSeed|Unburden|CloseCombat,DireClaw,ThroatChop,Protect|||F|||50|,,,,,Dark]Ursaluna-Bloodmoon||LifeOrb|MindsEye|HyperVoice,BloodMoon,EarthPower,Protect|||M|||50|,,,,,Normal]Archaludon||PowerHerb|Stalwart|ElectroShot,DragonPulse,Thunderbolt,Protect|||M|||50|,,,,,Electric
|inactive|Battle timer is ON: inactive players will automatically lose when time's up. (requested by dialghite)
|
|t:|1755960594
|teamsize|p1|4
|teamsize|p2|4
|start
|switch|p1a: Talonflame|Talonflame, L50, M|100/100
|switch|p1b: Hydreigon|Hydreigon, L50, M|100/100
|switch|p2a: Whimsicott|Whimsicott, L50, F|100/100
|switch|p2b: Ursaluna|Ursaluna-Bloodmoon, L50, M|100/100
|turn|1
|
|t:|1755960606
|move|p1a: Talonflame|Tailwind|p1a: Talonflame
|-sidestart|p1: R1xohbilbao|move: Tailwind
|move|p2a: Whimsicott|Tailwind|p2a: Whimsicott
|-sidestart|p2: dialghite|move: Tailwind
|move|p1b: Hydreigon|Snarl|p2a: Whimsicott|[spread] p2a,p2b
|-resisted|p2a: Whimsicott
|-damage|p2a: Whimsicott|86/100
|-damage|p2b: Ursaluna|70/100
|-unboost|p2b: Ursaluna|spa|1
|move|p2b: Ursaluna|Blood Moon|p1a: Talonflame
|-damage|p1a: Talonflame|6/100
|-damage|p2b: Ursaluna|60/100|[from] item: Life Orb
|
|upkeep
|turn|2
|
|t:|1755960625
|switch|p1a: Ursaluna|Ursaluna-Bloodmoon, L50, M|100/100
|move|p2a: Whimsicott|Moonblast|p1a: Ursaluna
|-damage|p1a: Ursaluna|71/100
|-unboost|p1a: Ursaluna|spa|1
|move|p1b: Hydreigon|Dark Pulse|p2b: Ursaluna
|-damage|p2b: Ursaluna|9/100
|move|p2b: Ursaluna|Hyper Voice|p1b: Hydreigon|[spread] p1a,p1b
|-damage|p1a: Ursaluna|35/100
|-damage|p1b: Hydreigon|78/100
|-damage|p2b: Ursaluna|0 fnt|[from] item: Life Orb
|faint|p2b: Ursaluna
|
|upkeep
|
|t:|1755960640
|switch|p2b: Indeedee|Indeedee, L50, M|100/100
|-fieldstart|move: Psychic Terrain|[from] ability: Psychic Surge|[of] p2b: Indeedee
|turn|3
|
|t:|1755960646
|move|p2a: Whimsicott|Moonblast|p1b: Hydreigon
|-supereffective|p1b: Hydreigon
|-damage|p1b: Hydreigon|0 fnt
|faint|p1b: Hydreigon
|move|p2b: Indeedee|Expanding Force|p1a: Ursaluna
|-damage|p1a: Ursaluna|0 fnt
|faint|p1a: Ursaluna
|
|upkeep
|
|t:|1755960649
|switch|p1b: Talonflame|Talonflame, L50, M|6/100
|switch|p1a: Ninetales|Ninetales-Alola, L50, F|100/100
|-weather|Snowscape|[from] ability: Snow Warning|[of] p1a: Ninetales
|turn|4
|
|t:|1755960662
|-terastallize|p2a: Whimsicott|Water
|move|p1b: Talonflame|Brave Bird|p2b: Indeedee
|-damage|p2b: Indeedee|12/100
|-damage|p1b: Talonflame|0 fnt|[from] Recoil
|faint|p1b: Talonflame
|move|p2a: Whimsicott|Moonblast|p1a: Ninetales
|-damage|p1a: Ninetales|71/100
|move|p1a: Ninetales|Blizzard|p2a: Whimsicott|[spread] p2a,p2b
|-resisted|p2a: Whimsicott
|-crit|p2b: Indeedee
|-damage|p2a: Whimsicott|68/100
|-damage|p2b: Indeedee|0 fnt
|faint|p2b: Indeedee
|
|-weather|Snowscape|[upkeep]
|-sideend|p2: dialghite|move: Tailwind
|-sideend|p1: R1xohbilbao|move: Tailwind
|upkeep
|
|t:|1755960671
|switch|p2b: Sneasler|Sneasler, L50, F|100/100
|-enditem|p2b: Sneasler|Psychic Seed
|-boost|p2b: Sneasler|spd|1|[from] item: Psychic Seed
|turn|5
|
|t:|1755960676
|-terastallize|p1a: Ninetales|Fire
|move|p2b: Sneasler|Dire Claw|p1a: Ninetales
|-damage|p1a: Ninetales|16/100
|move|p2a: Whimsicott|Moonblast|p1a: Ninetales
|-resisted|p1a: Ninetales
|-damage|p1a: Ninetales|1/100
|move|p1a: Ninetales|Blizzard|p2a: Whimsicott|[spread] p2a,p2b
|-resisted|p2a: Whimsicott
|-damage|p2a: Whimsicott|48/100
|-damage|p2b: Sneasler|73/100
|
|-weather|Snowscape|[upkeep]
|upkeep
|turn|6
|-message|R1xohbilbao forfeited.
|
|win|dialghite
|raw|R1xohbilbao's rating: 1405 → 1384(-21 for losing)
|raw|dialghite's rating: 1394 → 1415(+21 for winning)
