|j|☆jaborro95
|j|☆amnek
|html|jaborro95amnek    
|uhtml|bestof|Game 1 of a best-of-3
|t:|1756650464
|gametype|doubles
|player|p1|jaborro95|101|
|player|p2|amnek|101|
|gen|9
|tier|[Gen 9] VGC 2025 Reg H (Bo3)
|rule|Species Clause: Limit one of each Pokémon
|rule|Item Clause: Limit 1 of each item
|clearpoke
|poke|p1|Dragonite, L50, M|
|poke|p1|Volcarona, L50, F|
|poke|p1|Sneasler, L50, M|
|poke|p1|Rillaboom, L50, M|
|poke|p1|Electabuzz, L50, M|
|poke|p1|Kingambit, L50, M|
|poke|p2|Garchomp, L50, F|
|poke|p2|Gholdengo, L50|
|poke|p2|Sneasler, L50, M|
|poke|p2|Dragonite, L50, M|
|poke|p2|Incineroar, L50, M|
|poke|p2|Whimsicott, L50, F|
|teampreview|4
|showteam|p1|Dragonite||LoadedDice|Multiscale|ScaleShot,ExtremeSpeed,Haze,Protect|||M|||50|,,,,,Fairy]Volcarona||CovertCloak|FlameBody|HeatWave,TeraBlast,QuiverDance,Protect|||F|||50|,,,,,Fairy]Sneasler||FocusSash|Unburden|CloseCombat,DireClaw,Coaching,Protect|||M|||50|,,,,,Stellar]Rillaboom||AssaultVest|GrassySurge|WoodHammer,GrassyGlide,HighHorsepower,FakeOut|||M|||50|,,,,,Water]Electabuzz||Eviolite|VitalSpirit|Thunderbolt,FollowMe,Taunt,Protect|||M|||50|,,,,,Ghost]Kingambit||BlackGlasses|Defiant|KowtowCleave,SuckerPunch,SwordsDance,Protect|||M|||50|,,,,,Dark
|showteam|p2|Garchomp||LifeOrb|RoughSkin|Protect,Earthquake,StompingTantrum,DragonClaw|||F|||50|,,,,,Ground]Gholdengo||ChoiceSpecs|GoodasGold|Thunderbolt,MakeItRain,ShadowBall,Trick||||||50|,,,,,Steel]Sneasler||WhiteHerb|Unburden|FakeOut,Protect,CloseCombat,DireClaw|||M|||50|,,,,,Stellar]Dragonite||ChoiceBand|InnerFocus|Outrage,ExtremeSpeed,IceSpinner,StompingTantrum|||M|||50|,,,,,Normal]Incineroar||AssaultVest|Intimidate|FakeOut,KnockOff,FlareBlitz,Uturn|||M|||50|,,,,,Grass]Whimsicott||FocusSash|Prankster|Protect,Tailwind,Moonblast,Encore|||F|||50|,,,,,Ghost
|c|☆jaborro95|Suerte loco
|c|☆amnek|suerte rey
|inactive|Battle timer is ON: inactive players will automatically lose when time's up. (requested by amnek)
|
|t:|1756650526
|teamsize|p1|4
|teamsize|p2|4
|start
|switch|p1a: Volcarona|Volcarona, L50, F|100/100
|switch|p1b: Electabuzz|Electabuzz, L50, M|100/100
|switch|p2a: Dragonite|Dragonite, L50, M|100/100
|switch|p2b: Garchomp|Garchomp, L50, F|100/100
|turn|1
|inactive|amnek has 30 seconds left.
|
|t:|1756650553
|move|p1b: Electabuzz|Follow Me|p1b: Electabuzz
|-singleturn|p1b: Electabuzz|move: Follow Me
|move|p2a: Dragonite|Extreme Speed|p1b: Electabuzz
|-damage|p1b: Electabuzz|62/100
|move|p2b: Garchomp|Earthquake|p1b: Electabuzz|[spread] p1a,p1b
|-immune|p2a: Dragonite
|-supereffective|p1b: Electabuzz
|-damage|p1a: Volcarona|27/100
|-damage|p1b: Electabuzz|0 fnt
|faint|p1b: Electabuzz
|-damage|p2b: Garchomp|91/100|[from] item: Life Orb
|move|p1a: Volcarona|Quiver Dance|p1a: Volcarona
|-boost|p1a: Volcarona|spa|1
|-boost|p1a: Volcarona|spd|1
|-boost|p1a: Volcarona|spe|1
|
|upkeep
|
|t:|1756650572
|switch|p1b: Dragonite|Dragonite, L50, M|100/100
|turn|2
|inactive|amnek has 30 seconds left.
|
|t:|1756650601
|-terastallize|p2a: Dragonite|Normal
|move|p1a: Volcarona|Protect|p1a: Volcarona
|-singleturn|p1a: Volcarona|Protect
|move|p2b: Garchomp|Protect|p2b: Garchomp
|-singleturn|p2b: Garchomp|Protect
|move|p2a: Dragonite|Extreme Speed|p1a: Volcarona
|-activate|p1a: Volcarona|move: Protect
|move|p1b: Dragonite|Scale Shot|p2a: Dragonite
|-damage|p2a: Dragonite|85/100
|-damage|p2a: Dragonite|70/100
|-damage|p2a: Dragonite|54/100
|-damage|p2a: Dragonite|38/100
|-hitcount|p2a: Dragonite|4
|-unboost|p1b: Dragonite|def|1
|-boost|p1b: Dragonite|spe|1
|
|upkeep
|turn|3
|inactive|jaborro95 has 30 seconds left.
|inactive|jaborro95 has 20 seconds left.
|inactive|jaborro95 has 15 seconds left.
|
|t:|1756650642
|switch|p1a: Rillaboom|Rillaboom, L50, M|100/100
|-fieldstart|move: Grassy Terrain|[from] ability: Grassy Surge|[of] p1a: Rillaboom
|move|p2a: Dragonite|Extreme Speed|p1a: Rillaboom
|-damage|p1a: Rillaboom|36/100
|move|p1b: Dragonite|Scale Shot|p2b: Garchomp
|-supereffective|p2b: Garchomp
|-damage|p2b: Garchomp|62/100
|-supereffective|p2b: Garchomp
|-damage|p2b: Garchomp|32/100
|-supereffective|p2b: Garchomp
|-damage|p2b: Garchomp|2/100
|-supereffective|p2b: Garchomp
|-damage|p2b: Garchomp|0 fnt
|faint|p2b: Garchomp
|-hitcount|p2: Garchomp|4
|-unboost|p1b: Dragonite|def|1
|-boost|p1b: Dragonite|spe|1
|
|-heal|p1a: Rillaboom|42/100|[from] Grassy Terrain
|-heal|p2a: Dragonite|44/100|[from] Grassy Terrain
|upkeep
|
|t:|1756650652
|switch|p2b: Sneasler|Sneasler, L50, M|100/100
|turn|4
|inactive|jaborro95 has 30 seconds left.
|inactive|amnek has 30 seconds left.
|
|t:|1756650681
|move|p2b: Sneasler|Fake Out|p1b: Dragonite
|-damage|p1b: Dragonite|83/100
|move|p1a: Rillaboom|Fake Out|p2b: Sneasler
|-damage|p2b: Sneasler|76/100
|cant|p1b: Dragonite|flinch
|move|p2a: Dragonite|Extreme Speed|p1b: Dragonite
|-damage|p1b: Dragonite|0 fnt
|faint|p1b: Dragonite
|
|-heal|p2b: Sneasler|82/100|[from] Grassy Terrain
|-heal|p2a: Dragonite|50/100|[from] Grassy Terrain
|-heal|p1a: Rillaboom|48/100|[from] Grassy Terrain
|upkeep
|
|t:|1756650694
|switch|p1b: Volcarona|Volcarona, L50, F|27/100
|turn|5
|
|t:|1756650710
|move|p1b: Volcarona|Protect|p1b: Volcarona
|-singleturn|p1b: Volcarona|Protect
|move|p2a: Dragonite|Extreme Speed|p1a: Rillaboom
|-damage|p1a: Rillaboom|0 fnt
|faint|p1a: Rillaboom
|move|p2b: Sneasler|Dire Claw|p1b: Volcarona
|-activate|p1b: Volcarona|move: Protect
|
|-heal|p2b: Sneasler|87/100|[from] Grassy Terrain
|-heal|p1b: Volcarona|33/100|[from] Grassy Terrain
|-heal|p2a: Dragonite|56/100|[from] Grassy Terrain
|upkeep
|turn|6
|
|t:|1756650726
|move|p2a: Dragonite|Extreme Speed|p1b: Volcarona
|-damage|p1b: Volcarona|0 fnt
|faint|p1b: Volcarona
|
|win|amnek
