|j|☆RiceVGCtw
|j|☆SiuHinVGC
|html|RiceVGCtwSiuHinVGC    
|uhtml|bestof|Game 2 of a best-of-3
|t:|1786203771
|gametype|doubles
|player|p1|RiceVGCtw|266|
|player|p2|SiuHinVGC|clown|
|gen|9
|tier|[Gen 9 Champions] VGC 2026 Reg M-B (Bo3)
|rule|Species Clause: Limit one of each Pokémon
|rule|Item Clause: Limit 1 of each item
|clearpoke
|poke|p1|Venusaur, L50, M|
|poke|p1|Charizard, L50, M|
|poke|p1|Grimmsnarl, L50, M|
|poke|p1|Archaludon, L50, F|
|poke|p1|Basculegion, L50, M|
|poke|p1|Pelipper, L50, F|
|poke|p2|Sinistcha-Masterpiece, L50|
|poke|p2|Excadrill, L50, F|
|poke|p2|Gholdengo, L50|
|poke|p2|Milotic, L50, M|
|poke|p2|Staraptor, L50, F|
|poke|p2|Tyranitar, L50, M, shiny|
|teampreview|4
|showteam|p1|Venusaur||FocusSash|Chlorophyll|SludgeBomb,EarthPower,SleepPowder,Protect|Modest||M|||50|]Charizard||CharizarditeY|Blaze|Protect,HeatWave,SolarBeam,WeatherBall|Modest||M|||50|]Grimmsnarl||LightClay|Prankster|SpiritBreak,LightScreen,Reflect,PartingShot|Sassy||M|||50|]Archaludon||Leftovers|Stamina|ElectroShot,DragonPulse,FlashCannon,Protect|Calm||F|||50|]Basculegion||ChoiceScarf|Adaptability|WaveCrash,LastRespects,AquaJet,FlipTurn|Jolly||M|||50|]Pelipper||SitrusBerry|Drizzle|Hurricane,WeatherBall,Tailwind,WideGuard|Modest||F|||50|
|showteam|p2|Sinistcha-Masterpiece||ColburBerry|Hospitality|ShadowBall,MatchaGotcha,Protect,RagePowder|Bold|||||50|]Excadrill||FocusSash|SandRush|IronHead,RockSlide,Protect,HighHorsepower|Jolly||F|||50|]Gholdengo||LifeOrb|GoodasGold|ShadowBall,MakeItRain,Protect,NastyPlot|Modest|||||50|]Milotic||SitrusBerry|Competitive|Scald,IcyWind,Protect,Haze|Calm||M|||50|]Staraptor||Staraptite|Intimidate|CloseCombat,BraveBird,Protect,Tailwind|Jolly||F|||50|]Tyranitar||Tyranitarite|SandStream|RockSlide,KnockOff,Protect,LowKick|Jolly||M|||50|
|j| Littlepak3
|j| RamenOwO
|j| goodra168
|j| haewonlove
|inactive|Battle timer is ON: inactive players will automatically lose when time's up. (requested by SiuHinVGC)
|
|t:|1786203873
|teamsize|p1|4
|teamsize|p2|4
|start
|switch|p1a: Basculegion|Basculegion, L50, M|100/100
|switch|p1b: Archaludon|Archaludon, L50, F|100/100
|switch|p2a: Excadrill|Excadrill, L50, F|100/100
|switch|p2b: Tyranitar|Tyranitar, L50, M, shiny|100/100
|-weather|Sandstorm|[from] ability: Sand Stream|[of] p2b: Tyranitar
|turn|1
|inactive|RiceVGCtw has 30 seconds left.
|inactive|SiuHinVGC has 30 seconds left.
|
|t:|1786203906
|switch|p2b: Staraptor|Staraptor, L50, F|100/100
|-ability|p2b: Staraptor|Intimidate|boost
|-unboost|p1a: Basculegion|atk|1
|-unboost|p1b: Archaludon|atk|1
|move|p1b: Archaludon|Protect|p1b: Archaludon
|-singleturn|p1b: Archaludon|Protect
|move|p2a: Excadrill|High Horsepower|p1b: Archaludon
|-activate|p1b: Archaludon|move: Protect
|move|p1a: Basculegion|Flip Turn|p2b: Staraptor
|-damage|p2b: Staraptor|68/100
|
|t:|1786203931
|switch|p1a: Charizard|Charizard, L50, M|100/100|[from] Flip Turn
|
|-weather|Sandstorm|[upkeep]
|-damage|p2b: Staraptor|62/100|[from] Sandstorm
|-damage|p1a: Charizard|93/100|[from] Sandstorm
|upkeep
|turn|2
|inactive|SiuHinVGC has 30 seconds left.
|inactive|SiuHinVGC has 20 seconds left.
|
|t:|1786203969
|switch|p1b: Pelipper|Pelipper, L50, F|100/100
|-weather|RainDance|[from] ability: Drizzle|[of] p1b: Pelipper
|move|p2b: Staraptor|Protect|p2b: Staraptor
|-singleturn|p2b: Staraptor|Protect
|move|p1a: Charizard|Protect|p1a: Charizard
|-singleturn|p1a: Charizard|Protect
|move|p2a: Excadrill|Rock Slide|p1a: Charizard|[spread] p1b
|-activate|p1a: Charizard|move: Protect
|-supereffective|p1b: Pelipper|1
|-damage|p1b: Pelipper|58/100
|
|-weather|RainDance|[upkeep]
|upkeep
|turn|3
|inactive|RiceVGCtw has 30 seconds left.
|inactive|SiuHinVGC has 30 seconds left.
|inactive|SiuHinVGC has 20 seconds left.
|inactive|SiuHinVGC has 15 seconds left.
|inactive|SiuHinVGC has 10 seconds left.
|
|t:|1786204015
|detailschange|p1a: Charizard|Charizard-Mega-Y, L50, M
|-mega|p1a: Charizard|Charizard|Charizardite Y
|-weather|SunnyDay|[from] ability: Drought|[of] p1a: Charizard
|move|p2a: Excadrill|Protect|p2a: Excadrill
|-singleturn|p2a: Excadrill|Protect
|move|p2b: Staraptor|Brave Bird|p1b: Pelipper
|-damage|p1b: Pelipper|5/100
|-enditem|p1b: Pelipper|Sitrus Berry|[eat]
|-heal|p1b: Pelipper|30/100|[from] item: Sitrus Berry
|-damage|p2b: Staraptor|47/100|[from] Recoil
|move|p1a: Charizard|Heat Wave|p2b: Staraptor|[spread] p2b
|-activate|p2a: Excadrill|move: Protect
|-damage|p2b: Staraptor|0 fnt
|faint|p2b: Staraptor
|move|p1b: Pelipper|Tailwind|p1b: Pelipper
|-sidestart|p1: RiceVGCtw|move: Tailwind
|
|-weather|SunnyDay|[upkeep]
|upkeep
|
|t:|1786204030
|switch|p2b: Tyranitar|Tyranitar, L50, M, shiny|100/100
|-weather|Sandstorm|[from] ability: Sand Stream|[of] p2b: Tyranitar
|turn|4
|inactive|RiceVGCtw has 30 seconds left.
|inactive|SiuHinVGC has 30 seconds left.
|inactive|RiceVGCtw has 20 seconds left.
|inactive|SiuHinVGC has 20 seconds left.
|
|t:|1786204066
|switch|p1b: Archaludon|Archaludon, L50, F|100/100
|move|p2a: Excadrill|Rock Slide|p1a: Charizard|[spread] p1a,p1b
|-supereffective|p1a: Charizard|2
|-resisted|p1b: Archaludon|1
|-damage|p1a: Charizard|10/100
|-damage|p1b: Archaludon|92/100
|-ability|p1b: Archaludon|Stamina|boost
|-boost|p1b: Archaludon|def|1
|move|p1a: Charizard|Heat Wave|p2a: Excadrill|[spread] p2a,p2b
|-supereffective|p2a: Excadrill|1
|-resisted|p2b: Tyranitar|1
|-enditem|p2a: Excadrill|Focus Sash
|-damage|p2a: Excadrill|1/100
|-damage|p2b: Tyranitar|87/100
|move|p2b: Tyranitar|Knock Off|p1b: Archaludon
|-damage|p1b: Archaludon|70/100
|-ability|p1b: Archaludon|Stamina|boost
|-boost|p1b: Archaludon|def|1
|-enditem|p1b: Archaludon|Leftovers|[from] move: Knock Off|[of] p2b: Tyranitar
|
|-weather|Sandstorm|[upkeep]
|-damage|p1a: Charizard|3/100|[from] Sandstorm
|upkeep
|turn|5
|inactive|RiceVGCtw has 30 seconds left.
|inactive|SiuHinVGC has 30 seconds left.
|inactive|RiceVGCtw has 20 seconds left.
|inactive|SiuHinVGC has 20 seconds left.
|inactive|RiceVGCtw has 15 seconds left.
|inactive|SiuHinVGC has 15 seconds left.
|inactive|RiceVGCtw has 10 seconds left.
|inactive|SiuHinVGC has 10 seconds left.
|inactive|SiuHinVGC has 5 seconds left.
|
|t:|1786204117
|detailschange|p2b: Tyranitar|Tyranitar-Mega, L50, M, shiny
|-mega|p2b: Tyranitar|Tyranitar|Tyranitarite
|move|p1b: Archaludon|Protect|p1b: Archaludon
|-singleturn|p1b: Archaludon|Protect
|move|p2a: Excadrill|High Horsepower|p1b: Archaludon
|-activate|p1b: Archaludon|move: Protect
|move|p1a: Charizard|Heat Wave|p2a: Excadrill|[spread] p2a,p2b
|-supereffective|p2a: Excadrill|1
|-resisted|p2b: Tyranitar|1
|-damage|p2a: Excadrill|0 fnt
|-damage|p2b: Tyranitar|76/100
|faint|p2a: Excadrill
|move|p2b: Tyranitar|Knock Off|p1a: Charizard
|-damage|p1a: Charizard|0 fnt
|faint|p1a: Charizard
|
|-weather|Sandstorm|[upkeep]
|upkeep
|
|t:|1786204141
|switch|p2a: Gholdengo|Gholdengo, L50|100/100
|switch|p1a: Pelipper|Pelipper, L50, F|30/100
|-weather|RainDance|[from] ability: Drizzle|[of] p1a: Pelipper
|turn|6
|inactive|RiceVGCtw has 30 seconds left.
|
|t:|1786204175
|move|p2b: Tyranitar|Protect|p2b: Tyranitar
|-singleturn|p2b: Tyranitar|Protect
|move|p1b: Archaludon|Electro Shot||[still]
|-prepare|p1b: Archaludon|Electro Shot
|-boost|p1b: Archaludon|spa|1
|-anim|p1b: Archaludon|Electro Shot|p2a: Gholdengo
|-damage|p2a: Gholdengo|52/100
|move|p1a: Pelipper|Weather Ball|p2b: Tyranitar
|-activate|p2b: Tyranitar|move: Protect
|move|p2a: Gholdengo|Shadow Ball|p1b: Archaludon
|-damage|p1b: Archaludon|26/100
|-ability|p1b: Archaludon|Stamina|boost
|-boost|p1b: Archaludon|def|1
|-damage|p2a: Gholdengo|42/100|[from] item: Life Orb
|
|-weather|RainDance|[upkeep]
|-sideend|p1: RiceVGCtw|move: Tailwind
|upkeep
|turn|7
|inactive|SiuHinVGC has 30 seconds left.
|inactive|SiuHinVGC has 20 seconds left.
|inactive|SiuHinVGC has 15 seconds left.
|inactive|SiuHinVGC has 10 seconds left.
|inactive|SiuHinVGC has 5 seconds left.
|
|t:|1786204230
|move|p1b: Archaludon|Protect|p1b: Archaludon
|-singleturn|p1b: Archaludon|Protect
|move|p2b: Tyranitar|Knock Off|p1a: Pelipper
|-damage|p1a: Pelipper|0 fnt
|faint|p1a: Pelipper
|move|p2a: Gholdengo|Shadow Ball|p1b: Archaludon
|-activate|p1b: Archaludon|move: Protect
|
|-weather|RainDance|[upkeep]
|upkeep
|
|t:|1786204239
|switch|p1a: Basculegion|Basculegion, L50, M|100/100
|turn|8
|j| Eggy’sDad
|inactive|SiuHinVGC has 30 seconds left.
|
|t:|1786204269
|move|p2a: Gholdengo|Protect|p2a: Gholdengo
|-singleturn|p2a: Gholdengo|Protect
|move|p1a: Basculegion|Wave Crash|p2a: Gholdengo
|-activate|p2a: Gholdengo|move: Protect
|move|p2b: Tyranitar|Knock Off|p1a: Basculegion
|-supereffective|p1a: Basculegion|1
|-damage|p1a: Basculegion|0 fnt
|-enditem|p1a: Basculegion|Choice Scarf|[from] move: Knock Off|[of] p2b: Tyranitar
|faint|p1a: Basculegion
|move|p1b: Archaludon|Flash Cannon|p2b: Tyranitar
|-supereffective|p2b: Tyranitar|1
|-damage|p2b: Tyranitar|0 fnt
|faint|p2b: Tyranitar
|
|-weather|RainDance|[upkeep]
|upkeep
|turn|9
|
|t:|1786204289
|move|p2a: Gholdengo|Shadow Ball|p1b: Archaludon
|-damage|p1b: Archaludon|0 fnt
|faint|p1b: Archaludon
|-damage|p2a: Gholdengo|33/100|[from] item: Life Orb
|
|win|SiuHinVGC
||SiuHinVGC is ready for game 3.
||RiceVGCtw is ready for game 3.
|uhtml|next|Next: Game 3 of 3
|l| RamenOwO
|l| haewonlove
|l| Eggy’sDad
|l| Littlepak3
|l| goodra168
