|j|☆dxmxim
|j|☆tobii079
|html|dxmximtobii079    
|uhtml|bestof|Game 2 of a best-of-3
|t:|1757765517
|gametype|doubles
|player|p1|dxmxim|2|1082
|player|p2|tobii079|tierno|1056
|gen|9
|tier|[Gen 9] VGC 2025 Reg H (Bo3)
|rated|
|rule|Species Clause: Limit one of each Pokémon
|rule|Item Clause: Limit 1 of each item
|clearpoke
|poke|p1|Incineroar, L50, M|
|poke|p1|Venonat, L50, M|
|poke|p1|Volcarona, L50, F|
|poke|p1|Excadrill, L50, M|
|poke|p1|Tyranitar, L50, F|
|poke|p1|Dragonite, L50, F|
|poke|p2|Tyranitar, L50, F|
|poke|p2|Excadrill, L50, M|
|poke|p2|Incineroar, L50, M|
|poke|p2|Amoonguss, L50, F|
|poke|p2|Basculegion, L50, M|
|poke|p2|Kommo-o, L50, F|
|teampreview|4
|showteam|p1|Incineroar||SafetyGoggles|Intimidate|FakeOut,PartingShot,FlareBlitz,Protect|||M|||50|,,,,,Ghost]Venonat||Eviolite|CompoundEyes|RagePowder,SleepPowder,Toxic,MorningSun|||M|||50|,,,,,Grass]Volcarona||RockyHelmet|FlameBody|FieryDance,RagePowder,Protect,BugBuzz|||F|||50|,,,,,Fairy]Excadrill||LifeOrb|SandRush|Protect,IronHead,Earthquake,ThroatChop|||M|||50|,,,,,Ghost]Tyranitar||AssaultVest|SandStream|TeraBlast,RockSlide,KnockOff,BreakingSwipe|||F|||50|,,,,,Flying]Dragonite||LoadedDice|InnerFocus|ScaleShot,Tailwind,Protect,Haze|||F|||50|,,,,,Fairy
|showteam|p2|Tyranitar||AssaultVest|SandStream|RockSlide,KnockOff,LowKick,TeraBlast|||F|||50|,,,,,Flying]Excadrill||FocusSash|SandRush|Earthquake,HighHorsepower,IronHead,Protect|||M|||50|,,,,,Ground]Incineroar||SafetyGoggles|Intimidate|FlareBlitz,KnockOff,PartingShot,FakeOut|||M|||50|,,,,,Ghost]Amoonguss||SitrusBerry|Regenerator|Spore,PollenPuff,ClearSmog,RagePowder|||F|||50|,,,,,Water]Basculegion||ChoiceScarf|Adaptability|WaveCrash,LastRespects,FlipTurn,TeraBlast|||M|||50|,,,,,Grass]Kommo-o||ThroatSpray|Overcoat|ClangingScales,ClangorousSoul,AuraSphere,Protect|||F|||50|,,,,,Steel
|inactive|Battle timer is ON: inactive players will automatically lose when time's up. (requested by dxmxim)
|c|☆dxmxim|ggwp
|
|t:|1757765544
|teamsize|p1|4
|teamsize|p2|4
|start
|switch|p1a: ExcaDih|Excadrill, L50, M, shiny|100/100
|switch|p1b: Kaijuzilla|Tyranitar, L50, F|100/100
|switch|p2a: Tyranitar|Tyranitar, L50, F|100/100
|switch|p2b: Excadrill|Excadrill, L50, M|100/100
|-weather|Sandstorm|[from] ability: Sand Stream|[of] p1b: Kaijuzilla
|turn|1
|c|☆dxmxim|well well well
|
|t:|1757765562
|-terastallize|p1b: Kaijuzilla|Flying
|-terastallize|p2a: Tyranitar|Flying
|move|p2b: Excadrill|Earthquake|p1b: Kaijuzilla|[spread] p1a
|-immune|p2a: Tyranitar
|-immune|p1b: Kaijuzilla
|-supereffective|p1a: ExcaDih
|-damage|p1a: ExcaDih|0 fnt
|faint|p1a: ExcaDih
|move|p1b: Kaijuzilla|Rock Slide|p2a: Tyranitar|[spread] p2a
|-miss|p1b: Kaijuzilla|p2b: Excadrill
|-supereffective|p2a: Tyranitar
|-damage|p2a: Tyranitar|56/100
|cant|p2a: Tyranitar|flinch
|
|-weather|Sandstorm|[upkeep]
|-damage|p1b: Kaijuzilla|95/100|[from] Sandstorm
|-damage|p2a: Tyranitar|50/100|[from] Sandstorm
|upkeep
|c|☆dxmxim|damns
|
|t:|1757765578
|switch|p1a: Postman Pat|Dragonite, L50, F|100/100
|turn|2
|
|t:|1757765590
|move|p2b: Excadrill|Iron Head|p1a: Postman Pat
|-damage|p1a: Postman Pat|57/100
|move|p1a: Postman Pat|Scale Shot|p2a: Tyranitar
|-damage|p2a: Tyranitar|40/100
|-damage|p2a: Tyranitar|30/100
|-damage|p2a: Tyranitar|20/100
|-damage|p2a: Tyranitar|11/100
|-damage|p2a: Tyranitar|0 fnt
|faint|p2a: Tyranitar
|-hitcount|p2: Tyranitar|5
|-unboost|p1a: Postman Pat|def|1
|-boost|p1a: Postman Pat|spe|1
|move|p1b: Kaijuzilla|Knock Off|p2b: Excadrill
|-damage|p2b: Excadrill|37/100
|-enditem|p2b: Excadrill|Focus Sash|[from] move: Knock Off|[of] p1b: Kaijuzilla
|
|-weather|Sandstorm|[upkeep]
|-damage|p1a: Postman Pat|51/100|[from] Sandstorm
|-damage|p1b: Kaijuzilla|89/100|[from] Sandstorm
|upkeep
|
|t:|1757765605
|switch|p2a: Basculegion|Basculegion, L50, M|100/100
|turn|3
|
|t:|1757765616
|move|p1a: Postman Pat|Protect|p1a: Postman Pat
|-singleturn|p1a: Postman Pat|Protect
|move|p2b: Excadrill|Iron Head|p1b: Kaijuzilla
|-damage|p1b: Kaijuzilla|50/100
|move|p2a: Basculegion|Last Respects|p1a: Postman Pat
|-activate|p1a: Postman Pat|move: Protect
|move|p1b: Kaijuzilla|Breaking Swipe|p2a: Basculegion|[spread] p2a,p2b
|-resisted|p2b: Excadrill
|-damage|p2a: Basculegion|82/100
|-damage|p2b: Excadrill|26/100
|-unboost|p2a: Basculegion|atk|1
|-unboost|p2b: Excadrill|atk|1
|
|-weather|Sandstorm|[upkeep]
|-damage|p1a: Postman Pat|45/100|[from] Sandstorm
|-damage|p2a: Basculegion|75/100|[from] Sandstorm
|-damage|p1b: Kaijuzilla|44/100|[from] Sandstorm
|upkeep
|turn|4
|inactive|tobii079 has 30 seconds left.
|
|t:|1757765655
|switch|p1a: Furry Bait|Incineroar, L50, M, shiny|100/100
|-ability|p1a: Furry Bait|Intimidate|boost
|-unboost|p2a: Basculegion|atk|1
|-unboost|p2b: Excadrill|atk|1
|move|p2b: Excadrill|Iron Head|p1b: Kaijuzilla
|-damage|p1b: Kaijuzilla|23/100
|move|p2a: Basculegion|Last Respects|p1a: Furry Bait
|-resisted|p1a: Furry Bait
|-crit|p1a: Furry Bait
|-damage|p1a: Furry Bait|41/100
|cant|p1b: Kaijuzilla|flinch
|
|-weather|Sandstorm|[upkeep]
|-damage|p2a: Basculegion|69/100|[from] Sandstorm
|-damage|p1b: Kaijuzilla|18/100|[from] Sandstorm
|upkeep
|turn|5
|
|t:|1757765673
|move|p2b: Excadrill|Protect|p2b: Excadrill
|-singleturn|p2b: Excadrill|Protect
|move|p1a: Furry Bait|Fake Out|p2b: Excadrill
|-activate|p2b: Excadrill|move: Protect
|move|p2a: Basculegion|Last Respects|p1b: Kaijuzilla
|-crit|p1b: Kaijuzilla
|-damage|p1b: Kaijuzilla|0 fnt
|faint|p1b: Kaijuzilla
|
|-weather|none
|upkeep
|
|t:|1757765682
|switch|p1b: Postman Pat|Dragonite, L50, F|45/100
|turn|6
|
|t:|1757765689
|move|p2a: Basculegion|Last Respects|p1b: Postman Pat
|-damage|p1b: Postman Pat|12/100
|move|p2b: Excadrill|High Horsepower|p1a: Furry Bait
|-supereffective|p1a: Furry Bait
|-damage|p1a: Furry Bait|0 fnt
|faint|p1a: Furry Bait
|move|p1b: Postman Pat|Scale Shot|p2a: Basculegion
|-damage|p2a: Basculegion|56/100
|-damage|p2a: Basculegion|39/100
|-damage|p2a: Basculegion|23/100
|-damage|p2a: Basculegion|9/100
|-damage|p2a: Basculegion|0 fnt
|faint|p2a: Basculegion
|-hitcount|p2: Basculegion|5
|-unboost|p1b: Postman Pat|def|1
|-boost|p1b: Postman Pat|spe|1
|
|upkeep
|
|t:|1757765694
|switch|p2a: Incineroar|Incineroar, L50, M|100/100
|-ability|p2a: Incineroar|Intimidate|boost
|-fail|p1b: Postman Pat|unboost|Attack|[from] ability: Inner Focus|[of] p1b: Postman Pat
|turn|7
|
|t:|1757765705
|move|p1b: Postman Pat|Protect|p1b: Postman Pat
|-singleturn|p1b: Postman Pat|Protect
|move|p2b: Excadrill|Iron Head|p1b: Postman Pat
|-activate|p1b: Postman Pat|move: Protect
|move|p2a: Incineroar|Knock Off|p1b: Postman Pat
|-activate|p1b: Postman Pat|move: Protect
|
|upkeep
|turn|8
|
|t:|1757765712
|move|p1b: Postman Pat|Scale Shot|p2b: Excadrill
|-resisted|p2b: Excadrill
|-damage|p2b: Excadrill|18/100
|-resisted|p2b: Excadrill
|-damage|p2b: Excadrill|10/100
|-resisted|p2b: Excadrill
|-damage|p2b: Excadrill|2/100
|-resisted|p2b: Excadrill
|-damage|p2b: Excadrill|0 fnt
|faint|p2b: Excadrill
|-hitcount|p2: Excadrill|4
|-unboost|p1b: Postman Pat|def|1
|-boost|p1b: Postman Pat|spe|1
|move|p2a: Incineroar|Knock Off|p1b: Postman Pat
|-damage|p1b: Postman Pat|0 fnt
|-enditem|p1b: Postman Pat|Loaded Dice|[from] move: Knock Off|[of] p2a: Incineroar
|faint|p1b: Postman Pat
|
|win|tobii079
||dxmxim is ready for game 3.
||tobii079 is ready for game 3.
|uhtml|next|Next: Game 3 of 3
|l|☆dxmxim
|player|p1|
|j| DeEternal
|l| DeEternal
|l|☆tobii079
|player|p2|
