|j|☆Andrewx98
|j|☆balance bro
|html|Andrewx98balance bro    
|uhtml|bestof|Game 1 of a best-of-3
|t:|1757648171
|gametype|doubles
|player|p1|Andrewx98|youngster-gen4dp|1112
|player|p2|balance bro|buck|1108
|gen|9
|tier|[Gen 9] VGC 2025 Reg H (Bo3)
|rated|
|rule|Species Clause: Limit one of each Pokémon
|rule|Item Clause: Limit 1 of each item
|clearpoke
|poke|p1|Slowking, L50, M|
|poke|p1|Toxicroak, L50, F|
|poke|p1|Kingdra, L50, F|
|poke|p1|Malamar, L50, F|
|poke|p1|Pelipper, L50, M|
|poke|p1|Ursaluna, L50, M|
|poke|p2|Porygon2, L50|
|poke|p2|Hydreigon, L50, M|
|poke|p2|Incineroar, L50, F|
|poke|p2|Garchomp, L50, M|
|poke|p2|Amoonguss, L50, F|
|poke|p2|Gholdengo, L50|
|teampreview|4
|showteam|p1|Slowking||SitrusBerry|Oblivious|TrickRoom,Surf,Protect,Psychic|||M|||50|,,,,,Grass]Toxicroak||ClearAmulet|DrySkin|SuckerPunch,FakeOut,PoisonJab,CloseCombat|||F|||50|,,,,,Dark]Kingdra||ChoiceBand|SwiftSwim|FlipTurn,WaveCrash,Outrage,IronHead|||F|||50|,,,,,Water]Malamar||MentalHerb|Contrary|Taunt,TrickRoom,KnockOff,PsychoCut|||F|||50|,,,,,Dark]Pelipper||SafetyGoggles|Drizzle|Hurricane,WideGuard,RainDance,WeatherBall|||M|||50|,,,,,Water]Ursaluna||FlameOrb|Guts|Earthquake,Facade,Protect,HeadlongRush|||M|||50|,,,,,Ghost
|showteam|p2|Porygon2||Eviolite|Download|TeraBlast,IceBeam,TrickRoom,Recover||||||50|,,,,,Fighting]Hydreigon||SafetyGoggles|Levitate|Snarl,DracoMeteor,Tailwind,Protect|||M|||50|,,,,,Ghost]Incineroar||SitrusBerry|Intimidate|FlareBlitz,KnockOff,PartingShot,FakeOut|||F|||50|,,,,,Grass]Garchomp||LoadedDice|RoughSkin|ScaleShot,Earthquake,StompingTantrum,Protect|||M|||50|,,,,,Fire]Amoonguss||CovertCloak|Regenerator|PollenPuff,Spore,RagePowder,Protect|||F|||50|,,,,,Fire]Gholdengo||MetalCoat|GoodasGold|MakeItRain,ShadowBall,NastyPlot,Protect||||||50|,,,,,Flying
|
|t:|1757648212
|teamsize|p1|4
|teamsize|p2|4
|start
|switch|p1a: Malamar|Malamar, L50, F|100/100
|switch|p1b: Toxicroak|Toxicroak, L50, F|100/100
|switch|p2a: Hydreigon|Hydreigon, L50, M, shiny|100/100
|switch|p2b: Porygon2|Porygon2, L50, shiny|100/100
|-ability|p2b: Porygon2|Download|boost
|-boost|p2b: Porygon2|spa|1
|turn|1
|
|t:|1757648248
|move|p1b: Toxicroak|Fake Out|p2a: Hydreigon
|-damage|p2a: Hydreigon|85/100
|cant|p2a: Hydreigon|flinch
|move|p2b: Porygon2|Tera Blast|p1a: Malamar
|-damage|p1a: Malamar|41/100
|move|p1a: Malamar|Trick Room|p1a: Malamar
|-fieldstart|move: Trick Room|[of] p1a: Malamar
|
|upkeep
|turn|2
|
|t:|1757648288
|switch|p2a: Amoonguss|Amoonguss, L50, F, shiny|100/100
|-terastallize|p2b: Porygon2|Fighting
|move|p2b: Porygon2|Tera Blast|p1a: Malamar|[anim] Tera Blast Fighting
|-damage|p1a: Malamar|0 fnt
|faint|p1a: Malamar
|move|p1b: Toxicroak|Close Combat|p2a: Amoonguss
|-resisted|p2a: Amoonguss
|-damage|p2a: Amoonguss|76/100
|-unboost|p1b: Toxicroak|def|1
|-unboost|p1b: Toxicroak|spd|1
|
|upkeep
|
|t:|1757648302
|switch|p1a: Pepe|Pelipper, L50, M, shiny|100/100
|-weather|RainDance|[from] ability: Drizzle|[of] p1a: Pepe
|turn|3
|
|t:|1757648316
|move|p2a: Amoonguss|Spore|p1b: Toxicroak
|-status|p1b: Toxicroak|slp|[from] move: Spore
|move|p1a: Pepe|Hurricane|p2a: Amoonguss
|-supereffective|p2a: Amoonguss
|-damage|p2a: Amoonguss|7/100
|move|p2b: Porygon2|Ice Beam|p1a: Pepe
|-damage|p1a: Pepe|54/100
|cant|p1b: Toxicroak|slp
|
|-weather|RainDance|[upkeep]
|upkeep
|turn|4
|
|t:|1757648337
|switch|p2a: Hydreigon|Hydreigon, L50, M, shiny|85/100
|move|p1a: Pepe|Weather Ball|p2a: Hydreigon
|-resisted|p2a: Hydreigon
|-damage|p2a: Hydreigon|55/100
|move|p2b: Porygon2|Ice Beam|p1a: Pepe
|-damage|p1a: Pepe|9/100
|cant|p1b: Toxicroak|slp
|
|-weather|RainDance|[upkeep]
|upkeep
|turn|5
|
|t:|1757648356
|move|p1a: Pepe|Weather Ball|p2a: Hydreigon
|-resisted|p2a: Hydreigon
|-damage|p2a: Hydreigon|23/100
|move|p2b: Porygon2|Ice Beam|p1a: Pepe
|-damage|p1a: Pepe|0 fnt
|faint|p1a: Pepe
|cant|p1b: Toxicroak|slp
|move|p2a: Hydreigon|Draco Meteor|p1b: Toxicroak|[miss]
|-miss|p2a: Hydreigon|p1b: Toxicroak
|
|-weather|RainDance|[upkeep]
|-fieldend|move: Trick Room
|upkeep
|
|t:|1757648370
|switch|p1a: Kingdra|Kingdra, L50, F|100/100
|turn|6
|
|t:|1757648381
|-terastallize|p1a: Kingdra|Water
|move|p1a: Kingdra|Wave Crash|p2b: Porygon2
|-damage|p2b: Porygon2|0 fnt
|faint|p2b: Porygon2
|-damage|p1a: Kingdra|66/100|[from] Recoil
|move|p2a: Hydreigon|Draco Meteor|p1a: Kingdra
|-damage|p1a: Kingdra|0 fnt
|-unboost|p2a: Hydreigon|spa|2
|faint|p1a: Kingdra
|-curestatus|p1b: Toxicroak|slp|[msg]
|move|p1b: Toxicroak|Poison Jab|p2a: Hydreigon
|-damage|p2a: Hydreigon|0 fnt
|faint|p2a: Hydreigon
|
|-weather|RainDance|[upkeep]
|upkeep
|
|t:|1757648394
|switch|p2a: Incineroar|Incineroar, L50, F, shiny|100/100
|switch|p2b: Amoonguss|Amoonguss, L50, F, shiny|40/100
|-ability|p2a: Incineroar|Intimidate|boost
|-fail|p1b: Toxicroak|unboost|[from] item: Clear Amulet|[of] p1b: Toxicroak
|turn|7
|
|t:|1757648413
|move|p2a: Incineroar|Fake Out|p1b: Toxicroak
|-damage|p1b: Toxicroak|76/100
|cant|p1b: Toxicroak|flinch
|move|p2b: Amoonguss|Spore|p1b: Toxicroak
|-status|p1b: Toxicroak|slp|[from] move: Spore
|
|-weather|none
|upkeep
|turn|8
|
|t:|1757648458
|move|p2a: Incineroar|Flare Blitz|p1b: Toxicroak
|-damage|p1b: Toxicroak|0 fnt
|faint|p1b: Toxicroak
|-damage|p2a: Incineroar|76/100|[from] Recoil
|
|win|balance bro
