|j|☆Anazawa Nizimi
|j|☆abadanriyi92
|html|Anazawa Nizimiabadanriyi92    
|uhtml|bestof|Game 3 of a best-of-3
|t:|1786073980
|gametype|doubles
|player|p1|Anazawa Nizimi|265|1395
|player|p2|abadanriyi92|colress|1328
|gen|9
|tier|[Gen 9 Champions] VGC 2026 Reg M-B (Bo3)
|rated|
|rule|Species Clause: Limit one of each Pokémon
|rule|Item Clause: Limit 1 of each item
|clearpoke
|poke|p1|Froslass, L50, F|
|poke|p1|Dragonite, L50, F|
|poke|p1|Kingambit, L50, M|
|poke|p1|Sneasler, L50, M|
|poke|p1|Garchomp, L50, M|
|poke|p1|Basculegion, L50, M|
|poke|p2|Charizard, L50, F|
|poke|p2|Floette-Eternal, L50, F|
|poke|p2|Basculegion, L50, M|
|poke|p2|Garchomp, L50, F|
|poke|p2|Kingambit, L50, F|
|poke|p2|Whimsicott, L50, F|
|teampreview|4
|showteam|p1|Froslass||Froslassite|CursedBody|Blizzard,ShadowBall,AuroraVeil,Protect|Timid||F|||50|]Dragonite||Dragoninite|InnerFocus|DragonPulse,HeatWave,Thunderbolt,Tailwind|Modest||F|||50|]Kingambit||ChopleBerry|Defiant|KowtowCleave,SuckerPunch,IronHead,Protect|Adamant||M|||50|]Sneasler||WhiteHerb|Unburden|DireClaw,CloseCombat,FakeOut,Coaching|Adamant||M|||50|]Garchomp||ChoiceScarf|RoughSkin|RockSlide,DragonClaw,StompingTantrum,Earthquake|Adamant||M|||50|]Basculegion||SitrusBerry|Adaptability|LastRespects,WaveCrash,AquaJet,Protect|Adamant||M|||50|
|showteam|p2|Charizard||CharizarditeY|Blaze|HeatWave,SolarBeam,WeatherBall,Protect|Modest||F|||50|]Floette-Eternal||Floettite|FlowerVeil|Moonblast,DazzlingGleam,LightofRuin,Protect|Timid||F|||50|]Basculegion||LifeOrb|Adaptability|WaveCrash,AquaJet,LastRespects,Protect|Adamant||M|||50|]Garchomp||SitrusBerry|RoughSkin|Earthquake,RockSlide,Protect,DragonClaw|Adamant||F|||50|]Kingambit||ChopleBerry|Defiant|KowtowCleave,IronHead,SuckerPunch,LowKick|Adamant||F|||50|]Whimsicott||FocusSash|Prankster|Moonblast,Tailwind,Encore,Protect|Timid||F|||50|
|
|t:|1786074031
|teamsize|p1|4
|teamsize|p2|4
|start
|switch|p1a: Froslass|Froslass, L50, F|100/100
|switch|p1b: Garchomp|Garchomp, L50, M|100/100
|switch|p2a: Whimsicott|Whimsicott, L50, F|100/100
|switch|p2b: Kingambit|Kingambit, L50, F|100/100
|turn|1
|l|☆Anazawa Nizimi
|player|p1|
|j|☆Anazawa Nizimi
|player|p1|Anazawa Nizimi|265|
|
|t:|1786074070
|detailschange|p1a: Froslass|Froslass-Mega, L50, F
|-mega|p1a: Froslass|Froslass|Froslassite
|-weather|Snowscape|[from] ability: Snow Warning|[of] p1a: Froslass
|move|p2a: Whimsicott|Tailwind|p2a: Whimsicott
|-sidestart|p2: abadanriyi92|move: Tailwind
|move|p1b: Garchomp|Stomping Tantrum|p2b: Kingambit
|-supereffective|p2b: Kingambit|1
|-damage|p2b: Kingambit|35/100
|move|p1a: Froslass|Blizzard|p2a: Whimsicott|[spread] p2a,p2b
|-supereffective|p2a: Whimsicott|1
|-resisted|p2b: Kingambit|1
|-enditem|p2a: Whimsicott|Focus Sash
|-damage|p2a: Whimsicott|1/100
|-damage|p2b: Kingambit|18/100
|move|p2b: Kingambit|Kowtow Cleave|p1a: Froslass
|-supereffective|p1a: Froslass|1
|-damage|p1a: Froslass|17/100
|
|-weather|Snowscape|[upkeep]
|upkeep
|turn|2
|
|t:|1786074113
|switch|p1a: Basculegion|Basculegion, L50, M|100/100
|move|p2b: Kingambit|Sucker Punch|p1b: Garchomp
|-damage|p1b: Garchomp|61/100
|-damage|p2b: Kingambit|6/100|[from] ability: Rough Skin|[of] p1b: Garchomp
|move|p2a: Whimsicott|Moonblast|p1b: Garchomp
|-supereffective|p1b: Garchomp|1
|-damage|p1b: Garchomp|0 fnt
|faint|p1b: Garchomp
|
|-weather|Snowscape|[upkeep]
|upkeep
|
|t:|1786074126
|switch|p1b: Sneasler|Sneasler, L50, M|100/100
|turn|3
|
|t:|1786074165
|switch|p2a: Garchomp|Garchomp, L50, F|100/100
|move|p2b: Kingambit|Sucker Punch|p1a: Basculegion
|-supereffective|p1a: Basculegion|1
|-damage|p1a: Basculegion|23/100
|-enditem|p1a: Basculegion|Sitrus Berry|[eat]
|-heal|p1a: Basculegion|48/100|[from] item: Sitrus Berry
|move|p1a: Basculegion|Aqua Jet|p2a: Garchomp
|-damage|p2a: Garchomp|78/100
|-damage|p1a: Basculegion|35/100|[from] ability: Rough Skin|[of] p2a: Garchomp
|move|p1b: Sneasler|Close Combat|p2b: Kingambit
|-supereffective|p2b: Kingambit|2
|-enditem|p2b: Kingambit|Chople Berry|[eat]
|-enditem|p2b: Kingambit|Chople Berry|[weaken]
|-damage|p2b: Kingambit|0 fnt
|-unboost|p1b: Sneasler|def|1
|-unboost|p1b: Sneasler|spd|1
|faint|p2b: Kingambit
|-enditem|p1b: Sneasler|White Herb
|-clearnegativeboost|p1b: Sneasler|[silent]
|
|-weather|Snowscape|[upkeep]
|upkeep
|inactive|Battle timer is ON: inactive players will automatically lose when time's up. (requested by abadanriyi92)
|
|t:|1786074191
|switch|p2b: Charizard|Charizard, L50, F|100/100
|turn|4
|inactive|Anazawa Nizimi has 30 seconds left.
|inactive|Anazawa Nizimi has 20 seconds left.
|inactive|Anazawa Nizimi has 15 seconds left.
|inactive|Anazawa Nizimi has 10 seconds left.
|
|t:|1786074236
|detailschange|p2b: Charizard|Charizard-Mega-Y, L50, F
|-mega|p2b: Charizard|Charizard|Charizardite Y
|-weather|SunnyDay|[from] ability: Drought|[of] p2b: Charizard
|move|p1a: Basculegion|Protect|p1a: Basculegion
|-singleturn|p1a: Basculegion|Protect
|move|p1b: Sneasler|Coaching|p1a: Basculegion
|-boost|p1a: Basculegion|atk|1
|-boost|p1a: Basculegion|def|1
|move|p2a: Garchomp|Earthquake|p1b: Sneasler|[spread] p1b
|-activate|p1a: Basculegion|move: Protect
|-immune|p2b: Charizard
|-supereffective|p1b: Sneasler|1
|-damage|p1b: Sneasler|7/100
|move|p2b: Charizard|Heat Wave|p1a: Basculegion|[spread] p1b
|-activate|p1a: Basculegion|move: Protect
|-damage|p1b: Sneasler|0 fnt
|faint|p1b: Sneasler
|
|-weather|SunnyDay|[upkeep]
|-sideend|p2: abadanriyi92|move: Tailwind
|upkeep
|
|t:|1786074257
|switch|p1b: Froslass|Froslass-Mega, L50, F|17/100
|-weather|Snowscape|[from] ability: Snow Warning|[of] p1b: Froslass
|turn|5
|
|t:|1786074276
|switch|p2b: Whimsicott|Whimsicott, L50, F|1/100
|move|p2a: Garchomp|Protect|p2a: Garchomp
|-singleturn|p2a: Garchomp|Protect
|move|p1a: Basculegion|Aqua Jet|p2b: Whimsicott
|-resisted|p2b: Whimsicott|1
|-damage|p2b: Whimsicott|0 fnt
|faint|p2b: Whimsicott
|move|p1b: Froslass|Blizzard|p2a: Garchomp
|-activate|p2a: Garchomp|move: Protect
|
|-weather|Snowscape|[upkeep]
|upkeep
|
|t:|1786074287
|switch|p2b: Charizard|Charizard-Mega-Y, L50, F|100/100
|-weather|SunnyDay|[from] ability: Drought|[of] p2b: Charizard
|turn|6
|inactive|Anazawa Nizimi has 30 seconds left.
|inactive|Anazawa Nizimi has 20 seconds left.
|inactive|Anazawa Nizimi has 15 seconds left.
|
|t:|1786074327
|move|p1a: Basculegion|Aqua Jet|p2b: Charizard
|-supereffective|p2b: Charizard|1
|-damage|p2b: Charizard|67/100
|move|p1b: Froslass|Blizzard|p2b: Charizard|[spread] p2b
|-miss|p1b: Froslass|p2a: Garchomp
|-damage|p2b: Charizard|35/100
|move|p2a: Garchomp|Dragon Claw|p1a: Basculegion
|-damage|p1a: Basculegion|11/100
|move|p2b: Charizard|Heat Wave|p1a: Basculegion|[spread] p1a,p1b
|-resisted|p1a: Basculegion|1
|-supereffective|p1b: Froslass|1
|-damage|p1a: Basculegion|0 fnt
|-damage|p1b: Froslass|0 fnt
|faint|p1a: Basculegion
|faint|p1b: Froslass
|
|win|abadanriyi92
|raw|Anazawa Nizimi's rating: 1395 → 1371(-24 for losing)
|raw|abadanriyi92's rating: 1328 → 1352(+24 for winning)
|c|☆abadanriyi92|ggs
