|j|☆MrMrvz
|j|☆Roseofrosarade
|html|MrMrvzRoseofrosarade    
|uhtml|bestof|Game 3 of a best-of-3
|t:|1785433442
|gametype|doubles
|player|p1|MrMrvz|ethan|1132
|player|p2|Roseofrosarade|170|1040
|gen|9
|tier|[Gen 9 Champions] VGC 2026 Reg M-B (Bo3)
|rated|
|rule|Species Clause: Limit one of each Pokémon
|rule|Item Clause: Limit 1 of each item
|clearpoke
|poke|p1|Staraptor, L50, F|
|poke|p1|Feraligatr, L50, M, shiny|
|poke|p1|Whimsicott, L50, F|
|poke|p1|Glimmora, L50, F|
|poke|p1|Delphox, L50, M|
|poke|p1|Kingambit, L50, M, shiny|
|poke|p2|Staraptor, L50, M|
|poke|p2|Milotic, L50, F|
|poke|p2|Sinistcha, L50|
|poke|p2|Aegislash, L50, F|
|poke|p2|Garchomp, L50, M|
|poke|p2|Incineroar, L50, M|
|teampreview|4
|showteam|p1|Staraptor||Staraptite|Intimidate|BraveBird,CloseCombat,Roost,Protect|Jolly||F|||50|]Feraligatr||LifeOrb|SheerForce|Liquidation,RockSlide,IcePunch,AquaJet|Adamant||M|||50|]Whimsicott||OccaBerry|Prankster|Tailwind,Moonblast,Charm,LightScreen|Timid||F|||50|]Glimmora||FocusSash|ToxicDebris|PowerGem,SludgeBomb,EarthPower,SpikyShield|Modest||F|||50|]Delphox||Delphoxite|Blaze|HeatWave,Psychic,Encore,Protect|Timid||M|||50|]Kingambit||ChopleBerry|Defiant|KowtowCleave,IronHead,LowKick,SuckerPunch|Adamant||M|||50|
|showteam|p2|Staraptor||Staraptite|Intimidate|Tailwind,Protect,CloseCombat,DualWingbeat|Jolly||M|||50|]Milotic||BrightPowder|Competitive|LifeDew,Scald,MuddyWater,Protect|Bold||F|||50|]Sinistcha||SitrusBerry|Hospitality|StrengthSap,MatchaGotcha,RagePowder,LifeDew|Bold|||||50|]Aegislash||Leftovers|StanceChange|WideGuard,KingsShield,IronHead,ShadowBall|Sassy||F|||50|]Garchomp||RoseliBerry|SandVeil|Protect,SwordsDance,RockSlide,StompingTantrum|Serious||M|||50|]Incineroar||ChestoBerry|Blaze|FakeOut,PartingShot,FlareBlitz,Crunch|Careful||M|||50|
|inactive|Battle timer is ON: inactive players will automatically lose when time's up. (requested by Roseofrosarade)
|
|t:|1785433467
|teamsize|p1|4
|teamsize|p2|4
|start
|switch|p1a: Whimsicott|Whimsicott, L50, F|100/100
|switch|p1b: Glimmora|Glimmora, L50, F|100/100
|switch|p2a: Garchomp|Garchomp, L50, M|100/100
|switch|p2b: Sinistcha|Sinistcha, L50|100/100
|turn|1
|
|t:|1785433491
|move|p1b: Glimmora|Spiky Shield|p1b: Glimmora
|-singleturn|p1b: Glimmora|move: Protect
|move|p2b: Sinistcha|Rage Powder|p2b: Sinistcha
|-singleturn|p2b: Sinistcha|move: Rage Powder
|move|p1a: Whimsicott|Tailwind|p1a: Whimsicott
|-sidestart|p1: MrMrvz|move: Tailwind
|move|p2a: Garchomp|Swords Dance|p2a: Garchomp
|-boost|p2a: Garchomp|atk|2
|
|upkeep
|turn|2
|
|t:|1785433504
|move|p2b: Sinistcha|Rage Powder|p2b: Sinistcha
|-singleturn|p2b: Sinistcha|move: Rage Powder
|move|p1a: Whimsicott|Charm|p2a: Garchomp
|-unboost|p2a: Garchomp|atk|2
|move|p1b: Glimmora|Sludge Bomb|p2b: Sinistcha
|-damage|p2b: Sinistcha|37/100
|-enditem|p2b: Sinistcha|Sitrus Berry|[eat]
|-heal|p2b: Sinistcha|62/100|[from] item: Sitrus Berry
|move|p2a: Garchomp|Stomping Tantrum|p1b: Glimmora
|-supereffective|p1b: Glimmora|2
|-enditem|p1b: Glimmora|Focus Sash
|-damage|p1b: Glimmora|1/100
|-activate|p1b: Glimmora|ability: Toxic Debris
|-sidestart|p2: Roseofrosarade|move: Toxic Spikes
|
|upkeep
|turn|3
|inactive|Roseofrosarade has 30 seconds left.
|
|t:|1785433532
|switch|p2b: Aegislash|Aegislash, L50, F|100/100
|move|p1a: Whimsicott|Moonblast|p2a: Garchomp
|-supereffective|p2a: Garchomp|1
|-enditem|p2a: Garchomp|Roseli Berry|[eat]
|-enditem|p2a: Garchomp|Roseli Berry|[weaken]
|-damage|p2a: Garchomp|74/100
|move|p1b: Glimmora|Sludge Bomb|p2b: Aegislash
|-immune|p2b: Aegislash
|move|p2a: Garchomp|Rock Slide|p1a: Whimsicott|[spread] p1a,p1b
|-damage|p1a: Whimsicott|80/100
|-damage|p1b: Glimmora|0 fnt
|-activate|p1b: Glimmora|ability: Toxic Debris
|-sidestart|p2: Roseofrosarade|move: Toxic Spikes
|faint|p1b: Glimmora
|
|upkeep
|
|t:|1785433547
|switch|p1b: Feraligatr|Feraligatr, L50, M, shiny|100/100
|turn|4
|inactive|MrMrvz has 30 seconds left.
|
|t:|1785433577
|switch|p2a: Sinistcha|Sinistcha, L50|62/100
|-status|p2a: Sinistcha|tox
|move|p1a: Whimsicott|Light Screen|p1a: Whimsicott
|-sidestart|p1: MrMrvz|move: Light Screen
|move|p1b: Feraligatr|Liquidation|p2b: Aegislash
|-damage|p2b: Aegislash|46/100
|-formechange|p2b: Aegislash|Aegislash-Blade|
|move|p2b: Aegislash|Iron Head|p1a: Whimsicott
|-supereffective|p1a: Whimsicott|1
|-damage|p1a: Whimsicott|14/100
|
|-heal|p2b: Aegislash|52/100|[from] item: Leftovers
|-damage|p2a: Sinistcha|56/100 tox|[from] psn
|-sideend|p1: MrMrvz|move: Tailwind
|upkeep
|turn|5
|
|t:|1785433596
|switch|p2b: Garchomp|Garchomp, L50, M|74/100
|-status|p2b: Garchomp|tox
|move|p1a: Whimsicott|Tailwind|p1a: Whimsicott
|-sidestart|p1: MrMrvz|move: Tailwind
|move|p1b: Feraligatr|Ice Punch|p2a: Sinistcha
|-supereffective|p2a: Sinistcha|1
|-damage|p2a: Sinistcha|0 fnt
|faint|p2a: Sinistcha
|
|-damage|p2b: Garchomp|68/100 tox|[from] psn
|upkeep
|
|t:|1785433606
|switch|p2a: Milotic|Milotic, L50, F|100/100
|-status|p2a: Milotic|tox
|turn|6
|inactive|MrMrvz has 30 seconds left.
|
|t:|1785433638
|move|p1a: Whimsicott|Charm|p2b: Garchomp
|-unboost|p2b: Garchomp|atk|2
|move|p1b: Feraligatr|Ice Punch|p2b: Garchomp
|-supereffective|p2b: Garchomp|2
|-damage|p2b: Garchomp|0 fnt
|faint|p2b: Garchomp
|move|p2a: Milotic|Muddy Water|p1a: Whimsicott|[spread] p1a
|-miss|p2a: Milotic|p1b: Feraligatr
|-resisted|p1a: Whimsicott|1
|-damage|p1a: Whimsicott|4/100
|-unboost|p1a: Whimsicott|accuracy|1
|
|-damage|p2a: Milotic|94/100 tox|[from] psn
|upkeep
|
|t:|1785433656
|switch|p2b: Aegislash|Aegislash, L50, F|52/100
|turn|7
|
|t:|1785433674
|switch|p1a: Staraptor|Staraptor, L50, F|100/100
|-ability|p1a: Staraptor|Intimidate|boost
|-unboost|p2a: Milotic|atk|1
|-ability|p2a: Milotic|Competitive|boost
|-boost|p2a: Milotic|spa|2
|-unboost|p2b: Aegislash|atk|1
|move|p1b: Feraligatr|Rock Slide|p2b: Aegislash|[spread] p2a,p2b
|-resisted|p2b: Aegislash|1
|-damage|p2a: Milotic|71/100 tox
|-damage|p2b: Aegislash|41/100
|move|p2a: Milotic|Muddy Water|p1a: Staraptor|[spread] p1a,p1b
|-resisted|p1b: Feraligatr|1
|-damage|p1a: Staraptor|51/100
|-damage|p1b: Feraligatr|85/100
|-unboost|p1b: Feraligatr|accuracy|1
|-formechange|p2b: Aegislash|Aegislash-Blade|
|move|p2b: Aegislash|Shadow Ball|p1b: Feraligatr
|-damage|p1b: Feraligatr|62/100
|-unboost|p1b: Feraligatr|spd|1
|
|-heal|p2b: Aegislash|47/100|[from] item: Leftovers
|-damage|p2a: Milotic|59/100 tox|[from] psn
|upkeep
|turn|8
|inactive|MrMrvz has 30 seconds left.
|inactive|MrMrvz has 20 seconds left.
|
|t:|1785433711
|switch|p1b: Whimsicott|Whimsicott, L50, F|4/100
|detailschange|p1a: Staraptor|Staraptor-Mega, L50, F
|-mega|p1a: Staraptor|Staraptor|Staraptite
|move|p1a: Staraptor|Close Combat|p2a: Milotic
|-damage|p2a: Milotic|13/100 tox
|-boost|p1a: Staraptor|def|1
|-boost|p1a: Staraptor|spd|1
|move|p2a: Milotic|Scald|p1a: Staraptor
|-damage|p1a: Staraptor|25/100
|move|p2b: Aegislash|Shadow Ball|p1b: Whimsicott
|-damage|p1b: Whimsicott|0 fnt
|faint|p1b: Whimsicott
|
|-heal|p2b: Aegislash|53/100|[from] item: Leftovers
|-damage|p2a: Milotic|0 fnt|[from] psn
|faint|p2a: Milotic
|-sideend|p1: MrMrvz|move: Light Screen
|-sideend|p1: MrMrvz|move: Tailwind
|upkeep
|
|t:|1785433729
|switch|p1b: Feraligatr|Feraligatr, L50, M, shiny|62/100
|turn|9
|
|t:|1785433737
|move|p1a: Staraptor|Roost|p1a: Staraptor
|-heal|p1a: Staraptor|75/100
|-singleturn|p1a: Staraptor|move: Roost
|move|p1b: Feraligatr|Liquidation|p2b: Aegislash
|-damage|p2b: Aegislash|0 fnt
|faint|p2b: Aegislash
|
|win|MrMrvz
|raw|MrMrvz's rating: 1132 → 1151(+19 for winning)
|raw|Roseofrosarade's rating: 1040 → 1028(-12 for losing)
|l|☆Roseofrosarade
|player|p2|
