|j|☆razorsharp01
|j|☆grus kujo
|html|razorsharp01grus kujo    
|uhtml|bestof|Game 2 of a best-of-3
|t:|1757778476
|gametype|doubles
|player|p1|razorsharp01|falkner|1123
|player|p2|grus kujo|101|1029
|gen|9
|tier|[Gen 9] VGC 2025 Reg H (Bo3)
|rated|
|rule|Species Clause: Limit one of each Pokémon
|rule|Item Clause: Limit 1 of each item
|clearpoke
|poke|p1|Torkoal, L50, M|
|poke|p1|Porygon2, L50|
|poke|p1|Incineroar, L50, F|
|poke|p1|Jumpluff, L50, M|
|poke|p1|Ursaluna, L50, M|
|poke|p1|Yanma, L50, M|
|poke|p2|Tyranitar, L50, M|
|poke|p2|Lycanroc, L50, M|
|poke|p2|Vikavolt, L50, M|
|poke|p2|Whimsicott, L50, M|
|poke|p2|Garchomp, L50, M|
|poke|p2|Gallade, L50, M|
|teampreview|4
|showteam|p1|Torkoal||ChoiceSpecs|Drought|Eruption,Overheat,HelpingHand,Protect|||M|||50|,,,,,Fire]Porygon2||Eviolite|Download|TeraBlast,IceBeam,Recover,TrickRoom||||||50|,,,,,Fighting]Incineroar||SafetyGoggles|Intimidate|FlareBlitz,KnockOff,FakeOut,PartingShot|||F|||50|,,,,,Ghost]Jumpluff||CovertCloak|Chlorophyll|SleepPowder,SunnyDay,RagePowder,Tailwind|||M|||50|,,,,,Water]Ursaluna||FlameOrb|Guts|HeadlongRush,Facade,Earthquake,Protect|||M|||50|,,,,,Ghost]Yanma||FocusSash|SpeedBoost|Hypnosis,AirSlash,Tailwind,SunnyDay|||M|||50|,,,,,Bug
|showteam|p2|Tyranitar||AssaultVest|SandStream|RockSlide,Earthquake,KnockOff,TeraBlast|||M|||50|,,,,,Flying]Lycanroc||FocusSash|SandRush|DrillRun,RockSlide,Endeavor,Protect|||M|||50|,,,,,Steel]Vikavolt||SafetyGoggles|Levitate|Thunderbolt,BugBuzz,VoltSwitch,Protect|||M|||50|,,,,,Poison]Whimsicott||CovertCloak|Prankster|Moonblast,Encore,Tailwind,MistyTerrain|||M|||50|,,,,,Dragon]Garchomp||LifeOrb|SandVeil|StompingTantrum,Earthquake,DragonClaw,Protect|||M|||50|,,,,,Fire]Gallade||SitrusBerry|Sharpness|SacredSword,PsychoCut,TrickRoom,Protect|||M|||50|,,,,,Fire
|inactive|Battle timer is ON: inactive players will automatically lose when time's up. (requested by grus kujo)
|
|t:|1757778493
|teamsize|p1|4
|teamsize|p2|4
|start
|switch|p1a: Yanma|Yanma, L50, M|100/100
|switch|p1b: Incineroar|Incineroar, L50, F|100/100
|switch|p2a: Whimsicott|Whimsicott, L50, M|100/100
|switch|p2b: Garchomp|Garchomp, L50, M|100/100
|-ability|p1b: Incineroar|Intimidate|boost
|-unboost|p2a: Whimsicott|atk|1
|-unboost|p2b: Garchomp|atk|1
|turn|1
|
|t:|1757778516
|move|p2a: Whimsicott|Tailwind|p2a: Whimsicott
|-sidestart|p2: grus kujo|move: Tailwind
|move|p2b: Garchomp|Stomping Tantrum|p1b: Incineroar
|-supereffective|p1b: Incineroar
|-damage|p1b: Incineroar|22/100
|-damage|p2b: Garchomp|91/100|[from] item: Life Orb
|move|p1a: Yanma|Tailwind|p1a: Yanma
|-sidestart|p1: razorsharp01|move: Tailwind
|move|p1b: Incineroar|Parting Shot|p2b: Garchomp
|-unboost|p2b: Garchomp|atk|1
|-unboost|p2b: Garchomp|spa|1
|
|t:|1757778528
|switch|p1b: Ursaluna|Ursaluna, L50, M|100/100|[from] Parting Shot
|
|-ability|p1a: Yanma|Speed Boost|boost
|-boost|p1a: Yanma|spe|1
|-status|p1b: Ursaluna|brn|[from] item: Flame Orb
|upkeep
|turn|2
|inactive|razorsharp01 has 30 seconds left.
|
|t:|1757778557
|move|p2a: Whimsicott|Encore|p1a: Yanma
|-start|p1a: Yanma|Encore
|move|p1a: Yanma|Tailwind||[still]
|-fail|p1a: Yanma
|move|p2b: Garchomp|Dragon Claw|p1b: Ursaluna
|-damage|p1b: Ursaluna|77/100 brn
|-damage|p2b: Garchomp|81/100|[from] item: Life Orb
|move|p1b: Ursaluna|Facade|p2a: Whimsicott
|-damage|p2a: Whimsicott|0 fnt
|faint|p2a: Whimsicott
|
|-damage|p1b: Ursaluna|71/100 brn|[from] brn
|-ability|p1a: Yanma|Speed Boost|boost
|-boost|p1a: Yanma|spe|1
|upkeep
|
|t:|1757778569
|switch|p2a: Vikavolt|Vikavolt, L50, M|100/100
|turn|3
|
|t:|1757778589
|switch|p1a: Incineroar|Incineroar, L50, F|22/100
|-ability|p1a: Incineroar|Intimidate|boost
|-unboost|p2a: Vikavolt|atk|1
|-unboost|p2b: Garchomp|atk|1
|switch|p2b: Gallade|Gallade, L50, M|100/100
|move|p1b: Ursaluna|Facade|p2a: Vikavolt
|-damage|p2a: Vikavolt|0 fnt
|faint|p2a: Vikavolt
|
|-damage|p1b: Ursaluna|66/100 brn|[from] brn
|upkeep
|
|t:|1757778598
|switch|p2a: Garchomp|Garchomp, L50, M|81/100
|turn|4
|
|t:|1757778617
|move|p2a: Garchomp|Protect|p2a: Garchomp
|-singleturn|p2a: Garchomp|Protect
|move|p1b: Ursaluna|Protect|p1b: Ursaluna
|-singleturn|p1b: Ursaluna|Protect
|move|p2b: Gallade|Protect|p2b: Gallade
|-singleturn|p2b: Gallade|Protect
|move|p1a: Incineroar|Parting Shot|p2a: Garchomp
|-activate|p2a: Garchomp|move: Protect
|
|-damage|p1b: Ursaluna|60/100 brn|[from] brn
|-sideend|p2: grus kujo|move: Tailwind
|-sideend|p1: razorsharp01|move: Tailwind
|upkeep
|turn|5
|
|t:|1757778638
|-terastallize|p1b: Ursaluna|Ghost
|move|p2a: Garchomp|Stomping Tantrum|p1a: Incineroar
|-supereffective|p1a: Incineroar
|-damage|p1a: Incineroar|0 fnt
|faint|p1a: Incineroar
|-damage|p2a: Garchomp|71/100|[from] item: Life Orb
|move|p1b: Ursaluna|Earthquake|p2a: Garchomp|[spread] p2a,p2b
|-damage|p2a: Garchomp|5/100
|-damage|p2b: Gallade|0 fnt
|faint|p2b: Gallade
|
|-damage|p1b: Ursaluna|54/100 brn|[from] brn
|upkeep
|-message|grus kujo forfeited.
|
|win|razorsharp01
|raw|razorsharp01's rating: 1123 → 1141(+18 for winning)
|raw|grus kujo's rating: 1029 → 1018(-11 for losing)
|l|☆grus kujo
|player|p2|
