|j|☆vbggbv b
|j|☆wh1ssperr77
|html|vbggbv bwh1ssperr77    
|uhtml|bestof|Game 1 of a best-of-3
|t:|1786019969
|gametype|doubles
|player|p1|vbggbv b|red|1022
|player|p2|wh1ssperr77|pokekid|1045
|gen|9
|tier|[Gen 9 Champions] VGC 2026 Reg M-B (Bo3)
|rated|
|rule|Species Clause: Limit one of each Pokémon
|rule|Item Clause: Limit 1 of each item
|clearpoke
|poke|p1|Blastoise, L50, M, shiny|
|poke|p1|Pelipper, L50, M|
|poke|p1|Gholdengo, L50, shiny|
|poke|p1|Sinistcha-Masterpiece, L50, shiny|
|poke|p1|Palafin, L50, F, shiny|
|poke|p1|Garchomp, L50, F, shiny|
|poke|p2|Metagross, L50, shiny|
|poke|p2|Raichu, L50, F|
|poke|p2|Kommo-o, L50, M|
|poke|p2|Whimsicott, L50, F|
|poke|p2|Ninetales-Alola, L50, F|
|poke|p2|Ceruledge, L50, M|
|teampreview|4
|showteam|p1|Blastoise||Blastoisinite|Torrent|FakeOut,ShellSmash,WaterSpout,RockSlide|Modest||M|||50|]Pelipper||ExpertBelt|Drizzle|Hurricane,HydroPump,IceBeam,BraveBird|Serious||M|||50|]Gholdengo||LifeOrb|GoodasGold|Poltergeist,NastyPlot,MakeItRain,DazzlingGleam|Modest|||||50|]Sinistcha-Masterpiece||Leftovers|Hospitality|MatchaGotcha,Poltergeist,LifeDew,RagePowder|Serious|||||50|]Palafin||FocusSash|ZerotoHero|CloseCombat,HydroPump,FlipTurn,JetPunch|Adamant||F|||50|]Garchomp||MentalHerb|RoughSkin|SwordsDance,Earthquake,EarthPower,RockSlide|Adamant||F|||50|
|showteam|p2|Metagross||Metagrossite|ClearBody|IronHead,BodyPress,PsychicFangs,Protect|Adamant|||||50|]Raichu||RaichuniteY|LightningRod|ZapCannon,FocusBlast,FakeOut,Protect|Timid||F|||50|]Kommo-o||LifeOrb|Soundproof|AuraSphere,ClangingScales,VacuumWave,Protect|Modest||M|||50|]Whimsicott||FocusSash|Prankster|Tailwind,Encore,Moonblast,Protect|Timid||F|||50|]Ninetales-Alola||NeverMeltIce|SnowWarning|Blizzard,FreezeDry,AuroraVeil,Protect|Timid||F|||50|]Ceruledge||ColburBerry|FlashFire|BitterBlade,ShadowSneak,BulkUp,Protect|Adamant||M|||50|
|
|t:|1786020010
|teamsize|p1|4
|teamsize|p2|4
|start
|switch|p1a: Blastoise|Blastoise, L50, M, shiny|100/100
|switch|p1b: Pelipper|Pelipper, L50, M|100/100
|switch|p2a: Whimsicott|Whimsicott, L50, F|100/100
|switch|p2b: Kommo-o|Kommo-o, L50, M|100/100
|-weather|RainDance|[from] ability: Drizzle|[of] p1b: Pelipper
|turn|1
|
|t:|1786020071
|switch|p2b: Raichu|Raichu, L50, F|100/100
|detailschange|p1a: Blastoise|Blastoise-Mega, L50, M, shiny
|-mega|p1a: Blastoise|Blastoise|Blastoisinite
|move|p2a: Whimsicott|Protect|p2a: Whimsicott
|-singleturn|p2a: Whimsicott|Protect
|move|p1a: Blastoise|Fake Out|p2b: Raichu
|-damage|p2b: Raichu|87/100
|move|p1b: Pelipper|Hurricane|p2b: Raichu
|-resisted|p2b: Raichu|1
|-damage|p2b: Raichu|56/100
|-start|p2b: Raichu|confusion
|
|-weather|RainDance|[upkeep]
|upkeep
|turn|2
|inactive|Battle timer is ON: inactive players will automatically lose when time's up. (requested by wh1ssperr77)
|
|t:|1786020093
|detailschange|p2b: Raichu|Raichu-Mega-Y, L50, F
|-mega|p2b: Raichu|Raichu|Raichunite Y
|move|p2a: Whimsicott|Encore|p1a: Blastoise
|-start|p1a: Blastoise|Encore
|move|p1a: Blastoise|Fake Out||[still]
|-hint|Fake Out only works on your first turn out.
|-fail|p1a: Blastoise
|-activate|p2b: Raichu|confusion
|move|p2b: Raichu|Zap Cannon|p1b: Pelipper
|-supereffective|p1b: Pelipper|2
|-damage|p1b: Pelipper|0 fnt
|faint|p1b: Pelipper
|
|-weather|RainDance|[upkeep]
|upkeep
|
|t:|1786020103
|switch|p1b: Sinistcha|Sinistcha-Masterpiece, L50, shiny|100/100
|turn|3
|
|t:|1786020113
|switch|p2b: Ceruledge|Ceruledge, L50, M|100/100
|move|p1b: Sinistcha|Rage Powder|p1b: Sinistcha
|-singleturn|p1b: Sinistcha|move: Rage Powder
|move|p2a: Whimsicott|Moonblast|p1b: Sinistcha
|-damage|p1b: Sinistcha|52/100
|-activate|p1a: Blastoise|move: Struggle
|move|p1a: Blastoise|Struggle|p2b: Ceruledge
|-damage|p2b: Ceruledge|86/100
|-damage|p1a: Blastoise|74/100|[from] recoil
|
|-weather|RainDance|[upkeep]
|-heal|p1b: Sinistcha|58/100|[from] item: Leftovers
|upkeep
|turn|4
|
|t:|1786020138
|move|p2a: Whimsicott|Moonblast|p1b: Sinistcha
|-damage|p1b: Sinistcha|13/100
|-activate|p1a: Blastoise|move: Struggle
|move|p1a: Blastoise|Struggle|p2a: Whimsicott
|-damage|p2a: Whimsicott|83/100
|-damage|p1a: Blastoise|49/100|[from] recoil
|move|p2b: Ceruledge|Bulk Up|p2b: Ceruledge
|-boost|p2b: Ceruledge|atk|1
|-boost|p2b: Ceruledge|def|1
|move|p1b: Sinistcha|Life Dew|p1b: Sinistcha|[spread] p1a,p1b
|-heal|p1a: Blastoise|74/100
|-heal|p1b: Sinistcha|39/100
|
|-weather|RainDance|[upkeep]
|-heal|p1b: Sinistcha|45/100|[from] item: Leftovers
|-end|p1a: Blastoise|Encore
|upkeep
|turn|5
|
|t:|1786020158
|move|p1b: Sinistcha|Rage Powder|p1b: Sinistcha
|-singleturn|p1b: Sinistcha|move: Rage Powder
|move|p2a: Whimsicott|Encore||[still]
|-fail|p2a: Whimsicott
|move|p1a: Blastoise|Shell Smash|p1a: Blastoise
|-unboost|p1a: Blastoise|def|1
|-unboost|p1a: Blastoise|spd|1
|-boost|p1a: Blastoise|atk|2
|-boost|p1a: Blastoise|spa|2
|-boost|p1a: Blastoise|spe|2
|move|p2b: Ceruledge|Bitter Blade|p1b: Sinistcha
|-supereffective|p1b: Sinistcha|1
|-damage|p1b: Sinistcha|0 fnt
|-heal|p2b: Ceruledge|100/100|[from] drain|[of] p1b: Sinistcha
|faint|p1b: Sinistcha
|
|-weather|none
|upkeep
|
|t:|1786020168
|switch|p1b: Gholdengo|Gholdengo, L50, shiny|100/100
|turn|6
|
|t:|1786020180
|move|p2a: Whimsicott|Encore|p1a: Blastoise
|-start|p1a: Blastoise|Encore
|move|p2b: Ceruledge|Shadow Sneak|p1b: Gholdengo
|-supereffective|p1b: Gholdengo|1
|-damage|p1b: Gholdengo|29/100
|move|p1a: Blastoise|Shell Smash|p1a: Blastoise
|-unboost|p1a: Blastoise|def|1
|-unboost|p1a: Blastoise|spd|1
|-boost|p1a: Blastoise|atk|2
|-boost|p1a: Blastoise|spa|2
|-boost|p1a: Blastoise|spe|2
|move|p1b: Gholdengo|Nasty Plot|p1b: Gholdengo
|-boost|p1b: Gholdengo|spa|2
|
|upkeep
|turn|7
|
|t:|1786020196
|move|p2b: Ceruledge|Shadow Sneak|p1b: Gholdengo
|-supereffective|p1b: Gholdengo|1
|-damage|p1b: Gholdengo|0 fnt
|faint|p1b: Gholdengo
|move|p1a: Blastoise|Shell Smash|p1a: Blastoise
|-unboost|p1a: Blastoise|def|1
|-unboost|p1a: Blastoise|spd|1
|-boost|p1a: Blastoise|atk|2
|-boost|p1a: Blastoise|spa|2
|-boost|p1a: Blastoise|spe|2
|move|p2a: Whimsicott|Moonblast|p1a: Blastoise
|-damage|p1a: Blastoise|0 fnt
|faint|p1a: Blastoise
|
|win|wh1ssperr77
||wh1ssperr77 is ready for game 2.
|inactive|vbggbv b has 30 seconds to confirm battle start!
|l|☆vbggbv b
|player|p1|
