|j|☆AS917855
|j|☆KyleTampy
|html|AS917855KyleTampy    
|uhtml|bestof|Game 2 of a best-of-3
|t:|1785731392
|gametype|doubles
|player|p1|AS917855|cynthia-gen4|1000
|player|p2|KyleTampy|lucian|1050
|gen|9
|tier|[Gen 9 Champions] VGC 2026 Reg M-B (Bo3)
|rated|
|rule|Species Clause: Limit one of each Pokémon
|rule|Item Clause: Limit 1 of each item
|clearpoke
|poke|p1|Gholdengo, L50|
|poke|p1|Charizard, L50, M|
|poke|p1|Garchomp, L50, F|
|poke|p1|Sneasler, L50, F|
|poke|p1|Basculegion, L50, M|
|poke|p1|Glimmora, L50, F|
|poke|p2|Staraptor, L50, F|
|poke|p2|Whimsicott, L50, M|
|poke|p2|Basculegion, L50, M|
|poke|p2|Dragalge, L50, M|
|poke|p2|Scizor, L50, F|
|poke|p2|Incineroar, L50, F|
|teampreview|4
|showteam|p1|Gholdengo||Leftovers|GoodasGold|MakeItRain,NastyPlot,FocusBlast,DazzlingGleam|Modest|||||50|]Charizard||CharizarditeY|SolarPower|AirSlash,HeatWave,Roost,DragonPulse|Modest||M|||50|]Garchomp||LifeOrb|RoughSkin|Earthquake,Liquidation,DragonClaw,SwordsDance|Jolly||F|||50|]Sneasler||FocusSash|Unburden|CloseCombat,FakeOut,DireClaw,ThroatChop|Jolly||F|||50|]Basculegion||ChoiceScarf|Adaptability|LastRespects,Liquidation,WaveCrash,Outrage|Adamant||M|||50|]Glimmora||SitrusBerry|ToxicDebris|DazzlingGleam,EarthPower,EnergyBall,LightScreen|Modest||F|||50|
|showteam|p2|Staraptor||Staraptite|Intimidate|BraveBird,CloseCombat,Uturn,Protect|Jolly||F|||50|]Whimsicott||FocusSash|Prankster|Charm,Tailwind,Moonblast,Encore|Timid||M|||50|]Basculegion||SitrusBerry|Adaptability|FlipTurn,WaveCrash,LastRespects,Protect|Adamant||M|||50|]Dragalge||Dragalgite|Adaptability|SludgeBomb,DragonPulse,FlipTurn,Protect|Relaxed||M|||50|]Scizor||LifeOrb|Technician|BulletPunch,CloseCombat,BugBite,Protect|Adamant||F|||50|]Incineroar||ShucaBerry|Intimidate|FakeOut,FlareBlitz,DarkestLariat,PartingShot|Careful||F|||50|
|
|t:|1785731426
|teamsize|p1|4
|teamsize|p2|4
|start
|switch|p1a: Glimmora|Glimmora, L50, F|100/100
|switch|p1b: Gholdengo|Gholdengo, L50|100/100
|switch|p2a: Basculegion|Basculegion, L50, M|100/100
|switch|p2b: Incineroar|Incineroar, L50, F|100/100
|-ability|p2b: Incineroar|Intimidate|boost
|-unboost|p1a: Glimmora|atk|1
|-unboost|p1b: Gholdengo|atk|1
|turn|1
|c|☆KyleTampy|Oh
|c|☆KyleTampy|Hi
|
|t:|1785731454
|move|p2b: Incineroar|Fake Out|p1a: Glimmora
|-resisted|p1a: Glimmora|1
|-damage|p1a: Glimmora|94/100
|-activate|p1a: Glimmora|ability: Toxic Debris
|-sidestart|p2: KyleTampy|move: Toxic Spikes
|move|p1b: Gholdengo|Dazzling Gleam|p2b: Incineroar|[spread] p2a,p2b
|-damage|p2a: Basculegion|76/100
|-damage|p2b: Incineroar|78/100
|cant|p1a: Glimmora|flinch
|move|p2a: Basculegion|Flip Turn|p1a: Glimmora
|-supereffective|p1a: Glimmora|1
|-damage|p1a: Glimmora|10/100
|-activate|p1a: Glimmora|ability: Toxic Debris
|-sidestart|p2: KyleTampy|move: Toxic Spikes
|-enditem|p1a: Glimmora|Sitrus Berry|[eat]
|-heal|p1a: Glimmora|35/100|[from] item: Sitrus Berry
|
|t:|1785731457
|switch|p2a: Dragalge|Dragalge, L50, M|100/100|[from] Flip Turn
|-sideend|p2: KyleTampy|move: Toxic Spikes|[of] p2a: Dragalge
|
|upkeep
|turn|2
|
|t:|1785731480
|move|p1b: Gholdengo|Nasty Plot|p1b: Gholdengo
|-boost|p1b: Gholdengo|spa|2
|move|p1a: Glimmora|Dazzling Gleam|p2a: Dragalge|[spread] p2a,p2b
|-damage|p2a: Dragalge|78/100
|-damage|p2b: Incineroar|56/100
|move|p2b: Incineroar|Flare Blitz|p1b: Gholdengo
|-supereffective|p1b: Gholdengo|1
|-damage|p1b: Gholdengo|0 fnt
|faint|p1b: Gholdengo
|-damage|p2b: Incineroar|28/100|[from] Recoil
|move|p2a: Dragalge|Dragon Pulse|p1a: Glimmora
|-damage|p1a: Glimmora|0 fnt
|faint|p1a: Glimmora
|
|upkeep
|
|t:|1785731501
|switch|p1b: Basculegion|Basculegion, L50, M|100/100
|switch|p1a: Charizard|Charizard, L50, M|100/100
|turn|3
|
|t:|1785731535
|switch|p2b: Staraptor|Staraptor, L50, F|100/100
|-ability|p2b: Staraptor|Intimidate|boost
|-unboost|p1a: Charizard|atk|1
|-unboost|p1b: Basculegion|atk|1
|detailschange|p1a: Charizard|Charizard-Mega-Y, L50, M
|-mega|p1a: Charizard|Charizard|Charizardite Y
|-weather|SunnyDay|[from] ability: Drought|[of] p1a: Charizard
|detailschange|p2a: Dragalge|Dragalge-Mega, L50, M
|-mega|p2a: Dragalge|Dragalge|Dragalgite
|move|p1a: Charizard|Heat Wave|p2a: Dragalge|[spread] 
|-miss|p1a: Charizard|p2a: Dragalge
|-miss|p1a: Charizard|p2b: Staraptor
|move|p1b: Basculegion|Liquidation|p2b: Staraptor
|-damage|p2b: Staraptor|73/100
|move|p2a: Dragalge|Dragon Pulse|p1b: Basculegion
|-damage|p1b: Basculegion|59/100
|
|-weather|SunnyDay|[upkeep]
|upkeep
|turn|4
|
|t:|1785731561
|move|p2a: Dragalge|Protect|p2a: Dragalge
|-singleturn|p2a: Dragalge|Protect
|move|p2b: Staraptor|Brave Bird|p1b: Basculegion
|-damage|p1b: Basculegion|0 fnt
|faint|p1b: Basculegion
|-damage|p2b: Staraptor|48/100|[from] Recoil
|move|p1a: Charizard|Heat Wave|p2a: Dragalge|[spread] p2b
|-activate|p2a: Dragalge|move: Protect
|-damage|p2b: Staraptor|0 fnt
|faint|p2b: Staraptor
|
|-weather|SunnyDay|[upkeep]
|upkeep
|
|t:|1785731569
|switch|p2b: Incineroar|Incineroar, L50, F|28/100
|-ability|p2b: Incineroar|Intimidate|boost
|-unboost|p1a: Charizard|atk|1
|turn|5
|
|t:|1785731580
|move|p2b: Incineroar|Fake Out|p1a: Charizard
|-damage|p1a: Charizard|84/100
|cant|p1a: Charizard|flinch
|move|p2a: Dragalge|Sludge Bomb|p1a: Charizard
|-damage|p1a: Charizard|39/100
|
|-weather|SunnyDay|[upkeep]
|upkeep
|turn|6
|
|t:|1785731592
|move|p1a: Charizard|Roost|p1a: Charizard
|-heal|p1a: Charizard|89/100
|-singleturn|p1a: Charizard|move: Roost
|move|p2b: Incineroar|Parting Shot|p1a: Charizard
|-unboost|p1a: Charizard|atk|1
|-unboost|p1a: Charizard|spa|1
|
|t:|1785731595
|switch|p2b: Basculegion|Basculegion, L50, M|76/100|[from] Parting Shot
|move|p2a: Dragalge|Sludge Bomb|p1a: Charizard
|-damage|p1a: Charizard|42/100
|
|-weather|SunnyDay|[upkeep]
|upkeep
|turn|7
|
|t:|1785731614
|move|p2b: Basculegion|Protect|p2b: Basculegion
|-singleturn|p2b: Basculegion|Protect
|move|p1a: Charizard|Dragon Pulse|p2b: Basculegion
|-activate|p2b: Basculegion|move: Protect
|move|p2a: Dragalge|Flip Turn|p1a: Charizard
|-supereffective|p1a: Charizard|1
|-damage|p1a: Charizard|25/100
|
|t:|1785731616
|-heal|p2a: Dragalge|100/100|[from] ability: Regenerator|[silent]
|switch|p2a: Incineroar|Incineroar, L50, F|28/100|[from] Flip Turn
|-ability|p2a: Incineroar|Intimidate|boost
|-unboost|p1a: Charizard|atk|1
|
|-weather|none
|upkeep
|turn|8
|
|t:|1785731632
|move|p2a: Incineroar|Fake Out|p1a: Charizard
|-damage|p1a: Charizard|10/100
|cant|p1a: Charizard|flinch
|move|p2b: Basculegion|Flip Turn|p1a: Charizard
|-supereffective|p1a: Charizard|1
|-damage|p1a: Charizard|0 fnt
|faint|p1a: Charizard
|
|win|KyleTampy
|raw|AS917855's rating: 1088 → 1062(-26 for losing)
|raw|KyleTampy's rating: 1050 → 1086(+36 for winning)
|l|☆AS917855
|player|p1|
