|j|☆beeetch
|j|☆fumomarlboro
|html|beeetchfumomarlboro    
|uhtml|bestof|Game 2 of a best-of-3
|t:|1756517196
|gametype|doubles
|player|p1|beeetch|beauty-gen4dp|1298
|player|p2|fumomarlboro|169|1299
|gen|9
|tier|[Gen 9] VGC 2025 Reg H (Bo3)
|rated|
|rule|Species Clause: Limit one of each Pokémon
|rule|Item Clause: Limit 1 of each item
|clearpoke
|poke|p1|Toedscruel, L50, M|
|poke|p1|Weezing-Galar, L50, F|
|poke|p1|Corviknight, L50, M|
|poke|p1|Pawmot, L50, M|
|poke|p1|Garchomp, L50, M|
|poke|p1|Typhlosion-Hisui, L50, M|
|poke|p2|Archaludon, L50, M|
|poke|p2|Dragonite, L50, M|
|poke|p2|Pelipper, L50, M|
|poke|p2|Ursaluna, L50, M|
|poke|p2|Sinistcha, L50|
|poke|p2|Gholdengo, L50|
|teampreview|4
|showteam|p1|Toedscruel||CovertCloak|MyceliumMight|Spore,EarthPower,AcidSpray,RagePowder|||M|||50|,,,,,Water]Weezing-Galar||ChoiceSpecs|NeutralizingGas|DazzlingGleam,SludgeBomb,StrangeSteam,Flamethrower|||F|||50|,,,,,Flying]Corviknight||SitrusBerry|MirrorArmor|Protect,Tailwind,Roost,BraveBird|||M|||50|,,,,,Dragon]Pawmot||FocusSash|NaturalCure|Protect,CloseCombat,DoubleShock,FakeOut|||M|||50|,,,,,Electric]Garchomp||LifeOrb|RoughSkin|Protect,Earthquake,DragonClaw,StompingTantrum|||M|||50|,,,,,Ground]Typhlosion-Hisui||ChoiceScarf|Blaze|Eruption,SleepTalk,HeatWave,ShadowBall|||M|||50|,,,,,Fire
|showteam|p2|Archaludon||AssaultVest|Stamina|FlashCannon,BodyPress,ElectroShot,Snarl|||M|||50|,,,,,Fighting]Dragonite||LoadedDice|Multiscale|ScaleShot,Tailwind,Haze,Protect|||M|||50|,,,,,Fairy]Pelipper||FocusSash|Drizzle|MuddyWater,Hurricane,Tailwind,Protect|||M|||50|,,,,,Ghost]Ursaluna||FlameOrb|Guts|Facade,HeadlongRush,Earthquake,Protect|||M|||50|,,,,,Ghost]Sinistcha||SitrusBerry|Hospitality|MatchaGotcha,LifeDew,RagePowder,TrickRoom||||||50|,,,,,Dark]Gholdengo||ChoiceScarf|GoodasGold|MakeItRain,ShadowBall,Trick,Protect||||||50|,,,,,Flying
|inactive|Battle timer is ON: inactive players will automatically lose when time's up. (requested by fumomarlboro)
|inactive|fumomarlboro has 60 seconds left.
|
|t:|1756517233
|teamsize|p1|4
|teamsize|p2|4
|start
|switch|p1a: Weezing|Weezing-Galar, L50, F|100/100
|switch|p1b: Pawmot|Pawmot, L50, M|100/100
|switch|p2a: Archaludon|Archaludon, L50, M|100/100
|switch|p2b: Gholdengo|Gholdengo, L50|100/100
|-ability|p1a: Weezing|Neutralizing Gas
|turn|1
|
|t:|1756517257
|-end|p1a: Weezing|ability: Neutralizing Gas
|switch|p1a: Corviknight|Corviknight, L50, M|100/100
|-terastallize|p1b: Pawmot|Electric
|-terastallize|p2a: Archaludon|Fighting
|move|p2b: Gholdengo|Make It Rain|p1a: Corviknight|[spread] p1a,p1b
|-resisted|p1a: Corviknight
|-resisted|p1b: Pawmot
|-damage|p1a: Corviknight|77/100
|-damage|p1b: Pawmot|50/100
|-unboost|p2b: Gholdengo|spa|1
|move|p1b: Pawmot|Close Combat|p2a: Archaludon
|-damage|p2a: Archaludon|67/100
|-unboost|p1b: Pawmot|def|1
|-unboost|p1b: Pawmot|spd|1
|-ability|p2a: Archaludon|Stamina|boost
|-boost|p2a: Archaludon|def|1
|move|p2a: Archaludon|Body Press|p1b: Pawmot
|-damage|p1b: Pawmot|0 fnt
|faint|p1b: Pawmot
|
|upkeep
|
|t:|1756517277
|switch|p1b: Garchomp|Garchomp, L50, M|100/100
|turn|2
|inactive|beeetch has 30 seconds left.
|
|t:|1756517302
|switch|p2b: Ursaluna|Ursaluna, L50, M|100/100
|switch|p1b: Weezing|Weezing-Galar, L50, F|100/100
|-ability|p1b: Weezing|Neutralizing Gas
|move|p2a: Archaludon|Body Press|p1a: Corviknight
|-damage|p1a: Corviknight|31/100
|-enditem|p1a: Corviknight|Sitrus Berry|[eat]
|-heal|p1a: Corviknight|56/100|[from] item: Sitrus Berry
|move|p1a: Corviknight|Tailwind|p1a: Corviknight
|-sidestart|p1: beeetch|move: Tailwind
|
|-status|p2b: Ursaluna|brn|[from] item: Flame Orb
|upkeep
|turn|3
|inactive|fumomarlboro has 30 seconds left.
|inactive|fumomarlboro has 20 seconds left.
|inactive|fumomarlboro has 15 seconds left.
|inactive|fumomarlboro has 10 seconds left.
|inactive|fumomarlboro has 5 seconds left.
|
|t:|1756517355
|move|p1a: Corviknight|Brave Bird|p2b: Ursaluna
|-damage|p2b: Ursaluna|65/100 brn
|-damage|p1a: Corviknight|44/100|[from] Recoil
|move|p1b: Weezing|Dazzling Gleam|p2b: Ursaluna|[spread] p2a,p2b
|-supereffective|p2a: Archaludon
|-damage|p2a: Archaludon|14/100
|-damage|p2b: Ursaluna|26/100 brn
|move|p2a: Archaludon|Body Press|p1a: Corviknight
|-damage|p1a: Corviknight|0 fnt
|faint|p1a: Corviknight
|move|p2b: Ursaluna|Earthquake|p1b: Weezing|[spread] p2a,p1b
|-supereffective|p1b: Weezing
|-damage|p2a: Archaludon|6/100
|-damage|p1b: Weezing|53/100
|
|-damage|p2b: Ursaluna|20/100 brn|[from] brn
|upkeep
|
|t:|1756517371
|switch|p1a: Garchomp|Garchomp, L50, M|100/100
|turn|4
|
|t:|1756517380
|move|p2b: Ursaluna|Protect|p2b: Ursaluna
|-singleturn|p2b: Ursaluna|Protect
|move|p1a: Garchomp|Dragon Claw|p2b: Ursaluna
|-activate|p2b: Ursaluna|move: Protect
|move|p1b: Weezing|Dazzling Gleam|p2a: Archaludon|[spread] p2a
|-activate|p2b: Ursaluna|move: Protect
|-supereffective|p2a: Archaludon
|-damage|p2a: Archaludon|0 fnt
|faint|p2a: Archaludon
|
|-damage|p2b: Ursaluna|14/100 brn|[from] brn
|upkeep
|
|t:|1756517388
|switch|p2a: Pelipper|Pelipper, L50, M|100/100
|turn|5
|
|t:|1756517395
|move|p2a: Pelipper|Protect|p2a: Pelipper
|-singleturn|p2a: Pelipper|Protect
|move|p1a: Garchomp|Dragon Claw|p2a: Pelipper
|-activate|p2a: Pelipper|move: Protect
|move|p1b: Weezing|Dazzling Gleam|p2a: Pelipper|[spread] p2b
|-activate|p2a: Pelipper|move: Protect
|-damage|p2b: Ursaluna|0 fnt
|faint|p2b: Ursaluna
|
|-sideend|p1: beeetch|move: Tailwind
|upkeep
|
|t:|1756517402
|switch|p2b: Gholdengo|Gholdengo, L50|100/100
|turn|6
|
|t:|1756517412
|move|p2b: Gholdengo|Make It Rain|p1a: Garchomp|[spread] p1a,p1b
|-supereffective|p1b: Weezing
|-damage|p1a: Garchomp|37/100
|-damage|p1b: Weezing|0 fnt
|-unboost|p2b: Gholdengo|spa|1
|faint|p1b: Weezing
|-end|p1b: Weezing|ability: Neutralizing Gas
|-weather|RainDance|[from] ability: Drizzle|[of] p2a: Pelipper
|move|p1a: Garchomp|Stomping Tantrum|p2b: Gholdengo
|-supereffective|p2b: Gholdengo
|-damage|p2b: Gholdengo|0 fnt
|faint|p2b: Gholdengo
|-damage|p1a: Garchomp|27/100|[from] item: Life Orb
|move|p2a: Pelipper|Tailwind|p2a: Pelipper
|-sidestart|p2: fumomarlboro|move: Tailwind
|
|-weather|RainDance|[upkeep]
|upkeep
|turn|7
|
|t:|1756517425
|move|p1a: Garchomp|Protect|p1a: Garchomp
|-singleturn|p1a: Garchomp|Protect
|move|p2a: Pelipper|Hurricane|p1a: Garchomp
|-activate|p1a: Garchomp|move: Protect
|
|-weather|RainDance|[upkeep]
|upkeep
|turn|8
|
|t:|1756517432
|move|p2a: Pelipper|Hurricane|p1a: Garchomp
|-damage|p1a: Garchomp|0 fnt
|faint|p1a: Garchomp
|
|win|fumomarlboro
||fumomarlboro is ready for game 3.
|inactive|beeetch has 30 seconds to confirm battle start!
||beeetch is ready for game 3.
|uhtml|next|Next: Game 3 of 3
