|j|☆ExtraPlanet51
|j|☆heatvw
|html|ExtraPlanet51heatvw    
|uhtml|bestof|Game 1 of a best-of-3
|t:|1757023462
|gametype|doubles
|player|p1|ExtraPlanet51|bugcatcher-gen4dp|1147
|player|p2|heatvw|gambler|1149
|gen|9
|tier|[Gen 9] VGC 2025 Reg H (Bo3)
|rated|
|rule|Species Clause: Limit one of each Pokémon
|rule|Item Clause: Limit 1 of each item
|clearpoke
|poke|p1|Basculegion, L50, M|
|poke|p1|Sinistcha, L50|
|poke|p1|Rillaboom, L50, M|
|poke|p1|Incineroar, L50, M|
|poke|p1|Pelipper, L50, F|
|poke|p1|Archaludon, L50, F|
|poke|p2|Flamigo, L50, F|
|poke|p2|Ninetales-Alola, L50, M|
|poke|p2|Garchomp, L50, M|
|poke|p2|Incineroar, L50, F|
|poke|p2|Amoonguss, L50, M|
|poke|p2|Kingambit, L50, M|
|teampreview|4
|showteam|p1|Basculegion||ChoiceBand|SwiftSwim|AquaJet,FlipTurn,WaveCrash,LastRespects|||M|||50|,,,,,Normal]Sinistcha||SitrusBerry|Hospitality|MatchaGotcha,TrickRoom,LifeDew,RagePowder||||||50|,,,,,Water]Rillaboom||LoadedDice|GrassySurge|FakeOut,GrassyGlide,BulletSeed,HighHorsepower|||M|||50|,,,,,Ground]Incineroar||SafetyGoggles|Intimidate|FakeOut,KnockOff,HelpingHand,PartingShot|||M|||50|,,,,,Grass]Pelipper||FocusSash|Drizzle|Hurricane,WeatherBall,Tailwind,Protect|||F|||50|,,,,,Ghost]Archaludon||AssaultVest|Stamina|ElectroShot,FlashCannon,DracoMeteor,BodyPress|||F|||50|,,,,,Grass
|showteam|p2|Flamigo||ChoiceBand|Scrappy|Uturn,CloseCombat,BraveBird,Facade|||F|||50|,,,,,Stellar]Ninetales-Alola||FocusSash|SnowWarning|Protect,Encore,IcyWind,Blizzard|||M|||50|,,,,,Ghost]Garchomp||LifeOrb|RoughSkin|DragonClaw,StompingTantrum,Earthquake,Protect|||M|||50|,,,,,Ground]Incineroar||SafetyGoggles|Intimidate|FakeOut,FlareBlitz,KnockOff,PartingShot|||F|||50|,,,,,Ghost]Amoonguss||SitrusBerry|Regenerator|Spore,RagePowder,PollenPuff,Protect|||M|||50|,,,,,Water]Kingambit||AssaultVest|Defiant|KowtowCleave,IronHead,LowKick,SuckerPunch|||M|||50|,,,,,Fire
|inactive|Battle timer is ON: inactive players will automatically lose when time's up. (requested by heatvw)
|inactive|ExtraPlanet51 has 60 seconds left.
|inactive|ExtraPlanet51 has 30 seconds left.
|inactive|ExtraPlanet51 has 20 seconds left.
|inactive|ExtraPlanet51 has 15 seconds left.
|
|t:|1757023539
|teamsize|p1|4
|teamsize|p2|4
|start
|switch|p1a: Rillaboom|Rillaboom, L50, M|100/100
|switch|p1b: Basculegion|Basculegion, L50, M|100/100
|switch|p2a: Garchomp|Garchomp, L50, M, shiny|100/100
|switch|p2b: Flamigo|Flamigo, L50, F, shiny|100/100
|-fieldstart|move: Grassy Terrain|[from] ability: Grassy Surge|[of] p1a: Rillaboom
|turn|1
|inactive|ExtraPlanet51 has 30 seconds left.
|inactive|ExtraPlanet51 has 20 seconds left.
|inactive|ExtraPlanet51 has 15 seconds left.
|
|t:|1757023580
|move|p2a: Garchomp|Dragon Claw|p1a: Rillaboom
|-damage|p1a: Rillaboom|48/100
|-damage|p2a: Garchomp|91/100|[from] item: Life Orb
|move|p2b: Flamigo|Close Combat|p1b: Basculegion
|-damage|p1b: Basculegion|0 fnt
|-unboost|p2b: Flamigo|def|1
|-unboost|p2b: Flamigo|spd|1
|faint|p1b: Basculegion
|move|p1a: Rillaboom|Bullet Seed|p1: Basculegion|[notarget]
|-fail|p1a: Rillaboom
|
|-heal|p2a: Garchomp|97/100|[from] Grassy Terrain
|-heal|p1a: Rillaboom|54/100|[from] Grassy Terrain
|upkeep
|
|t:|1757023594
|switch|p1b: Pelipper|Pelipper, L50, F|100/100
|-weather|RainDance|[from] ability: Drizzle|[of] p1b: Pelipper
|turn|2
|
|t:|1757023608
|move|p2a: Garchomp|Dragon Claw|p1b: Pelipper
|-damage|p1b: Pelipper|34/100
|-damage|p2a: Garchomp|87/100|[from] item: Life Orb
|move|p2b: Flamigo|Close Combat|p1a: Rillaboom
|-damage|p1a: Rillaboom|0 fnt
|-unboost|p2b: Flamigo|def|1
|-unboost|p2b: Flamigo|spd|1
|faint|p1a: Rillaboom
|move|p1b: Pelipper|Tailwind|p1b: Pelipper
|-sidestart|p1: ExtraPlanet51|move: Tailwind
|
|-weather|RainDance|[upkeep]
|-heal|p2a: Garchomp|93/100|[from] Grassy Terrain
|upkeep
|
|t:|1757023621
|switch|p1a: Archaludon|Archaludon, L50, F|100/100
|turn|3
|
|t:|1757023645
|switch|p2b: Incineroar|Incineroar, L50, F, shiny|100/100
|-ability|p2b: Incineroar|Intimidate|boost
|-unboost|p1a: Archaludon|atk|1
|-unboost|p1b: Pelipper|atk|1
|move|p1b: Pelipper|Hurricane|p2a: Garchomp
|-damage|p2a: Garchomp|39/100
|move|p1a: Archaludon|Electro Shot||[still]
|-prepare|p1a: Archaludon|Electro Shot
|-boost|p1a: Archaludon|spa|1
|-anim|p1a: Archaludon|Electro Shot|p2b: Incineroar
|-damage|p2b: Incineroar|38/100
|move|p2a: Garchomp|Dragon Claw|p1b: Pelipper
|-damage|p1b: Pelipper|0 fnt
|faint|p1b: Pelipper
|-damage|p2a: Garchomp|29/100|[from] item: Life Orb
|
|-weather|RainDance|[upkeep]
|-heal|p2a: Garchomp|35/100|[from] Grassy Terrain
|-heal|p2b: Incineroar|44/100|[from] Grassy Terrain
|upkeep
|turn|4
|inactive|ExtraPlanet51 has 30 seconds left.
|
|t:|1757023676
|-terastallize|p1a: Archaludon|Grass
|move|p2a: Garchomp|Protect|p2a: Garchomp
|-singleturn|p2a: Garchomp|Protect
|move|p1a: Archaludon|Body Press|p2b: Incineroar
|-supereffective|p2b: Incineroar
|-damage|p2b: Incineroar|0 fnt
|faint|p2b: Incineroar
|
|-weather|RainDance|[upkeep]
|-heal|p2a: Garchomp|41/100|[from] Grassy Terrain
|upkeep
|
|t:|1757023691
|switch|p2b: Flamigo|Flamigo, L50, F, shiny|100/100
|turn|5
|
|t:|1757023699
|switch|p2b: Kingambit|Kingambit, L50, M|100/100
|move|p1a: Archaludon|Electro Shot||[still]
|-prepare|p1a: Archaludon|Electro Shot
|-boost|p1a: Archaludon|spa|1
|-anim|p1a: Archaludon|Electro Shot|p2b: Kingambit
|-damage|p2b: Kingambit|39/100
|move|p2a: Garchomp|Dragon Claw|p1a: Archaludon
|-damage|p1a: Archaludon|61/100
|-ability|p1a: Archaludon|Stamina|boost
|-boost|p1a: Archaludon|def|1
|-damage|p2a: Garchomp|31/100|[from] item: Life Orb
|
|-weather|RainDance|[upkeep]
|-heal|p1a: Archaludon|67/100|[from] Grassy Terrain
|-heal|p2a: Garchomp|37/100|[from] Grassy Terrain
|-heal|p2b: Kingambit|45/100|[from] Grassy Terrain
|-sideend|p1: ExtraPlanet51|move: Tailwind
|-fieldend|move: Grassy Terrain
|upkeep
|turn|6
|
|t:|1757023724
|move|p2a: Garchomp|Dragon Claw|p1a: Archaludon
|-damage|p1a: Archaludon|41/100
|-ability|p1a: Archaludon|Stamina|boost
|-boost|p1a: Archaludon|def|1
|-damage|p2a: Garchomp|27/100|[from] item: Life Orb
|move|p1a: Archaludon|Body Press|p2b: Kingambit
|-supereffective|p2b: Kingambit
|-damage|p2b: Kingambit|0 fnt
|faint|p2b: Kingambit
|
|-weather|none
|upkeep
|
|t:|1757023731
|switch|p2b: Flamigo|Flamigo, L50, F, shiny|100/100
|turn|7
|
|t:|1757023755
|-terastallize|p2b: Flamigo|Stellar
|move|p2a: Garchomp|Dragon Claw|p1a: Archaludon
|-damage|p1a: Archaludon|21/100
|-ability|p1a: Archaludon|Stamina|boost
|-boost|p1a: Archaludon|def|1
|-damage|p2a: Garchomp|17/100|[from] item: Life Orb
|move|p2b: Flamigo|Brave Bird|p1a: Archaludon
|-supereffective|p1a: Archaludon
|-damage|p1a: Archaludon|0 fnt
|faint|p1a: Archaludon
|-damage|p2b: Flamigo|92/100|[from] Recoil
|
|win|heatvw
||heatvw is ready for game 2.
||ExtraPlanet51 is ready for game 2.
|uhtml|next|Next: Game 2 of 3
|l|☆ExtraPlanet51
|player|p1|
