|j|☆iannaVi
|j|☆boodsy
|html|iannaViboodsy    
|uhtml|bestof|Game 1 of a best-of-3
|t:|1785103517
|gametype|doubles
|player|p1|iannaVi|cheren-gen5bw2|1193
|player|p2|boodsy|roxie|1115
|gen|9
|tier|[Gen 9 Champions] VGC 2026 Reg M-B (Bo3)
|rated|
|rule|Species Clause: Limit one of each Pokémon
|rule|Item Clause: Limit 1 of each item
|clearpoke
|poke|p1|Venusaur, L50, F|
|poke|p1|Farigiraf, L50, F|
|poke|p1|Aerodactyl, L50, F|
|poke|p1|Torkoal, L50, M|
|poke|p1|Incineroar, L50, M|
|poke|p1|Mawile, L50, F|
|poke|p2|Slowking, L50, M, shiny|
|poke|p2|Aurorus, L50, M|
|poke|p2|Crabominable, L50, M|
|poke|p2|Camerupt, L50, F, shiny|
|poke|p2|Sneasler, L50, F|
|poke|p2|Bastiodon, L50, M|
|teampreview|4
|showteam|p1|Venusaur||LifeOrb|Chlorophyll|SolarBeam,EarthPower,SludgeBomb,SleepPowder|Modest||F|||50|]Farigiraf||SitrusBerry|ArmorTail|TwinBeam,Thunderbolt,HelpingHand,TrickRoom|Relaxed||F|||50|]Aerodactyl||Aerodactylite|Unnerve|IceFang,DualWingbeat,RockSlide,IronHead|Adamant||F|||50|]Torkoal||Charcoal|Drought|HelpingHand,AncientPower,WeatherBall,Protect|Relaxed||M|||50|]Incineroar||MuscleBand|Intimidate|FakeOut,FlareBlitz,CloseCombat,ThroatChop|Adamant||M|||50|]Mawile||Mawilite|HyperCutter|PlayRough,SuckerPunch,SwordsDance,Protect|Adamant||F|||50|
|showteam|p2|Slowking||MysticWater|Regenerator|ChillyReception,Scald,GrassKnot,TrickRoom|Relaxed||M|||50|]Aurorus||FocusSash|SnowWarning|AuroraVeil,Protect,Blizzard,AncientPower|Quiet||M|||50|]Crabominable||SitrusBerry|IronFist|DrainPunch,IceHammer,MachPunch,Protect|Brave||M|||50|]Camerupt||Cameruptite|SolidRock|Eruption,EarthPower,Protect,FlashCannon|Quiet||F|||50|]Sneasler||WhiteHerb|Unburden|DireClaw,CloseCombat,FakeOut,Protect|Adamant||F|||50|]Bastiodon||Leftovers|Sturdy|WideGuard,HeavySlam,BodyPress,Protect|Relaxed||M|||50|
|inactive|Battle timer is ON: inactive players will automatically lose when time's up. (requested by iannaVi)
|inactive|boodsy has 60 seconds left.
|
|t:|1785103550
|teamsize|p1|4
|teamsize|p2|4
|start
|switch|p1a: Torkoal|Torkoal, L50, M|100/100
|switch|p1b: Incineroar|Incineroar, L50, M|100/100
|switch|p2a: Slowking|Slowking, L50, M, shiny|100/100
|switch|p2b: Aurorus|Aurorus, L50, M|100/100
|-ability|p1b: Incineroar|Intimidate|boost
|-unboost|p2a: Slowking|atk|1
|-unboost|p2b: Aurorus|atk|1
|-weather|Snowscape|[from] ability: Snow Warning|[of] p2b: Aurorus
|-weather|SunnyDay|[from] ability: Drought|[of] p1a: Torkoal
|turn|1
|inactive|iannaVi has 30 seconds left.
|inactive|iannaVi has 20 seconds left.
|
|t:|1785103586
|move|p2b: Aurorus|Protect|p2b: Aurorus
|-singleturn|p2b: Aurorus|Protect
|move|p1b: Incineroar|Fake Out|p2a: Slowking
|-damage|p2a: Slowking|87/100
|-prepare|p2a: Slowking|Chilly Reception|[premajor]
|cant|p2a: Slowking|flinch
|move|p1a: Torkoal|Ancient Power|p2b: Aurorus
|-activate|p2b: Aurorus|move: Protect
|
|-weather|SunnyDay|[upkeep]
|upkeep
|turn|2
|
|t:|1785103603
|switch|p2b: Camerupt|Camerupt, L50, F, shiny|100/100
|move|p1a: Torkoal|Helping Hand|p1b: Incineroar
|-singleturn|p1b: Incineroar|Helping Hand|[of] p1a: Torkoal
|move|p1b: Incineroar|Throat Chop|p2a: Slowking
|-supereffective|p2a: Slowking|1
|-damage|p2a: Slowking|0 fnt
|faint|p2a: Slowking
|
|-weather|SunnyDay|[upkeep]
|upkeep
|
|t:|1785103615
|switch|p2a: Sneasler|Sneasler, L50, F|100/100
|turn|3
|
|t:|1785103632
|switch|p1a: Aerodactyl|Aerodactyl, L50, F|100/100
|-ability|p1a: Aerodactyl|Unnerve
|detailschange|p2b: Camerupt|Camerupt-Mega, L50, F, shiny
|-mega|p2b: Camerupt|Camerupt|Cameruptite
|move|p2a: Sneasler|Close Combat|p1b: Incineroar
|-supereffective|p1b: Incineroar|1
|-damage|p1b: Incineroar|0 fnt
|-unboost|p2a: Sneasler|def|1
|-unboost|p2a: Sneasler|spd|1
|faint|p1b: Incineroar
|-enditem|p2a: Sneasler|White Herb
|-clearnegativeboost|p2a: Sneasler|[silent]
|move|p2b: Camerupt|Earth Power|p1a: Aerodactyl
|-immune|p1a: Aerodactyl
|
|-weather|SunnyDay|[upkeep]
|upkeep
|
|t:|1785103647
|switch|p1b: Venusaur|Venusaur, L50, F|100/100
|turn|4
|
|t:|1785103658
|switch|p2a: Aurorus|Aurorus, L50, M|100/100
|-weather|Snowscape|[from] ability: Snow Warning|[of] p2a: Aurorus
|detailschange|p1a: Aerodactyl|Aerodactyl-Mega, L50, F
|-mega|p1a: Aerodactyl|Aerodactyl|Aerodactylite
|move|p2b: Camerupt|Protect|p2b: Camerupt
|-singleturn|p2b: Camerupt|Protect
|move|p1a: Aerodactyl|Dual Wingbeat|p2a: Aurorus
|-resisted|p2a: Aurorus|1
|-damage|p2a: Aurorus|90/100
|-resisted|p2a: Aurorus|1
|-damage|p2a: Aurorus|80/100
|-hitcount|p2a: Aurorus|2
|move|p1b: Venusaur|Sleep Powder|p2b: Camerupt
|-activate|p2b: Camerupt|move: Protect
|
|-weather|Snowscape|[upkeep]
|upkeep
|turn|5
|
|t:|1785103678
|switch|p1b: Torkoal|Torkoal, L50, M|100/100
|-weather|SunnyDay|[from] ability: Drought|[of] p1b: Torkoal
|move|p1a: Aerodactyl|Iron Head|p2a: Aurorus
|-supereffective|p2a: Aurorus|2
|-damage|p2a: Aurorus|0 fnt
|faint|p2a: Aurorus
|move|p2b: Camerupt|Earth Power|p1b: Torkoal
|-supereffective|p1b: Torkoal|1
|-damage|p1b: Torkoal|0 fnt
|faint|p1b: Torkoal
|
|-weather|SunnyDay|[upkeep]
|upkeep
|
|t:|1785103689
|switch|p2a: Sneasler|Sneasler, L50, F|100/100
|switch|p1b: Venusaur|Venusaur, L50, F|100/100
|turn|6
|
|t:|1785103709
|move|p2a: Sneasler|Fake Out|p1b: Venusaur
|-damage|p1b: Venusaur|81/100
|cant|p1b: Venusaur|flinch
|move|p1a: Aerodactyl|Dual Wingbeat|p2a: Sneasler
|-supereffective|p2a: Sneasler|1
|-damage|p2a: Sneasler|1/100
|-supereffective|p2a: Sneasler|1
|-damage|p2a: Sneasler|0 fnt
|faint|p2a: Sneasler
|-hitcount|p2: Sneasler|2
|move|p2b: Camerupt|Eruption|p1b: Venusaur|[spread] p1a,p1b
|-resisted|p1a: Aerodactyl|1
|-supereffective|p1b: Venusaur|1
|-damage|p1a: Aerodactyl|36/100
|-damage|p1b: Venusaur|0 fnt
|faint|p1b: Venusaur
|
|-weather|SunnyDay|[upkeep]
|upkeep
|turn|7
|
|t:|1785103730
|move|p1a: Aerodactyl|Dual Wingbeat|p2b: Camerupt
|-damage|p2b: Camerupt|67/100
|-damage|p2b: Camerupt|35/100
|-hitcount|p2b: Camerupt|2
|move|p2b: Camerupt|Flash Cannon|p1a: Aerodactyl
|-supereffective|p1a: Aerodactyl|1
|-damage|p1a: Aerodactyl|0 fnt
|faint|p1a: Aerodactyl
|
|win|boodsy
||iannaVi is ready for game 2.
||boodsy is ready for game 2.
|uhtml|next|Next: Game 2 of 3
|l|☆iannaVi
|player|p1|
|j|☆iannaVi
|player|p1|iannaVi|cheren-gen5bw2|
|l|☆boodsy
|player|p2|
