|j|☆TehCruzeFan123
|j|☆curlywoofdude
|html|TehCruzeFan123curlywoofdude    
|uhtml|bestof|Game 1 of a best-of-3
|t:|1784951507
|gametype|doubles
|player|p1|TehCruzeFan123|guzma|1116
|player|p2|curlywoofdude|169|1000
|gen|9
|tier|[Gen 9 Champions] VGC 2026 Reg M-B (Bo3)
|rated|
|rule|Species Clause: Limit one of each Pokémon
|rule|Item Clause: Limit 1 of each item
|clearpoke
|poke|p1|Aerodactyl, L50, M|
|poke|p1|Hippowdon, L50, F|
|poke|p1|Gholdengo, L50|
|poke|p1|Sneasler, L50, M|
|poke|p1|Basculegion, L50, M|
|poke|p1|Floette-Eternal, L50, F|
|poke|p2|Incineroar, L50, M|
|poke|p2|Whimsicott, L50, F, shiny|
|poke|p2|Hawlucha, L50, M|
|poke|p2|Dragonite, L50, M|
|poke|p2|Ceruledge, L50, F|
|poke|p2|Archaludon, L50, M|
|teampreview|4
|showteam|p1|Aerodactyl||Aerodactylite|RockHead|DualWingbeat,RockSlide,IceFang,Tailwind|Jolly||M|||50|]Hippowdon||Leftovers|SandStream|Protect,Yawn,HighHorsepower,StoneEdge|Adamant||F|||50|]Gholdengo||FocusSash|GoodasGold|Protect,MakeItRain,ShadowBall,NastyPlot|Modest|||||50|]Sneasler||WhiteHerb|Unburden|Protect,FakeOut,CloseCombat,DireClaw|Jolly||M|||50|]Basculegion||KasibBerry|Adaptability|Protect,WaveCrash,LastRespects,AquaJet|Adamant||M|||50|]Floette-Eternal||Floettite|FlowerVeil|Protect,Moonblast,DazzlingGleam,LightofRuin|Timid||F|||50|
|showteam|p2|Incineroar||Leftovers|Intimidate|PartingShot,FlareBlitz,FakeOut,DarkestLariat|Adamant||M|||50|]Whimsicott||FocusSash|Prankster|Moonblast,Tailwind,GigaDrain,Uturn|Timid||F|||50|]Hawlucha||SitrusBerry|Unburden|Acrobatics,DrainPunch,Encore,SwordsDance|Adamant||M|||50|]Dragonite||QuickClaw|Multiscale|RainDance,DragonClaw,AerialAce,DragonDance|Adamant||M|||50|]Ceruledge||Charcoal|FlashFire|ShadowClaw,CloseCombat,BitterBlade,FlareBlitz|Jolly||F|||50|]Archaludon||DragonFang|Stamina|DragonPulse,ElectroShot,IronDefense,FlashCannon|Modest||M|||50|
|inactive|Battle timer is ON: inactive players will automatically lose when time's up. (requested by TehCruzeFan123)
|inactive|TehCruzeFan123 has 60 seconds left.
|
|t:|1784951560
|teamsize|p1|4
|teamsize|p2|4
|start
|switch|p1a: Sneasler|Sneasler, L50, M|100/100
|switch|p1b: Floette|Floette-Eternal, L50, F|100/100
|switch|p2a: carless|Incineroar, L50, M|100/100
|switch|p2b: on a whimsicott|Whimsicott, L50, F, shiny|100/100
|-ability|p2a: carless|Intimidate|boost
|-unboost|p1a: Sneasler|atk|1
|-unboost|p1b: Floette|atk|1
|-enditem|p1a: Sneasler|White Herb
|-clearnegativeboost|p1a: Sneasler|[silent]
|turn|1
|inactive|curlywoofdude has 30 seconds left.
|
|t:|1784951591
|detailschange|p1b: Floette|Floette-Mega, L50, F
|-mega|p1b: Floette|Floette|Floettite
|-ability|p1b: Floette|Fairy Aura
|move|p2b: on a whimsicott|Tailwind|p2b: on a whimsicott
|-sidestart|p2: curlywoofdude|move: Tailwind
|move|p1a: Sneasler|Close Combat|p2a: carless
|-supereffective|p2a: carless|1
|-damage|p2a: carless|0 fnt
|-unboost|p1a: Sneasler|def|1
|-unboost|p1a: Sneasler|spd|1
|faint|p2a: carless
|move|p1b: Floette|Dazzling Gleam|p2b: on a whimsicott
|-enditem|p2b: on a whimsicott|Focus Sash
|-damage|p2b: on a whimsicott|1/100
|
|upkeep
|
|t:|1784951606
|switch|p2a: Hawlucha|Hawlucha, L50, M|100/100
|turn|2
|inactive|curlywoofdude has 30 seconds left.
|
|t:|1784951635
|switch|p1a: Hippowdon|Hippowdon, L50, F|100/100
|-weather|Sandstorm|[from] ability: Sand Stream|[of] p1a: Hippowdon
|move|p2b: on a whimsicott|Moonblast|p1a: Hippowdon
|-damage|p1a: Hippowdon|59/100
|move|p2a: Hawlucha|Acrobatics|p1a: Hippowdon
|-damage|p1a: Hippowdon|42/100
|move|p1b: Floette|Dazzling Gleam|p2b: on a whimsicott|[spread] p2a,p2b
|-supereffective|p2a: Hawlucha|1
|-damage|p2a: Hawlucha|0 fnt
|-damage|p2b: on a whimsicott|0 fnt
|faint|p2a: Hawlucha
|faint|p2b: on a whimsicott
|
|-weather|Sandstorm|[upkeep]
|-damage|p1b: Floette|93/100|[from] Sandstorm
|-heal|p1a: Hippowdon|48/100|[from] item: Leftovers
|upkeep
|
|t:|1784951656
|switch|p2b: Ceruledge|Ceruledge, L50, F|100/100
|turn|3
|
|t:|1784951680
|move|p2b: Ceruledge|Shadow Claw|p1b: Floette
|-damage|p1b: Floette|46/100
|move|p1b: Floette|Light of Ruin|p2b: Ceruledge
|-resisted|p2b: Ceruledge|1
|-damage|p2b: Ceruledge|36/100
|-damage|p1b: Floette|14/100|[from] Recoil
|move|p1a: Hippowdon|Yawn|p2b: Ceruledge
|-start|p2b: Ceruledge|move: Yawn|[of] p1a: Hippowdon
|
|-weather|Sandstorm|[upkeep]
|-damage|p2b: Ceruledge|30/100|[from] Sandstorm
|-damage|p1b: Floette|8/100|[from] Sandstorm
|-heal|p1a: Hippowdon|54/100|[from] item: Leftovers
|upkeep
|turn|4
|
|t:|1784951699
|move|p1b: Floette|Protect|p1b: Floette
|-singleturn|p1b: Floette|Protect
|move|p1a: Hippowdon|Protect|p1a: Hippowdon
|-singleturn|p1a: Hippowdon|Protect
|move|p2b: Ceruledge|Bitter Blade|p1a: Hippowdon
|-activate|p1a: Hippowdon|move: Protect
|
|-weather|Sandstorm|[upkeep]
|-damage|p2b: Ceruledge|24/100|[from] Sandstorm
|-damage|p1b: Floette|2/100|[from] Sandstorm
|-heal|p1a: Hippowdon|61/100|[from] item: Leftovers
|-end|p2b: Ceruledge|move: Yawn|[silent]
|-status|p2b: Ceruledge|slp
|-sideend|p2: curlywoofdude|move: Tailwind
|upkeep
|turn|5
|
|t:|1784951718
|move|p1b: Floette|Light of Ruin|p2b: Ceruledge|[miss]
|-miss|p1b: Floette|p2b: Ceruledge
|cant|p2b: Ceruledge|slp
|move|p1a: Hippowdon|High Horsepower|p2b: Ceruledge
|-supereffective|p2b: Ceruledge|1
|-damage|p2b: Ceruledge|0 fnt
|faint|p2b: Ceruledge
|
|win|TehCruzeFan123
