|j|☆darthnius
|j|☆tessa scarlet
|html|darthniustessa scarlet    
|uhtml|bestof|Game 1 of a best-of-3
|t:|1756649272
|gametype|doubles
|player|p1|darthnius|volkner|1339
|player|p2|tessa scarlet|170|1488
|gen|9
|tier|[Gen 9] VGC 2025 Reg H (Bo3)
|rated|
|rule|Species Clause: Limit one of each Pokémon
|rule|Item Clause: Limit 1 of each item
|clearpoke
|poke|p1|Electabuzz, L50, F|
|poke|p1|Kingambit, L50, M|
|poke|p1|Volcarona, L50, M|
|poke|p1|Dragonite, L50, F|
|poke|p1|Sneasler, L50, F|
|poke|p1|Rillaboom, L50, M|
|poke|p2|Gholdengo, L50|
|poke|p2|Annihilape, L50, F|
|poke|p2|Volcarona, L50, M|
|poke|p2|Dragonite, L50, F|
|poke|p2|Ninetales-Alola, L50, M|
|poke|p2|Ursaluna-Bloodmoon, L50, M|
|teampreview|4
|showteam|p1|Electabuzz||Eviolite|VitalSpirit|FollowMe,Thunderbolt,Taunt,Protect|||F|||50|,,,,,Ghost]Kingambit||BlackGlasses|Defiant|KowtowCleave,SuckerPunch,SwordsDance,Protect|||M|||50|,,,,,Dark]Volcarona||Leftovers|FlameBody|HeatWave,TeraBlast,QuiverDance,Protect|||M|||50|,,,,,Fairy]Dragonite||LoadedDice|Multiscale|ScaleShot,ExtremeSpeed,Haze,Protect|||F|||50|,,,,,Fairy]Sneasler||FocusSash|Unburden|DireClaw,CloseCombat,Coaching,FakeOut|||F|||50|,,,,,Stellar]Rillaboom||AssaultVest|GrassySurge|FakeOut,WoodHammer,GrassyGlide,HighHorsepower|||M|||50|,,,,,Fire
|showteam|p2|Gholdengo||LifeOrb|GoodasGold|NastyPlot,MakeItRain,ShadowBall,Protect||||||50|,,,,,Water]Annihilape||SafetyGoggles|Defiant|DrainPunch,RageFist,BulkUp,Protect|||F|||50|,,,,,Fire]Volcarona||CovertCloak|FlameBody|StruggleBug,HeatWave,RagePowder,Tailwind|||M|||50|,,,,,Steel]Dragonite||LoadedDice|Multiscale|ScaleShot,Haze,Tailwind,Protect|||F|||50|,,,,,Steel]Ninetales-Alola||FocusSash|SnowWarning|Blizzard,IcyWind,IcicleSpear,AuroraVeil|||M|||50|,,,,,Ghost]Ursaluna-Bloodmoon||AssaultVest|MindsEye|BloodMoon,HyperVoice,EarthPower,VacuumWave|||M|||50|,,,,,Water
|inactive|Battle timer is ON: inactive players will automatically lose when time's up. (requested by tessa scarlet)
|
|t:|1756649327
|teamsize|p1|4
|teamsize|p2|4
|start
|switch|p1a: Volcarona|Volcarona, L50, M|100/100
|switch|p1b: Sneasler|Sneasler, L50, F|100/100
|switch|p2a: Annihilape|Annihilape, L50, F|100/100
|switch|p2b: Ninetales|Ninetales-Alola, L50, M|100/100
|-weather|Snowscape|[from] ability: Snow Warning|[of] p2b: Ninetales
|turn|1
|inactive|tessa scarlet has 30 seconds left.
|
|t:|1756649360
|move|p1b: Sneasler|Dire Claw|p2a: Annihilape
|-resisted|p2a: Annihilape
|-damage|p2a: Annihilape|79/100
|move|p2b: Ninetales|Icy Wind|p1b: Sneasler|[spread] p1a,p1b
|-resisted|p1a: Volcarona
|-damage|p1a: Volcarona|94/100
|-damage|p1b: Sneasler|77/100
|-unboost|p1a: Volcarona|spe|1
|-unboost|p1b: Sneasler|spe|1
|move|p2a: Annihilape|Bulk Up|p2a: Annihilape
|-boost|p2a: Annihilape|atk|1
|-boost|p2a: Annihilape|def|1
|move|p1a: Volcarona|Quiver Dance|p1a: Volcarona
|-boost|p1a: Volcarona|spa|1
|-boost|p1a: Volcarona|spd|1
|-boost|p1a: Volcarona|spe|1
|
|-weather|Snowscape|[upkeep]
|-heal|p1a: Volcarona|100/100|[from] item: Leftovers
|upkeep
|turn|2
|inactive|darthnius has 30 seconds left.
|inactive|darthnius has 20 seconds left.
|
|t:|1756649395
|switch|p1b: Electabuzz|Electabuzz, L50, F|100/100
|-terastallize|p2a: Annihilape|Fire
|-terastallize|p1a: Volcarona|Fairy
|move|p2b: Ninetales|Icicle Spear|p2a: Annihilape
|-resisted|p2a: Annihilape
|-damage|p2a: Annihilape|78/100
|-resisted|p2a: Annihilape
|-damage|p2a: Annihilape|76/100
|-hitcount|p2a: Annihilape|2
|move|p2a: Annihilape|Rage Fist|p1b: Electabuzz
|-damage|p1b: Electabuzz|5/100
|move|p1a: Volcarona|Tera Blast|p2a: Annihilape|[anim] Tera Blast Fairy
|-resisted|p2a: Annihilape
|-damage|p2a: Annihilape|50/100
|
|-weather|Snowscape|[upkeep]
|upkeep
|turn|3
|inactive|darthnius has 30 seconds left.
|inactive|darthnius has 20 seconds left.
|inactive|darthnius has 15 seconds left.
|
|t:|1756649437
|move|p1a: Volcarona|Protect|p1a: Volcarona
|-singleturn|p1a: Volcarona|Protect
|move|p2b: Ninetales|Blizzard|p1b: Electabuzz|[spread] p1b
|-activate|p1a: Volcarona|move: Protect
|-damage|p1b: Electabuzz|0 fnt
|faint|p1b: Electabuzz
|move|p2a: Annihilape|Rage Fist|p1a: Volcarona
|-activate|p1a: Volcarona|move: Protect
|
|-weather|Snowscape|[upkeep]
|upkeep
|
|t:|1756649449
|switch|p1b: Sneasler|Sneasler, L50, F|77/100
|turn|4
|
|t:|1756649468
|move|p1b: Sneasler|Fake Out|p2a: Annihilape
|-damage|p2a: Annihilape|40/100
|move|p2b: Ninetales|Icy Wind|p1a: Volcarona|[spread] p1a,p1b
|-damage|p1a: Volcarona|91/100
|-damage|p1b: Sneasler|57/100
|-unboost|p1a: Volcarona|spe|1
|-unboost|p1b: Sneasler|spe|1
|cant|p2a: Annihilape|flinch
|move|p1a: Volcarona|Quiver Dance|p1a: Volcarona
|-boost|p1a: Volcarona|spa|1
|-boost|p1a: Volcarona|spd|1
|-boost|p1a: Volcarona|spe|1
|
|-weather|Snowscape|[upkeep]
|-heal|p1a: Volcarona|97/100|[from] item: Leftovers
|upkeep
|turn|5
|inactive|darthnius has 30 seconds left.
|
|t:|1756649500
|move|p1a: Volcarona|Protect|p1a: Volcarona
|-singleturn|p1a: Volcarona|Protect
|move|p2b: Ninetales|Blizzard|p1b: Sneasler|[spread] p1b
|-activate|p1a: Volcarona|move: Protect
|-damage|p1b: Sneasler|16/100
|-status|p1b: Sneasler|frz
|move|p2a: Annihilape|Rage Fist|p1a: Volcarona
|-activate|p1a: Volcarona|move: Protect
|cant|p1b: Sneasler|frz
|
|-weather|none
|-heal|p1a: Volcarona|100/100|[from] item: Leftovers
|upkeep
|turn|6
|
|t:|1756649520
|move|p2b: Ninetales|Icy Wind|p1b: Sneasler|[spread] p1a,p1b
|-damage|p1a: Volcarona|94/100
|-damage|p1b: Sneasler|0 fnt
|-unboost|p1a: Volcarona|spe|1
|faint|p1b: Sneasler
|move|p2a: Annihilape|Rage Fist|p1a: Volcarona
|-damage|p1a: Volcarona|0 fnt
|faint|p1a: Volcarona
|
|upkeep
|-message|darthnius forfeited.
|
|win|tessa scarlet
|l|☆darthnius
|player|p1|
||tessa scarlet is ready for game 2.
||darthnius is ready for game 2.
|uhtml|next|Next: Game 2 of 3
