|j|☆Orbwair
|j|☆regitron 21
|html|Orbwairregitron 21    
|uhtml|bestof|Game 2 of a best-of-3
|t:|1785108378
|gametype|doubles
|player|p1|Orbwair|101|1145
|player|p2|regitron 21|n|1183
|gen|9
|tier|[Gen 9 Champions] VGC 2026 Reg M-B (Bo3)
|rated|
|rule|Species Clause: Limit one of each Pokémon
|rule|Item Clause: Limit 1 of each item
|clearpoke
|poke|p1|Glimmora, L50, M|
|poke|p1|Staraptor, L50, F|
|poke|p1|Garchomp, L50, F|
|poke|p1|Kingambit, L50, F|
|poke|p1|Delphox, L50, F|
|poke|p1|Meowstic, L50, M|
|poke|p2|Raichu, L50, M|
|poke|p2|Charizard, L50, F|
|poke|p2|Incineroar, L50, F|
|poke|p2|Farigiraf, L50, F|
|poke|p2|Sylveon, L50, M|
|poke|p2|Kingambit, L50, M|
|teampreview|4
|showteam|p1|Glimmora||FocusSash|ToxicDebris|PowerGem,SludgeBomb,EarthPower,Protect|Modest||M|||50|]Staraptor||Staraptite|Intimidate|CloseCombat,DualWingbeat,Roost,Protect|Jolly||F|||50|]Garchomp||LifeOrb|RoughSkin|DragonClaw,Earthquake,RockSlide,Protect|Jolly||F|||50|]Kingambit||ChopleBerry|Defiant|KowtowCleave,SuckerPunch,LowKick,IronHead|Adamant||F|||50|]Delphox||Delphoxite|Blaze|HeatWave,ExpandingForce,Encore,Protect|Timid||F|||50|]Meowstic||ColburBerry|Prankster|Gravity,PsychicTerrain,FakeOut,Reflect|Careful||M|||50|
|showteam|p2|Raichu||RaichuniteY|LightningRod|ZapCannon,FocusBlast,FakeOut,Protect|Timid||M|||50|]Charizard||CharizarditeY|Blaze|HeatWave,WeatherBall,SolarBeam,Protect|Modest||F|||50|]Incineroar||SitrusBerry|Intimidate|FakeOut,FlareBlitz,DarkestLariat,PartingShot|Impish||F|||50|]Farigiraf||ColburBerry|ArmorTail|TwinBeam,Thunderbolt,HelpingHand,TrickRoom|Modest||F|||50|]Sylveon||FairyFeather|Pixilate|HyperVoice,Moonblast,Detect,CalmMind|Modest||M|||50|]Kingambit||LifeOrb|Defiant|SuckerPunch,KowtowCleave,Protect,SwordsDance|Adamant||M|||50|
|inactive|Battle timer is ON: inactive players will automatically lose when time's up. (requested by Orbwair)
|
|t:|1785108461
|teamsize|p1|4
|teamsize|p2|4
|start
|switch|p1a: Kingambit|Kingambit, L50, F|100/100
|switch|p1b: Meowstic|Meowstic, L50, M|100/100
|switch|p2a: Soey|Farigiraf, L50, F|100/100
|switch|p2b: Ryan|Sylveon, L50, M|100/100
|turn|1
|
|t:|1785108475
|switch|p2b: Rita|Charizard, L50, F|100/100
|move|p1b: Meowstic|Reflect|p1b: Meowstic
|-sidestart|p1: Orbwair|Reflect
|move|p1a: Kingambit|Iron Head|p2b: Rita
|-resisted|p2b: Rita|1
|-damage|p2b: Rita|79/100
|move|p2a: Soey|Trick Room|p2a: Soey
|-fieldstart|move: Trick Room|[of] p2a: Soey
|
|upkeep
|turn|2
|
|t:|1785108490
|switch|p1b: Glimmora|Glimmora, L50, M|100/100
|detailschange|p2b: Rita|Charizard-Mega-Y, L50, F
|-mega|p2b: Rita|Charizard|Charizardite Y
|-weather|SunnyDay|[from] ability: Drought|[of] p2b: Rita
|move|p2a: Soey|Helping Hand|p2b: Rita
|-singleturn|p2b: Rita|Helping Hand|[of] p2a: Soey
|move|p1a: Kingambit|Kowtow Cleave|p2a: Soey
|-supereffective|p2a: Soey|1
|-enditem|p2a: Soey|Colbur Berry|[eat]
|-enditem|p2a: Soey|Colbur Berry|[weaken]
|-damage|p2a: Soey|54/100
|move|p2b: Rita|Heat Wave|p1b: Glimmora|[spread] p1a,p1b
|-supereffective|p1a: Kingambit|1
|-resisted|p1b: Glimmora|1
|-damage|p1a: Kingambit|0 fnt
|-damage|p1b: Glimmora|32/100
|faint|p1a: Kingambit
|
|-weather|SunnyDay|[upkeep]
|upkeep
|
|t:|1785108508
|switch|p1a: Garchomp|Garchomp, L50, F|100/100
|turn|3
|
|t:|1785108526
|switch|p2b: Lily|Incineroar, L50, F|100/100
|-ability|p2b: Lily|Intimidate|boost
|-unboost|p1a: Garchomp|atk|1
|-unboost|p1b: Glimmora|atk|1
|move|p1b: Glimmora|Protect|p1b: Glimmora
|-singleturn|p1b: Glimmora|Protect
|move|p2a: Soey|Twin Beam|p1b: Glimmora
|-activate|p1b: Glimmora|move: Protect
|move|p1a: Garchomp|Rock Slide|p2a: Soey|[spread] p2a,p2b
|-supereffective|p2b: Lily|1
|-damage|p2a: Soey|39/100
|-damage|p2b: Lily|74/100
|-damage|p1a: Garchomp|90/100|[from] item: Life Orb
|
|-weather|SunnyDay|[upkeep]
|upkeep
|turn|4
|
|t:|1785108545
|move|p1b: Glimmora|Protect||[still]
|-fail|p1b: Glimmora
|move|p2a: Soey|Twin Beam|p1a: Garchomp
|-damage|p1a: Garchomp|70/100
|-damage|p1a: Garchomp|51/100
|-hitcount|p1a: Garchomp|2
|move|p2b: Lily|Darkest Lariat|p1b: Glimmora
|-damage|p1b: Glimmora|4/100
|-activate|p1b: Glimmora|ability: Toxic Debris
|-sidestart|p2: regitron 21|move: Toxic Spikes
|move|p1a: Garchomp|Rock Slide|p2a: Soey|[spread] p2a,p2b
|-supereffective|p2b: Lily|1
|-damage|p2a: Soey|23/100
|-damage|p2b: Lily|50/100y
|-enditem|p2b: Lily|Sitrus Berry|[eat]
|-heal|p2b: Lily|74/100|[from] item: Sitrus Berry
|-damage|p1a: Garchomp|41/100|[from] item: Life Orb
|
|-weather|SunnyDay|[upkeep]
|upkeep
|turn|5
|
|t:|1785108571
|switch|p1b: Meowstic|Meowstic, L50, M|100/100
|move|p1a: Garchomp|Protect|p1a: Garchomp
|-singleturn|p1a: Garchomp|Protect
|move|p2a: Soey|Twin Beam|p1a: Garchomp
|-activate|p1a: Garchomp|move: Protect
|move|p2b: Lily|Darkest Lariat|p1b: Meowstic
|-supereffective|p1b: Meowstic|1
|-enditem|p1b: Meowstic|Colbur Berry|[eat]
|-enditem|p1b: Meowstic|Colbur Berry|[weaken]
|-damage|p1b: Meowstic|73/100
|
|-weather|SunnyDay|[upkeep]
|-sideend|p1: Orbwair|Reflect
|-fieldend|move: Trick Room
|upkeep
|turn|6
|
|t:|1785108587
|move|p1b: Meowstic|Reflect|p1b: Meowstic
|-sidestart|p1: Orbwair|Reflect
|move|p1a: Garchomp|Rock Slide|p2a: Soey|[spread] p2a,p2b
|-supereffective|p2b: Lily|1
|-damage|p2a: Soey|7/100
|-damage|p2b: Lily|46/100
|-damage|p1a: Garchomp|31/100|[from] item: Life Orb
|move|p2b: Lily|Parting Shot|p1a: Garchomp
|-unboost|p1a: Garchomp|atk|1
|-unboost|p1a: Garchomp|spa|1
|
|t:|1785108596
|switch|p2b: Rita|Charizard-Mega-Y, L50, F|79/100|[from] Parting Shot
|cant|p2a: Soey|flinch
|
|-weather|none
|upkeep
|turn|7
|
|t:|1785108618
|switch|p1a: Glimmora|Glimmora, L50, M|4/100
|switch|p2b: Lily|Incineroar, L50, F|46/100
|-status|p2b: Lily|psn
|-ability|p2b: Lily|Intimidate|boost
|-unboost|p1a: Glimmora|atk|1
|-unboost|p1b: Meowstic|atk|1
|move|p1b: Meowstic|Gravity|p1b: Meowstic
|-fieldstart|move: Gravity
|move|p2a: Soey|Trick Room|p2a: Soey
|-fieldstart|move: Trick Room|[of] p2a: Soey
|
|-damage|p2b: Lily|34/100 psn|[from] psn
|upkeep
|turn|8
|
|t:|1785108639
|move|p1b: Meowstic|Psychic Terrain|p1b: Meowstic
|-fieldstart|move: Psychic Terrain
|move|p2b: Lily|Darkest Lariat|p1b: Meowstic
|-supereffective|p1b: Meowstic|1
|-damage|p1b: Meowstic|22/100
|move|p2a: Soey|Twin Beam|p1a: Glimmora
|-supereffective|p1a: Glimmora|1
|-damage|p1a: Glimmora|0 fnt
|faint|p1a: Glimmora
|-hitcount|p1: Glimmora|1
|
|-damage|p2b: Lily|21/100 psn|[from] psn
|upkeep
|
|t:|1785108645
|switch|p1a: Garchomp|Garchomp, L50, F|31/100
|turn|9
|
|t:|1785108659
|move|p1b: Meowstic|Psychic Terrain||[still]
|-fail|p1b: Meowstic
|move|p2b: Lily|Darkest Lariat|p1a: Garchomp
|-damage|p1a: Garchomp|7/100
|-damage|p2b: Lily|9/100 psn|[from] ability: Rough Skin|[of] p1a: Garchomp
|move|p2a: Soey|Twin Beam|p1a: Garchomp
|-damage|p1a: Garchomp|0 fnt
|faint|p1a: Garchomp
|-hitcount|p1: Garchomp|1
|
|-damage|p2b: Lily|0 fnt|[from] psn
|faint|p2b: Lily
|upkeep
|
|t:|1785108667
|switch|p2b: Rita|Charizard-Mega-Y, L50, F|79/100
|-status|p2b: Rita|psn
|-weather|SunnyDay|[from] ability: Drought|[of] p2b: Rita
|turn|10
|-message|Orbwair forfeited.
|
|win|regitron 21
|raw|Orbwair's rating: 1145 → 1123(-22 for losing)
|raw|regitron 21's rating: 1183 → 1205(+22 for winning)
|l|☆Orbwair
|player|p1|
|c|☆regitron 21|gg pal
