|j|☆Govek314
|j|☆Archu2167
|html|Govek314Archu2167    
|uhtml|bestof|Game 1 of a best-of-3
|t:|1756853007
|gametype|doubles
|player|p1|Govek314|2|1096
|player|p2|Archu2167|bruno|1020
|gen|9
|tier|[Gen 9] VGC 2025 Reg H (Bo3)
|rated|
|rule|Species Clause: Limit one of each Pokémon
|rule|Item Clause: Limit 1 of each item
|clearpoke
|poke|p1|Hydreigon, L50, F|
|poke|p1|Ursaluna-Bloodmoon, L50, M|
|poke|p1|Gholdengo, L50|
|poke|p1|Weezing-Galar, L50, M|
|poke|p1|Porygon2, L50|
|poke|p1|Incineroar, L50, F|
|poke|p2|Sceptile, L50, M|
|poke|p2|Ninetales-Alola, L50, F|
|poke|p2|Umbreon, L50, M|
|poke|p2|Annihilape, L50, M|
|poke|p2|Metagross, L50|
|poke|p2|Grimmsnarl, L50, M|
|teampreview|4
|showteam|p1|Hydreigon||SafetyGoggles|Levitate|DracoMeteor,Snarl,Tailwind,Protect|||F|||50|,,,,,Ghost]Ursaluna-Bloodmoon||LifeOrb|MindsEye|BloodMoon,HyperVoice,Protect,EarthPower|||M|||50|,,,,,Normal]Gholdengo||ChoiceSpecs|GoodasGold|ShadowBall,DazzlingGleam,Thunderbolt,MakeItRain||||||50|,,,,,Fairy]Weezing-Galar||SitrusBerry|NeutralizingGas|GunkShot,PlayRough,Haze,Protect|||M|||50|,,,,,Water]Porygon2||Eviolite|Download|TeraBlast,IceBeam,Recover,TrickRoom||||||50|,,,,,Fighting]Incineroar||AbilityShield|Intimidate|FakeOut,FlareBlitz,KnockOff,PartingShot|||F|||50|,,,,,Ghost
|showteam|p2|Sceptile||WeaknessPolicy|Unburden|Acrobatics,LeafBlade,Protect,SwordsDance|||M|||50|,,,,,Flying]Ninetales-Alola||LightClay|SnowWarning|AuroraVeil,Moonblast,Blizzard,IceShard|||F|||50|,,,,,Water]Umbreon||Leftovers|Synchronize|HelpingHand,Yawn,FoulPlay,Snarl|||M|||50|,,,,,Ghost]Annihilape||LumBerry|InnerFocus|RageFist,DrainPunch,BulkUp,Protect|||M|||50|,,,,,Ghost]Metagross||LifeOrb|ClearBody|IronHead,ZenHeadbutt,IcePunch,BulletPunch||||||50|,,,,,Steel]Grimmsnarl||MentalHerb|Prankster|Reflect,LightScreen,SpiritBreak,ThunderWave|||M|||50|,,,,,Dark
|
|t:|1756853067
|teamsize|p1|4
|teamsize|p2|4
|start
|switch|p1a: Hydreigon|Hydreigon, L50, F|100/100
|switch|p1b: Weezing|Weezing-Galar, L50, M, shiny|100/100
|switch|p2a: Annihilape|Annihilape, L50, M|100/100
|switch|p2b: Umbreon|Umbreon, L50, M, shiny|100/100
|-ability|p1b: Weezing|Neutralizing Gas
|turn|1
|
|t:|1756853106
|-terastallize|p1a: Hydreigon|Ghost
|move|p2b: Umbreon|Helping Hand|p2a: Annihilape
|-singleturn|p2a: Annihilape|Helping Hand|[of] p2b: Umbreon
|move|p1a: Hydreigon|Tailwind|p1a: Hydreigon
|-sidestart|p1: Govek314|move: Tailwind
|move|p1b: Weezing|Play Rough|p2b: Umbreon|[miss]
|-miss|p1b: Weezing|p2b: Umbreon
|move|p2a: Annihilape|Drain Punch|p1a: Hydreigon
|-immune|p1a: Hydreigon
|
|upkeep
|turn|2
|
|t:|1756853126
|move|p1a: Hydreigon|Draco Meteor|p2a: Annihilape
|-damage|p2a: Annihilape|41/100
|-unboost|p1a: Hydreigon|spa|2
|move|p1b: Weezing|Play Rough|p2b: Umbreon
|-supereffective|p2b: Umbreon
|-damage|p2b: Umbreon|37/100
|move|p2a: Annihilape|Drain Punch|p1b: Weezing
|-resisted|p1b: Weezing
|-damage|p1b: Weezing|92/100
|-heal|p2a: Annihilape|44/100|[from] drain|[of] p1b: Weezing
|move|p2b: Umbreon|Snarl|p1b: Weezing|[spread] p1a,p1b
|-supereffective|p1a: Hydreigon
|-resisted|p1b: Weezing
|-damage|p1a: Hydreigon|80/100
|-damage|p1b: Weezing|86/100
|-unboost|p1a: Hydreigon|spa|1
|-unboost|p1b: Weezing|spa|1
|
|-heal|p2b: Umbreon|43/100|[from] item: Leftovers
|upkeep
|turn|3
|
|t:|1756853154
|move|p1a: Hydreigon|Protect|p1a: Hydreigon
|-singleturn|p1a: Hydreigon|Protect
|move|p2a: Annihilape|Protect|p2a: Annihilape
|-singleturn|p2a: Annihilape|Protect
|move|p1b: Weezing|Play Rough|p2a: Annihilape
|-activate|p2a: Annihilape|move: Protect
|move|p2b: Umbreon|Yawn|p1a: Hydreigon
|-activate|p1a: Hydreigon|move: Protect
|
|-heal|p2b: Umbreon|49/100|[from] item: Leftovers
|upkeep
|turn|4
|
|t:|1756853172
|switch|p1a: Incineroar|Incineroar, L50, F, shiny|100/100
|-ability|p1a: Incineroar|Intimidate|boost
|-unboost|p2a: Annihilape|atk|1
|-unboost|p2b: Umbreon|atk|1
|move|p1b: Weezing|Play Rough|p2a: Annihilape
|-supereffective|p2a: Annihilape
|-damage|p2a: Annihilape|0 fnt
|faint|p2a: Annihilape
|move|p2b: Umbreon|Snarl|p1b: Weezing|[spread] p1a,p1b
|-resisted|p1a: Incineroar
|-resisted|p1b: Weezing
|-damage|p1a: Incineroar|96/100
|-damage|p1b: Weezing|80/100
|-unboost|p1a: Incineroar|spa|1
|-unboost|p1b: Weezing|spa|1
|
|-heal|p2b: Umbreon|55/100|[from] item: Leftovers
|-sideend|p1: Govek314|move: Tailwind
|upkeep
|
|t:|1756853186
|switch|p2a: Metagross|Metagross, L50, shiny|100/100
|turn|5
|
|t:|1756853212
|move|p2b: Umbreon|Helping Hand|p2a: Metagross
|-singleturn|p2a: Metagross|Helping Hand|[of] p2b: Umbreon
|move|p1b: Weezing|Protect|p1b: Weezing
|-singleturn|p1b: Weezing|Protect
|move|p2a: Metagross|Zen Headbutt|p1b: Weezing
|-activate|p1b: Weezing|move: Protect
|move|p1a: Incineroar|Knock Off|p2a: Metagross
|-supereffective|p2a: Metagross
|-damage|p2a: Metagross|7/100
|-enditem|p2a: Metagross|Life Orb|[from] move: Knock Off|[of] p1a: Incineroar
|
|-heal|p2b: Umbreon|61/100|[from] item: Leftovers
|upkeep
|turn|6
|
|t:|1756853239
|-end|p1b: Weezing|ability: Neutralizing Gas
|switch|p1b: Gholdengo|Gholdengo, L50, shiny|100/100
|move|p2a: Metagross|Zen Headbutt|p1b: Gholdengo
|-resisted|p1b: Gholdengo
|-damage|p1b: Gholdengo|79/100
|move|p1a: Incineroar|Knock Off|p2a: Metagross
|-supereffective|p2a: Metagross
|-damage|p2a: Metagross|0 fnt
|faint|p2a: Metagross
|move|p2b: Umbreon|Yawn|p1a: Incineroar
|-start|p1a: Incineroar|move: Yawn|[of] p2b: Umbreon
|
|-heal|p2b: Umbreon|67/100|[from] item: Leftovers
|upkeep
|
|t:|1756853252
|switch|p2a: Grimmsnarl|Grimmsnarl, L50, M|100/100
|turn|7
|
|t:|1756853269
|switch|p1a: Weezing|Weezing-Galar, L50, M, shiny|80/100
|-ability|p1a: Weezing|Neutralizing Gas
|move|p1b: Gholdengo|Make It Rain|p2a: Grimmsnarl|[spread] p2a,p2b
|-supereffective|p2a: Grimmsnarl
|-damage|p2a: Grimmsnarl|0 fnt
|-damage|p2b: Umbreon|19/100
|-unboost|p1b: Gholdengo|spa|1
|faint|p2a: Grimmsnarl
|move|p2b: Umbreon|Foul Play|p1b: Gholdengo
|-supereffective|p1b: Gholdengo
|-damage|p1b: Gholdengo|47/100
|
|-heal|p2b: Umbreon|25/100|[from] item: Leftovers
|upkeep
|turn|8
|
|t:|1756853285
|switch|p1b: Incineroar|Incineroar, L50, F, shiny|96/100
|-ability|p1b: Incineroar|Intimidate|boost
|-unboost|p2b: Umbreon|atk|1
|move|p1a: Weezing|Play Rough|p2b: Umbreon|[miss]
|-miss|p1a: Weezing|p2b: Umbreon
|move|p2b: Umbreon|Foul Play|p1b: Incineroar
|-resisted|p1b: Incineroar
|-damage|p1b: Incineroar|72/100
|
|-heal|p2b: Umbreon|31/100|[from] item: Leftovers
|upkeep
|turn|9
|
|t:|1756853301
|move|p1b: Incineroar|Fake Out|p2b: Umbreon
|-damage|p2b: Umbreon|21/100
|move|p1a: Weezing|Play Rough|p2b: Umbreon
|-supereffective|p2b: Umbreon
|-damage|p2b: Umbreon|0 fnt
|faint|p2b: Umbreon
|
|win|Govek314
||Archu2167 is ready for game 2.
|inactive|Govek314 has 30 seconds to confirm battle start!
