|j|☆myshirtisdirty
|j|☆atahualpamaia
|html|myshirtisdirtyatahualpamaia    
|uhtml|bestof|Game 2 of a best-of-3
|t:|1756238209
|gametype|doubles
|player|p1|myshirtisdirty|102|1021
|player|p2|atahualpamaia|jogger|1129
|gen|9
|tier|[Gen 9] VGC 2025 Reg H (Bo3)
|rated|
|rule|Species Clause: Limit one of each Pokémon
|rule|Item Clause: Limit 1 of each item
|clearpoke
|poke|p1|Porygon2, L50|
|poke|p1|Ursaluna, L50, M|
|poke|p1|Incineroar, L50, F|
|poke|p1|Volcarona, L50, F|
|poke|p1|Dragonite, L50, M|
|poke|p1|Kingambit, L50, M|
|poke|p2|Goodra-Hisui, L50, M|
|poke|p2|Sneasler, L50, M|
|poke|p2|Ursaluna-Bloodmoon, L50, M|
|poke|p2|Sinistcha, L50|
|poke|p2|Whimsicott, L50, M|
|poke|p2|Farigiraf, L50, M|
|teampreview|4
|showteam|p1|Porygon2||Eviolite|Download|IceBeam,TeraBlast,Recover,TrickRoom||||||50|,,,,,Fighting]Ursaluna||FlameOrb|Guts|Facade,Earthquake,HeadlongRush,Protect|||M|||50|,,,,,Ghost]Incineroar||SafetyGoggles|Intimidate|FakeOut,KnockOff,FlareBlitz,PartingShot|||F|||50|,,,,,Ghost]Volcarona||SitrusBerry|FlameBody|FieryDance,StruggleBug,QuiverDance,Protect|||F|||50|,,,,,Grass]Dragonite||LoadedDice|Multiscale|Protect,ScaleShot,StompingTantrum,ExtremeSpeed|||M|||50|,,,,,Steel]Kingambit||AssaultVest|Defiant|SuckerPunch,KowtowCleave,IronHead,LowKick|||M|||50|,,,,,Fire
|showteam|p2|Goodra-Hisui||LifeOrb|Gooey|DragonPulse,Flamethrower,MuddyWater,Protect|||M|||50|,,,,,Ghost]Sneasler||WhiteHerb|Unburden|CloseCombat,DireClaw,ThroatChop,Protect|||M|||50|,,,,,Flying]Ursaluna-Bloodmoon||SitrusBerry|MindsEye|BloodMoon,EarthPower,HyperVoice,Protect|||M|||50|,,,,,Ghost]Sinistcha||Leftovers|Hospitality|MatchaGotcha,ShadowBall,RagePowder,Protect||||||50|,,,,,Water]Whimsicott||FocusSash|Prankster|Moonblast,Encore,Tailwind,Protect|||M|||50|,,,,,Ghost]Farigiraf||ThroatSpray|ArmorTail|HyperVoice,HelpingHand,TrickRoom,Protect|||M|||50|,,,,,Water
|inactive|Battle timer is ON: inactive players will automatically lose when time's up. (requested by atahualpamaia)
|inactive|myshirtisdirty has 60 seconds left.
|inactive|atahualpamaia has 60 seconds left.
|inactive|myshirtisdirty has 30 seconds left.
|inactive|myshirtisdirty has 20 seconds left.
|inactive|myshirtisdirty has 15 seconds left.
|inactive|myshirtisdirty has 10 seconds left.
|
|t:|1756238293
|teamsize|p1|4
|teamsize|p2|4
|start
|switch|p1a: Dragonite|Dragonite, L50, M|100/100
|switch|p1b: Volcarona|Volcarona, L50, F|100/100
|switch|p2a: Farigiraf|Farigiraf, L50, M|100/100
|switch|p2b: Sneasler|Sneasler, L50, M|100/100
|turn|1
|inactive|atahualpamaia has 30 seconds left.
|
|t:|1756238319
|move|p2a: Farigiraf|Helping Hand|p2b: Sneasler
|-singleturn|p2b: Sneasler|Helping Hand|[of] p2a: Farigiraf
|move|p2b: Sneasler|Dire Claw|p1b: Volcarona
|-damage|p1b: Volcarona|17/100
|-status|p1b: Volcarona|slp
|-enditem|p1b: Volcarona|Sitrus Berry|[eat]
|-heal|p1b: Volcarona|42/100 slp|[from] item: Sitrus Berry
|cant|p1b: Volcarona|slp
|move|p1a: Dragonite|Scale Shot|p2b: Sneasler
|-damage|p2b: Sneasler|75/100
|-damage|p2b: Sneasler|46/100
|-damage|p2b: Sneasler|20/100
|-damage|p2b: Sneasler|0 fnt
|faint|p2b: Sneasler
|-hitcount|p2: Sneasler|4
|-unboost|p1a: Dragonite|def|1
|-boost|p1a: Dragonite|spe|1
|
|upkeep
|
|t:|1756238338
|switch|p2b: Goodra|Goodra-Hisui, L50, M|100/100
|turn|2
|
|t:|1756238350
|move|p1a: Dragonite|Protect|p1a: Dragonite
|-singleturn|p1a: Dragonite|Protect
|move|p2b: Goodra|Protect|p2b: Goodra
|-singleturn|p2b: Goodra|Protect
|cant|p1b: Volcarona|slp
|move|p2a: Farigiraf|Hyper Voice|p1a: Dragonite|[spread] p1b
|-activate|p1a: Dragonite|move: Protect
|-damage|p1b: Volcarona|19/100 slp
|-enditem|p2a: Farigiraf|Throat Spray
|-boost|p2a: Farigiraf|spa|1|[from] item: Throat Spray
|
|upkeep
|turn|3
|
|t:|1756238371
|-terastallize|p2b: Goodra|Ghost
|-curestatus|p1b: Volcarona|slp|[msg]
|move|p1b: Volcarona|Struggle Bug|p2a: Farigiraf|[spread] p2a,p2b
|-supereffective|p2a: Farigiraf
|-resisted|p2b: Goodra
|-damage|p2a: Farigiraf|66/100
|-damage|p2b: Goodra|96/100
|-unboost|p2a: Farigiraf|spa|1
|-unboost|p2b: Goodra|spa|1
|move|p1a: Dragonite|Scale Shot|p2a: Farigiraf
|-damage|p2a: Farigiraf|54/100
|-damage|p2a: Farigiraf|42/100
|-damage|p2a: Farigiraf|30/100
|-damage|p2a: Farigiraf|18/100
|-damage|p2a: Farigiraf|5/100
|-hitcount|p2a: Farigiraf|5
|-unboost|p1a: Dragonite|def|1
|-boost|p1a: Dragonite|spe|1
|move|p2b: Goodra|Dragon Pulse|p1a: Dragonite
|-supereffective|p1a: Dragonite
|-damage|p1a: Dragonite|64/100
|-damage|p2b: Goodra|86/100|[from] item: Life Orb
|move|p2a: Farigiraf|Hyper Voice|p1b: Volcarona|[spread] p1a,p1b
|-damage|p1a: Dragonite|40/100
|-damage|p1b: Volcarona|0 fnt
|faint|p1b: Volcarona
|
|upkeep
|inactive|myshirtisdirty has 30 seconds left.
|
|t:|1756238397
|switch|p1b: Incineroar|Incineroar, L50, F|100/100
|-ability|p1b: Incineroar|Intimidate|boost
|-unboost|p2a: Farigiraf|atk|1
|-unboost|p2b: Goodra|atk|1
|turn|4
|
|t:|1756238410
|move|p2b: Goodra|Protect|p2b: Goodra
|-singleturn|p2b: Goodra|Protect
|move|p2a: Farigiraf|Protect|p2a: Farigiraf
|-singleturn|p2a: Farigiraf|Protect
|move|p1a: Dragonite|Stomping Tantrum|p2a: Farigiraf
|-activate|p2a: Farigiraf|move: Protect
|move|p1b: Incineroar|Knock Off|p2b: Goodra
|-activate|p2b: Goodra|move: Protect
|
|upkeep
|turn|5
|inactive|atahualpamaia has 30 seconds left.
|inactive|atahualpamaia has 20 seconds left.
|
|t:|1756238445
|move|p2a: Farigiraf|Helping Hand|p2b: Goodra
|-singleturn|p2b: Goodra|Helping Hand|[of] p2a: Farigiraf
|move|p1a: Dragonite|Stomping Tantrum|p2a: Farigiraf
|-damage|p2a: Farigiraf|0 fnt
|faint|p2a: Farigiraf
|move|p1b: Incineroar|Parting Shot|p2b: Goodra
|-unboost|p2b: Goodra|atk|1
|-unboost|p2b: Goodra|spa|1
|
|t:|1756238454
|switch|p1b: Ursaluna|Ursaluna, L50, M|100/100|[from] Parting Shot
|move|p2b: Goodra|Dragon Pulse|p1a: Dragonite
|-supereffective|p1a: Dragonite
|-damage|p1a: Dragonite|0 fnt
|faint|p1a: Dragonite
|-damage|p2b: Goodra|76/100|[from] item: Life Orb
|
|-status|p1b: Ursaluna|brn|[from] item: Flame Orb
|upkeep
|
|t:|1756238463
|switch|p1a: Incineroar|Incineroar, L50, F|100/100
|switch|p2a: Whimsicott|Whimsicott, L50, M|100/100
|-ability|p1a: Incineroar|Intimidate|boost
|-unboost|p2a: Whimsicott|atk|1
|-unboost|p2b: Goodra|atk|1
|turn|6
|inactive|myshirtisdirty has 30 seconds left.
|inactive|myshirtisdirty has 20 seconds left.
|inactive|myshirtisdirty has 15 seconds left.
|inactive|myshirtisdirty has 10 seconds left.
|inactive|myshirtisdirty has 5 seconds left.
|
|t:|1756238516
|move|p1a: Incineroar|Fake Out|p2a: Whimsicott
|-crit|p2a: Whimsicott
|-damage|p2a: Whimsicott|83/100
|cant|p2a: Whimsicott|flinch
|move|p1b: Ursaluna|Headlong Rush|p2b: Goodra
|-damage|p2b: Goodra|0 fnt
|-unboost|p1b: Ursaluna|def|1
|-unboost|p1b: Ursaluna|spd|1
|-ability|p2b: Goodra|Gooey
|-unboost|p1b: Ursaluna|spe|1
|faint|p2b: Goodra
|
|-damage|p1b: Ursaluna|95/100 brn|[from] brn
|upkeep
|turn|7
|-message|atahualpamaia forfeited.
|
|win|myshirtisdirty
|raw|myshirtisdirty's rating: 1021 → 1069(+48 for winning)
|raw|atahualpamaia's rating: 1129 → 1096(-33 for losing)
