|j|☆intifadaaa
|j|☆teyvgc
|html|intifadaaateyvgc    
|uhtml|bestof|Game 2 of a best-of-3
|t:|1785697652
|gametype|doubles
|player|p1|intifadaaa|workerice|1066
|player|p2|teyvgc|rood|1156
|gen|9
|tier|[Gen 9 Champions] VGC 2026 Reg M-B (Bo3)
|rated|
|rule|Species Clause: Limit one of each Pokémon
|rule|Item Clause: Limit 1 of each item
|clearpoke
|poke|p1|Hatterene, L50, F, shiny|
|poke|p1|Kangaskhan, L50, F|
|poke|p1|Venusaur, L50, F|
|poke|p1|Torkoal, L50, F|
|poke|p1|Oranguru, L50, M, shiny|
|poke|p1|Mawile, L50, F, shiny|
|poke|p2|Raichu, L50, F|
|poke|p2|Sinistcha, L50|
|poke|p2|Incineroar, L50, F|
|poke|p2|Sylveon, L50, M|
|poke|p2|Metagross, L50|
|poke|p2|Hydreigon, L50, M|
|teampreview|4
|showteam|p1|Hatterene||LifeOrb|MagicBounce|DazzlingGleam,Psychic,TrickRoom,Protect|Quiet||F|||50|]Kangaskhan||SilkScarf|Scrappy|LastResort,FakeOut|Adamant||F|||50|]Venusaur||FocusSash|Chlorophyll|LeafStorm,SludgeBomb,Protect,SleepPowder|Modest||F|||50|]Torkoal||Charcoal|Drought|Eruption,HeatWave,Protect,EarthPower|Modest||F|||50|]Oranguru||MentalHerb|InnerFocus|Psychic,Instruct,Protect,TrickRoom|Sassy||M|||50|]Mawile||Mawilite|SheerForce|PlayRough,IronHead,Protect,SuckerPunch|Adamant||F|||50|
|showteam|p2|Raichu||RaichuniteY|LightningRod|ZapCannon,FocusBlast,FakeOut,Protect|Timid||F|||50|]Sinistcha||SitrusBerry|Hospitality|MatchaGotcha,RagePowder,LifeDew,Protect|Bold|||||50|]Incineroar||LumBerry|Intimidate|FlareBlitz,DarkestLariat,PartingShot,FakeOut|Impish||F|||50|]Sylveon||FairyFeather|Pixilate|HyperVoice,Moonblast,CalmMind,Protect|Modest||M|||50|]Metagross||Metagrossite|ClearBody|BulletPunch,PsychicFangs,BodyPress,Protect|Adamant|||||50|]Hydreigon||ChoiceScarf|Levitate|DracoMeteor,DarkPulse,EarthPower,Snarl|Modest||M|||50|
|c|☆teyvgc|bet bet say less
|
|t:|1785697717
|teamsize|p1|4
|teamsize|p2|4
|start
|switch|p1a: Sabrina|Hatterene, L50, F, shiny|100/100
|switch|p1b: Harambe|Oranguru, L50, M, shiny|100/100
|switch|p2a: Incineroar|Incineroar, L50, F|100/100
|switch|p2b: Hydreigon|Hydreigon, L50, M|100/100
|-ability|p2a: Incineroar|Intimidate|boost
|-unboost|p1a: Sabrina|atk|1
|-fail|p1b: Harambe|unboost|Attack|[from] ability: Inner Focus|[of] p1b: Harambe
|turn|1
|
|t:|1785697753
|switch|p1b: Burt|Torkoal, L50, F|100/100
|-weather|SunnyDay|[from] ability: Drought|[of] p1b: Burt
|move|p2b: Hydreigon|Snarl|p1a: Sabrina|[spread] p1a,p1b
|-damage|p1a: Sabrina|75/100
|-damage|p1b: Burt|69/100
|-unboost|p1a: Sabrina|spa|1
|-unboost|p1b: Burt|spa|1
|move|p2a: Incineroar|Darkest Lariat|p1a: Sabrina
|-damage|p1a: Sabrina|30/100
|move|p1a: Sabrina|Trick Room|p1a: Sabrina
|-fieldstart|move: Trick Room|[of] p1a: Sabrina
|
|-weather|SunnyDay|[upkeep]
|upkeep
|turn|2
|
|t:|1785697846
|switch|p1b: Cutie Fly|Mawile, L50, F, shiny|100/100
|switch|p1a: Harambe|Oranguru, L50, M, shiny|100/100
|switch|p2b: Sylveon|Sylveon, L50, M|100/100
|move|p2a: Incineroar|Flare Blitz|p1a: Harambe
|-damage|p1a: Harambe|32/100
|-damage|p2a: Incineroar|78/100|[from] Recoil
|
|-weather|SunnyDay|[upkeep]
|upkeep
|turn|3
|
|t:|1785697905
|switch|p2a: Metagross|Metagross, L50|100/100
|detailschange|p1b: Cutie Fly|Mawile-Mega, L50, F, shiny
|-mega|p1b: Cutie Fly|Mawile|Mawilite
|move|p2b: Sylveon|Protect|p2b: Sylveon
|-singleturn|p2b: Sylveon|Protect
|move|p1b: Cutie Fly|Play Rough|p2a: Metagross
|-resisted|p2a: Metagross|1
|-damage|p2a: Metagross|67/100
|move|p1a: Harambe|Instruct|p1b: Cutie Fly
|-singleturn|p1b: Cutie Fly|move: Instruct|[of] p1a: Harambe
|move|p1b: Cutie Fly|Play Rough|p2a: Metagross
|-resisted|p2a: Metagross|1
|-damage|p2a: Metagross|32/100
|
|-weather|SunnyDay|[upkeep]
|upkeep
|turn|4
|
|t:|1785697942
|switch|p2b: Incineroar|Incineroar, L50, F|78/100
|-ability|p2b: Incineroar|Intimidate|boost
|-fail|p1a: Harambe|unboost|Attack|[from] ability: Inner Focus|[of] p1a: Harambe
|-unboost|p1b: Cutie Fly|atk|1
|detailschange|p2a: Metagross|Metagross-Mega, L50
|-mega|p2a: Metagross|Metagross|Metagrossite
|move|p2a: Metagross|Bullet Punch|p1a: Harambe
|-damage|p1a: Harambe|3/100
|move|p1b: Cutie Fly|Play Rough|p2b: Incineroar
|-damage|p2b: Incineroar|30/100
|move|p1a: Harambe|Instruct|p1b: Cutie Fly
|-singleturn|p1b: Cutie Fly|move: Instruct|[of] p1a: Harambe
|move|p1b: Cutie Fly|Play Rough|p2b: Incineroar
|-damage|p2b: Incineroar|0 fnt
|faint|p2b: Incineroar
|
|-weather|SunnyDay|[upkeep]
|upkeep
|
|t:|1785697963
|switch|p2b: Sylveon|Sylveon, L50, M|100/100
|turn|5
|
|t:|1785698003
|switch|p2b: Hydreigon|Hydreigon, L50, M|100/100
|move|p1a: Harambe|Protect|p1a: Harambe
|-singleturn|p1a: Harambe|Protect
|move|p1b: Cutie Fly|Sucker Punch|p2a: Metagross
|-supereffective|p2a: Metagross|1
|-damage|p2a: Metagross|0 fnt
|faint|p2a: Metagross
|
|-weather|none
|-fieldend|move: Trick Room
|upkeep
|
|t:|1785698013
|switch|p2a: Sylveon|Sylveon, L50, M|100/100
|turn|6
|
|t:|1785698029
|move|p1a: Harambe|Protect||[still]
|-fail|p1a: Harambe
|move|p2b: Hydreigon|Earth Power|p1b: Cutie Fly
|-supereffective|p1b: Cutie Fly|1
|-damage|p1b: Cutie Fly|18/100
|move|p2a: Sylveon|Hyper Voice|p1a: Harambe|[spread] p1a,p1b
|-resisted|p1b: Cutie Fly|1
|-damage|p1a: Harambe|0 fnt
|-damage|p1b: Cutie Fly|0 fnt
|faint|p1a: Harambe
|faint|p1b: Cutie Fly
|
|upkeep
|
|t:|1785698040
|switch|p1a: Burt|Torkoal, L50, F|69/100
|switch|p1b: Sabrina|Hatterene, L50, F, shiny|30/100
|-weather|SunnyDay|[from] ability: Drought|[of] p1a: Burt
|turn|7
|
|t:|1785698073
|move|p2b: Hydreigon|Earth Power|p1a: Burt
|-supereffective|p1a: Burt|1
|-damage|p1a: Burt|0 fnt
|faint|p1a: Burt
|move|p2a: Sylveon|Moonblast|p1b: Sabrina
|-damage|p1b: Sabrina|0 fnt
|faint|p1b: Sabrina
|
|win|teyvgc
