|j|☆malkazar313
|j|☆flooocki
|html|malkazar313flooocki    
|uhtml|bestof|Game 1 of a best-of-3
|t:|1783956343
|gametype|doubles
|player|p1|malkazar313|giovanni|1162
|player|p2|flooocki|ninjaboy|1085
|gen|9
|tier|[Gen 9 Champions] VGC 2026 Reg M-B (Bo3)
|rated|
|rule|Species Clause: Limit one of each Pokémon
|rule|Item Clause: Limit 1 of each item
|clearpoke
|poke|p1|Dragapult, L50, M, shiny|
|poke|p1|Tsareena, L50, F|
|poke|p1|Espathra, L50, F|
|poke|p1|Grimmsnarl, L50, M, shiny|
|poke|p1|Aerodactyl, L50, F|
|poke|p1|Charizard, L50, F|
|poke|p2|Blaziken, L50, F|
|poke|p2|Kingambit, L50, M|
|poke|p2|Gholdengo, L50|
|poke|p2|Clefable, L50, F|
|poke|p2|Grimmsnarl, L50, M|
|poke|p2|Dragonite, L50, M|
|teampreview|4
|showteam|p1|Dragapult||LifeOrb|Infiltrator|DracoMeteor,ShadowBall,PsychicFangs,Protect|Timid||M|||50|]Tsareena||WideLens|QueenlyMajesty|PowerWhip,TripleAxel,HighJumpKick,Taunt|Jolly||F|||50|]Espathra||FocusSash|SpeedBoost|LuminaCrash,SkillSwap,TrickRoom,Protect|Timid||F|||50|]Grimmsnarl||BlackGlasses|Prankster|SuckerPunch,SpiritBreak,FakeOut,PartingShot|Adamant||M|||50|]Aerodactyl||Aerodactylite|Unnerve|Tailwind,DualWingbeat,RockSlide,WideGuard|Jolly||F|||50|]Charizard||CharizarditeY|Blaze|HeatWave,WeatherBall,SolarBeam,Protect|Modest||F|||50|
|showteam|p2|Blaziken||Blazikenite|SpeedBoost|CloseCombat,FlareBlitz,BraveBird,SwordsDance|Adamant||F|||50|]Kingambit||ChopleBerry|Defiant|Protect,LowKick,IronHead,SuckerPunch|Adamant||M|||50|]Gholdengo||ChoiceScarf|GoodasGold|MakeItRain,ShadowBall,Trick,SteelBeam|Timid|||||50|]Clefable||SitrusBerry|Unaware|Encore,IcyWind,Moonblast,FollowMe|Modest||F|||50|]Grimmsnarl||LightClay|Prankster|LightScreen,Reflect,Taunt,SpiritBreak|Careful||M|||50|]Dragonite||YacheBerry|InnerFocus|Tailwind,DracoMeteor,Protect,AquaTail|Bashful||M|||50|
|inactive|Battle timer is ON: inactive players will automatically lose when time's up. (requested by flooocki)
|inactive|malkazar313 has 60 seconds left.
|inactive|flooocki has 60 seconds left.
|
|t:|1783956381
|teamsize|p1|4
|teamsize|p2|4
|start
|switch|p1a: Espathra|Espathra, L50, F|100/100
|switch|p1b: Dragapult|Dragapult, L50, M, shiny|100/100
|switch|p2a: Grimmsnarl|Grimmsnarl, L50, M|100/100
|switch|p2b: Clefable|Clefable, L50, F|100/100
|turn|1
|inactive|malkazar313 has 30 seconds left.
|inactive|flooocki has 30 seconds left.
|
|t:|1783956413
|move|p2a: Grimmsnarl|Light Screen|p2a: Grimmsnarl
|-sidestart|p2: flooocki|move: Light Screen
|move|p1b: Dragapult|Psychic Fangs|p2b: Clefable
|-sideend|p2: flooocki|move: Light Screen
|-damage|p2b: Clefable|67/100
|-damage|p1b: Dragapult|90/100|[from] item: Life Orb
|move|p1a: Espathra|Lumina Crash|p2b: Clefable
|-damage|p2b: Clefable|35/100
|-unboost|p2b: Clefable|spd|2
|-enditem|p2b: Clefable|Sitrus Berry|[eat]
|-heal|p2b: Clefable|59/100|[from] item: Sitrus Berry
|move|p2b: Clefable|Icy Wind|p1b: Dragapult|[spread] p1b
|-miss|p2b: Clefable|p1a: Espathra
|-supereffective|p1b: Dragapult|1
|-damage|p1b: Dragapult|54/100
|-unboost|p1b: Dragapult|spe|1
|
|-ability|p1a: Espathra|Speed Boost|boost
|-boost|p1a: Espathra|spe|1
|upkeep
|turn|2
|inactive|flooocki has 30 seconds left.
|
|t:|1783956438
|switch|p2b: Gholdengo|Gholdengo, L50|100/100
|move|p1b: Dragapult|Protect|p1b: Dragapult
|-singleturn|p1b: Dragapult|Protect
|move|p1a: Espathra|Lumina Crash|p2b: Gholdengo
|-resisted|p2b: Gholdengo|1
|-crit|p2b: Gholdengo
|-damage|p2b: Gholdengo|70/100
|-unboost|p2b: Gholdengo|spd|2
|move|p2a: Grimmsnarl|Spirit Break|p1a: Espathra
|-damage|p1a: Espathra|55/100
|-unboost|p1a: Espathra|spa|1
|
|-ability|p1a: Espathra|Speed Boost|boost
|-boost|p1a: Espathra|spe|1
|upkeep
|turn|3
|inactive|malkazar313 has 30 seconds left.
|
|t:|1783956468
|move|p1a: Espathra|Protect|p1a: Espathra
|-singleturn|p1a: Espathra|Protect
|move|p2a: Grimmsnarl|Light Screen|p2a: Grimmsnarl
|-sidestart|p2: flooocki|move: Light Screen
|move|p2b: Gholdengo|Shadow Ball|p1a: Espathra
|-activate|p1a: Espathra|move: Protect
|move|p1b: Dragapult|Shadow Ball|p2b: Gholdengo
|-supereffective|p2b: Gholdengo|1
|-damage|p2b: Gholdengo|0 fnt
|faint|p2b: Gholdengo
|-damage|p1b: Dragapult|44/100|[from] item: Life Orb
|
|-ability|p1a: Espathra|Speed Boost|boost
|-boost|p1a: Espathra|spe|1
|upkeep
|
|t:|1783956474
|switch|p2b: Clefable|Clefable, L50, F|59/100
|turn|4
|
|t:|1783956498
|switch|p1b: Charizard|Charizard, L50, F|100/100
|move|p1a: Espathra|Lumina Crash|p2b: Clefable
|-damage|p2b: Clefable|36/100
|-unboost|p2b: Clefable|spd|2
|move|p2b: Clefable|Icy Wind|p1a: Espathra|[spread] p1a,p1b
|-damage|p1a: Espathra|37/100
|-damage|p1b: Charizard|85/100
|-unboost|p1a: Espathra|spe|1
|-unboost|p1b: Charizard|spe|1
|move|p2a: Grimmsnarl|Spirit Break|p1b: Charizard
|-resisted|p1b: Charizard|1
|-damage|p1b: Charizard|69/100
|-unboost|p1b: Charizard|spa|1
|
|-ability|p1a: Espathra|Speed Boost|boost
|-boost|p1a: Espathra|spe|1
|upkeep
|turn|5
|
|t:|1783956523
|detailschange|p1b: Charizard|Charizard-Mega-Y, L50, F
|-mega|p1b: Charizard|Charizard|Charizardite Y
|-weather|SunnyDay|[from] ability: Drought|[of] p1b: Charizard
|move|p1a: Espathra|Lumina Crash|p2b: Clefable
|-damage|p2b: Clefable|0 fnt
|faint|p2b: Clefable
|move|p1b: Charizard|Weather Ball|p2a: Grimmsnarl
|-damage|p2a: Grimmsnarl|65/100
|move|p2a: Grimmsnarl|Spirit Break|p1b: Charizard
|-resisted|p1b: Charizard|1
|-damage|p1b: Charizard|54/100
|-unboost|p1b: Charizard|spa|1
|
|-weather|SunnyDay|[upkeep]
|-ability|p1a: Espathra|Speed Boost|boost
|-boost|p1a: Espathra|spe|1
|upkeep
|
|t:|1783956528
|switch|p2b: Blaziken|Blaziken, L50, F|100/100
|turn|6
|inactive|malkazar313 has 30 seconds left.
|inactive|malkazar313 has 20 seconds left.
|
|t:|1783956565
|switch|p1b: Tsareena|Tsareena, L50, F|100/100
|detailschange|p2b: Blaziken|Blaziken-Mega, L50, F
|-mega|p2b: Blaziken|Blaziken|Blazikenite
|move|p1a: Espathra|Protect|p1a: Espathra
|-singleturn|p1a: Espathra|Protect
|move|p2b: Blaziken|Brave Bird|p1b: Tsareena
|-supereffective|p1b: Tsareena|1
|-damage|p1b: Tsareena|6/100
|-damage|p2b: Blaziken|64/100|[from] Recoil
|move|p2a: Grimmsnarl|Spirit Break|p1a: Espathra
|-activate|p1a: Espathra|move: Protect
|
|-weather|SunnyDay|[upkeep]
|-ability|p1a: Espathra|Speed Boost|boost
|-boost|p1a: Espathra|spe|1
|-ability|p2b: Blaziken|Speed Boost|boost
|-boost|p2b: Blaziken|spe|1
|upkeep
|turn|7
|
|t:|1783956585
|move|p1a: Espathra|Lumina Crash|p2b: Blaziken
|-supereffective|p2b: Blaziken|1
|-damage|p2b: Blaziken|24/100
|-unboost|p2b: Blaziken|spd|2
|move|p2b: Blaziken|Brave Bird|p1a: Espathra
|-damage|p1a: Espathra|0 fnt
|faint|p1a: Espathra
|-damage|p2b: Blaziken|9/100|[from] Recoil
|move|p1b: Tsareena|High Jump Kick|p2a: Grimmsnarl
|-damage|p2a: Grimmsnarl|13/100
|move|p2a: Grimmsnarl|Spirit Break|p1b: Tsareena
|-damage|p1b: Tsareena|0 fnt
|faint|p1b: Tsareena
|
|-weather|SunnyDay|[upkeep]
|-ability|p2b: Blaziken|Speed Boost|boost
|-boost|p2b: Blaziken|spe|1
|upkeep
|
|t:|1783956603
|switch|p1a: Dragapult|Dragapult, L50, M, shiny|44/100
|switch|p1b: Charizard|Charizard-Mega-Y, L50, F|54/100
|turn|8
|
|t:|1783956621
|move|p2a: Grimmsnarl|Light Screen||[still]
|-fail|p2a: Grimmsnarl
|move|p2b: Blaziken|Brave Bird|p1a: Dragapult
|-damage|p1a: Dragapult|0 fnt
|faint|p1a: Dragapult
|-damage|p2b: Blaziken|0 fnt|[from] Recoil
|faint|p2b: Blaziken
|move|p1b: Charizard|Weather Ball|p2a: Grimmsnarl
|-damage|p2a: Grimmsnarl|0 fnt
|faint|p2a: Grimmsnarl
|
|win|malkazar313
|l|☆flooocki
|player|p2|
||flooocki is ready for game 2.
|inactive|malkazar313 has 30 seconds to confirm battle start!
||malkazar313 is ready for game 2.
|uhtml|next|Next: Game 2 of 3
