|j|☆EastyLiam
|j|☆failandimprove5
|html|EastyLiamfailandimprove5    
|uhtml|bestof|Game 2 of a best-of-3
|t:|1784500510
|gametype|doubles
|player|p1|EastyLiam|101|1316
|player|p2|failandimprove5|266|1389
|gen|9
|tier|[Gen 9 Champions] VGC 2026 Reg M-B (Bo3)
|rated|
|rule|Species Clause: Limit one of each Pokémon
|rule|Item Clause: Limit 1 of each item
|clearpoke
|poke|p1|Ninetales-Alola, L50, M|
|poke|p1|Kommo-o, L50, F|
|poke|p1|Glimmora, L50, F|
|poke|p1|Whimsicott, L50, F|
|poke|p1|Kingambit, L50, M|
|poke|p1|Basculegion, L50, M|
|poke|p2|Garchomp, L50, F|
|poke|p2|Venusaur, L50, M|
|poke|p2|Incineroar, L50, F|
|poke|p2|Charizard, L50, M|
|poke|p2|Toxapex, L50, M|
|poke|p2|Annihilape, L50, M|
|teampreview|4
|showteam|p1|Ninetales-Alola||NeverMeltIce|SnowWarning|Blizzard,FreezeDry,HelpingHand,Protect|Timid||M|||50|]Kommo-o||LifeOrb|Soundproof|ClangingScales,AuraSphere,DracoMeteor,Protect|Timid||F|||50|]Glimmora||Glimmoranite|ToxicDebris|PowerGem,SludgeBomb,EarthPower,SpikyShield|Timid||F|||50|]Whimsicott||FocusSash|Prankster|Moonblast,Tailwind,Encore,Protect|Timid||F|||50|]Kingambit||ChopleBerry|Defiant|KowtowCleave,LowKick,SuckerPunch,Protect|Adamant||M|||50|]Basculegion||ChoiceScarf|SwiftSwim|WaveCrash,LastRespects,FlipTurn,AquaJet|Jolly||M|||50|
|showteam|p2|Garchomp||ChoiceScarf|RoughSkin|Earthquake,RockSlide,DragonClaw,StompingTantrum|Adamant||F|||50|]Venusaur||LifeOrb|Chlorophyll|SludgeBomb,SolarBeam,EarthPower,Protect|Modest||M|||50|]Incineroar||SitrusBerry|Intimidate|FakeOut,FlareBlitz,ThroatChop,PartingShot|Impish||F|||50|]Charizard||CharizarditeY|Blaze|HeatWave,WeatherBall,HelpingHand,Protect|Modest||M|||50|]Toxapex||Leftovers|Regenerator|Infestation,Toxic,WideGuard,BanefulBunker|Bold||M|||50|]Annihilape||FocusSash|Defiant|CloseCombat,PhantomForce,RockTomb,Protect|Jolly||M|||50|
|inactive|Battle timer is ON: inactive players will automatically lose when time's up. (requested by failandimprove5)
|inactive|EastyLiam has 60 seconds left.
|inactive|failandimprove5 has 60 seconds left.
|
|t:|1784500568
|teamsize|p1|4
|teamsize|p2|4
|start
|switch|p1a: Kommo-o|Kommo-o, L50, F|100/100
|switch|p1b: Kingambit|Kingambit, L50, M|100/100
|switch|p2a: Charizard|Charizard, L50, M|100/100
|switch|p2b: Toxapex|Toxapex, L50, M|100/100
|turn|1
|inactive|failandimprove5 has 30 seconds left.
|inactive|failandimprove5 has 20 seconds left.
|
|t:|1784500606
|detailschange|p2a: Charizard|Charizard-Mega-Y, L50, M
|-mega|p2a: Charizard|Charizard|Charizardite Y
|-weather|SunnyDay|[from] ability: Drought|[of] p2a: Charizard
|move|p1a: Kommo-o|Protect|p1a: Kommo-o
|-singleturn|p1a: Kommo-o|Protect
|move|p1b: Kingambit|Protect|p1b: Kingambit
|-singleturn|p1b: Kingambit|Protect
|move|p2a: Charizard|Heat Wave|p1b: Kingambit|[spread] 
|-activate|p1a: Kommo-o|move: Protect
|-activate|p1b: Kingambit|move: Protect
|move|p2b: Toxapex|Infestation|p1a: Kommo-o
|-activate|p1a: Kommo-o|move: Protect
|
|-weather|SunnyDay|[upkeep]
|upkeep
|turn|2
|
|t:|1784500620
|move|p1b: Kingambit|Sucker Punch|p2a: Charizard
|-damage|p2a: Charizard|57/100
|move|p1a: Kommo-o|Draco Meteor|p2a: Charizard
|-damage|p2a: Charizard|0 fnt
|-unboost|p1a: Kommo-o|spa|2
|faint|p2a: Charizard
|-damage|p1a: Kommo-o|90/100|[from] item: Life Orb
|move|p2b: Toxapex|Infestation|p1a: Kommo-o
|-resisted|p1a: Kommo-o|1
|-damage|p1a: Kommo-o|88/100
|-activate|p1a: Kommo-o|move: Infestation|[of] p2b: Toxapex
|
|-weather|SunnyDay|[upkeep]
|-damage|p1a: Kommo-o|76/100|[from] move: Infestation|[partiallytrapped]
|upkeep
|
|t:|1784500630
|switch|p2a: Garchomp|Garchomp, L50, F|100/100
|turn|3
|
|t:|1784500653
|switch|p2a: Venusaur|Venusaur, L50, M|100/100
|move|p1b: Kingambit|Protect|p1b: Kingambit
|-singleturn|p1b: Kingambit|Protect
|move|p1a: Kommo-o|Draco Meteor|p2a: Venusaur
|-damage|p2a: Venusaur|58/100
|-unboost|p1a: Kommo-o|spa|2
|-damage|p1a: Kommo-o|66/100|[from] item: Life Orb
|move|p2b: Toxapex|Infestation|p1b: Kingambit
|-activate|p1b: Kingambit|move: Protect
|
|-weather|SunnyDay|[upkeep]
|-damage|p1a: Kommo-o|54/100|[from] move: Infestation|[partiallytrapped]
|upkeep
|turn|4
|
|t:|1784500676
|move|p2a: Venusaur|Protect|p2a: Venusaur
|-singleturn|p2a: Venusaur|Protect
|move|p1a: Kommo-o|Clanging Scales|p2a: Venusaur|[spread] p2b
|-activate|p2a: Venusaur|move: Protect
|-crit|p2b: Toxapex
|-damage|p2b: Toxapex|40/100
|-unboost|p1a: Kommo-o|def|1
|-damage|p1a: Kommo-o|44/100|[from] item: Life Orb
|move|p1b: Kingambit|Kowtow Cleave|p2a: Venusaur
|-activate|p2a: Venusaur|move: Protect
|move|p2b: Toxapex|Infestation|p1b: Kingambit
|-damage|p1b: Kingambit|96/100
|-activate|p1b: Kingambit|move: Infestation|[of] p2b: Toxapex
|
|-weather|SunnyDay|[upkeep]
|-heal|p2b: Toxapex|45/100|[from] item: Leftovers
|-damage|p1a: Kommo-o|32/100|[from] move: Infestation|[partiallytrapped]
|-damage|p1b: Kingambit|84/100|[from] move: Infestation|[partiallytrapped]
|upkeep
|turn|5
|inactive|failandimprove5 has 30 seconds left.
|
|t:|1784500702
|-heal|p2b: Toxapex|78/100|[from] ability: Regenerator|[silent]
|switch|p2b: Garchomp|Garchomp, L50, F|100/100
|move|p2a: Venusaur|Earth Power|p1b: Kingambit
|-supereffective|p1b: Kingambit|1
|-damage|p1b: Kingambit|12/100
|-damage|p2a: Venusaur|48/100|[from] item: Life Orb
|move|p1a: Kommo-o|Clanging Scales|p2a: Venusaur|[spread] p2a,p2b
|-supereffective|p2b: Garchomp|1
|-damage|p2a: Venusaur|32/100
|-damage|p2b: Garchomp|62/100
|-unboost|p1a: Kommo-o|def|1
|-damage|p1a: Kommo-o|22/100|[from] item: Life Orb
|move|p1b: Kingambit|Kowtow Cleave|p2a: Venusaur
|-damage|p2a: Venusaur|0 fnt
|faint|p2a: Venusaur
|
|-weather|none
|-end|p1a: Kommo-o|Infestation|[partiallytrapped]|[silent]
|-end|p1b: Kingambit|Infestation|[partiallytrapped]|[silent]
|upkeep
|
|t:|1784500704
|switch|p2a: Toxapex|Toxapex, L50, M|78/100
|turn|6
|-message|failandimprove5 forfeited.
|
|win|EastyLiam
|raw|EastyLiam's rating: 1316 → 1340(+24 for winning)
|raw|failandimprove5's rating: 1389 → 1365(-24 for losing)
