|j|☆ninaez
|j|☆takedownmy
|html|ninaeztakedownmy    
|uhtml|bestof|Game 2 of a best-of-3
|t:|1756433636
|gametype|doubles
|player|p1|ninaez|169|1251
|player|p2|takedownmy|102|1243
|gen|9
|tier|[Gen 9] VGC 2025 Reg H (Bo3)
|rated|
|rule|Species Clause: Limit one of each Pokémon
|rule|Item Clause: Limit 1 of each item
|clearpoke
|poke|p1|Incineroar, L50, F|
|poke|p1|Annihilape, L50, M|
|poke|p1|Whimsicott, L50, F|
|poke|p1|Dragonite, L50, M|
|poke|p1|Ursaluna-Bloodmoon, L50, M|
|poke|p1|Archaludon, L50, F|
|poke|p2|Glalie, L50, F|
|poke|p2|Incineroar, L50, M|
|poke|p2|Rillaboom, L50, F|
|poke|p2|Ninetales-Alola, L50, F|
|poke|p2|Gholdengo, L50|
|poke|p2|Sneasler, L50, M|
|teampreview|4
|showteam|p1|Incineroar||SitrusBerry|Intimidate|FakeOut,PartingShot,KnockOff,FlareBlitz|||F|||50|,,,,,Grass]Annihilape||SafetyGoggles|Defiant|Coaching,RageFist,CloseCombat,FinalGambit|||M|||50|,,,,,Water]Whimsicott||FocusSash|Prankster|Moonblast,Tailwind,Encore,FakeTears|||F|||50|,,,,,Ghost]Dragonite||LoadedDice|Multiscale|ScaleShot,Protect,ExtremeSpeed,Haze|||M|||50|,,,,,Steel]Ursaluna-Bloodmoon||AssaultVest|MindsEye|BloodMoon,HyperVoice,EarthPower,VacuumWave|||M|||50|,,,,,Poison]Archaludon||PowerHerb|Stalwart|Thunderbolt,DragonPulse,ElectroShot,Protect|||F|||50|,,,,,Electric
|showteam|p2|Glalie||Leftovers|Moody|IceBeam,TeraBlast,Substitute,Protect|||F|||50|,,,,,Electric]Incineroar||SafetyGoggles|Intimidate|FlareBlitz,KnockOff,PartingShot,FakeOut|||M|||50|,,,,,Ghost]Rillaboom||AssaultVest|GrassySurge|FakeOut,GrassyGlide,DrumBeating,HighHorsepower|||F|||50|,,,,,Fire]Ninetales-Alola||FocusSash|SnowWarning|Blizzard,IcyWind,Encore,AuroraVeil|||F|||50|,,,,,Ghost]Gholdengo||GrassySeed|GoodasGold|NastyPlot,MakeItRain,ShadowBall,Protect||||||50|,,,,,Water]Sneasler||WhiteHerb|Unburden|CloseCombat,DireClaw,ThroatChop,Protect|||M|||50|,,,,,Dark
|inactive|Battle timer is ON: inactive players will automatically lose when time's up. (requested by ninaez)
|inactive|takedownmy also wants the timer to be on.
|inactive|takedownmy has 60 seconds left.
|
|t:|1756433681
|teamsize|p1|4
|teamsize|p2|4
|start
|switch|p1a: Whimsicott|Whimsicott, L50, F|100/100
|switch|p1b: Archaludon|Archaludon, L50, F|100/100
|switch|p2a: Glalie|Glalie, L50, F|100/100
|switch|p2b: Ninetales|Ninetales-Alola, L50, F|100/100
|-weather|Snowscape|[from] ability: Snow Warning|[of] p2b: Ninetales
|turn|1
|inactive|takedownmy has 30 seconds left.
|inactive|takedownmy has 20 seconds left.
|inactive|takedownmy has 15 seconds left.
|
|t:|1756433726
|switch|p2a: Rillaboom|Rillaboom, L50, F|100/100
|-fieldstart|move: Grassy Terrain|[from] ability: Grassy Surge|[of] p2a: Rillaboom
|move|p1a: Whimsicott|Tailwind|p1a: Whimsicott
|-sidestart|p1: ninaez|move: Tailwind
|move|p1b: Archaludon|Electro Shot||[still]
|-prepare|p1b: Archaludon|Electro Shot
|-boost|p1b: Archaludon|spa|1
|-enditem|p1b: Archaludon|Power Herb
|-anim|p1b: Archaludon|Electro Shot|p2b: Ninetales
|-damage|p2b: Ninetales|23/100
|move|p2b: Ninetales|Icy Wind|p1a: Whimsicott|[spread] p1a,p1b
|-supereffective|p1a: Whimsicott
|-damage|p1a: Whimsicott|52/100
|-damage|p1b: Archaludon|80/100
|-unboost|p1a: Whimsicott|spe|1
|-unboost|p1b: Archaludon|spe|1
|
|-weather|Snowscape|[upkeep]
|-heal|p1a: Whimsicott|58/100|[from] Grassy Terrain
|-heal|p2b: Ninetales|29/100|[from] Grassy Terrain
|-heal|p1b: Archaludon|86/100|[from] Grassy Terrain
|upkeep
|turn|2
|
|t:|1756433743
|-terastallize|p1a: Whimsicott|Ghost
|move|p1a: Whimsicott|Fake Tears|p2a: Rillaboom
|-unboost|p2a: Rillaboom|spd|2
|move|p2b: Ninetales|Blizzard|p1a: Whimsicott|[spread] p1a,p1b
|-damage|p1a: Whimsicott|2/100
|-damage|p1b: Archaludon|46/100
|move|p1b: Archaludon|Dragon Pulse|p2a: Rillaboom
|-damage|p2a: Rillaboom|0 fnt
|faint|p2a: Rillaboom
|
|-weather|Snowscape|[upkeep]
|-heal|p1a: Whimsicott|8/100|[from] Grassy Terrain
|-heal|p2b: Ninetales|35/100|[from] Grassy Terrain
|-heal|p1b: Archaludon|52/100|[from] Grassy Terrain
|upkeep
|
|t:|1756433755
|switch|p2a: Sneasler|Sneasler, L50, M|100/100
|turn|3
|
|t:|1756433763
|switch|p1b: Incineroar|Incineroar, L50, F|100/100
|-ability|p1b: Incineroar|Intimidate|boost
|-unboost|p2a: Sneasler|atk|1
|-unboost|p2b: Ninetales|atk|1
|-enditem|p2a: Sneasler|White Herb
|-clearnegativeboost|p2a: Sneasler|[silent]
|move|p2a: Sneasler|Close Combat|p1b: Incineroar
|-supereffective|p1b: Incineroar
|-damage|p1b: Incineroar|0 fnt
|-unboost|p2a: Sneasler|def|1
|-unboost|p2a: Sneasler|spd|1
|faint|p1b: Incineroar
|move|p1a: Whimsicott|Moonblast|p2b: Ninetales
|-damage|p2b: Ninetales|0 fnt
|faint|p2b: Ninetales
|
|-weather|Snowscape|[upkeep]
|-heal|p1a: Whimsicott|14/100|[from] Grassy Terrain
|upkeep
|
|t:|1756433776
|switch|p2b: Glalie|Glalie, L50, F|100/100
|switch|p1b: Dragonite|Dragonite, L50, M|100/100
|turn|4
|inactive|ninaez has 30 seconds left.
|inactive|takedownmy has 30 seconds left.
|inactive|takedownmy has 20 seconds left.
|inactive|takedownmy has 15 seconds left.
|
|t:|1756433819
|move|p2a: Sneasler|Dire Claw|p1a: Whimsicott
|-resisted|p1a: Whimsicott
|-damage|p1a: Whimsicott|0 fnt
|faint|p1a: Whimsicott
|move|p1b: Dragonite|Scale Shot|p2b: Glalie
|-damage|p2b: Glalie|88/100
|-damage|p2b: Glalie|77/100
|-damage|p2b: Glalie|65/100
|-damage|p2b: Glalie|54/100
|-damage|p2b: Glalie|42/100
|-hitcount|p2b: Glalie|5
|-unboost|p1b: Dragonite|def|1
|-boost|p1b: Dragonite|spe|1
|move|p2b: Glalie|Ice Beam|p1b: Dragonite
|-supereffective|p1b: Dragonite
|-damage|p1b: Dragonite|46/100
|
|-weather|Snowscape|[upkeep]
|-heal|p2b: Glalie|48/100|[from] Grassy Terrain
|-heal|p2b: Glalie|54/100|[from] item: Leftovers
|-sideend|p1: ninaez|move: Tailwind
|-ability|p2b: Glalie|Moody|boost
|-boost|p2b: Glalie|def|2
|-unboost|p2b: Glalie|spe|1
|upkeep
|
|t:|1756433826
|switch|p1a: Archaludon|Archaludon, L50, F|52/100
|turn|5
|inactive|takedownmy has 30 seconds left.
|
|t:|1756433852
|move|p1b: Dragonite|Extreme Speed|p2a: Sneasler
|-damage|p2a: Sneasler|39/100
|move|p2a: Sneasler|Close Combat|p1a: Archaludon
|-supereffective|p1a: Archaludon
|-damage|p1a: Archaludon|0 fnt
|-unboost|p2a: Sneasler|def|1
|-unboost|p2a: Sneasler|spd|1
|faint|p1a: Archaludon
|move|p2b: Glalie|Ice Beam|p1b: Dragonite
|-supereffective|p1b: Dragonite
|-damage|p1b: Dragonite|0 fnt
|faint|p1b: Dragonite
|
|win|takedownmy
