|j|☆lateralvs
|j|☆Harry Koekenpan
|html|lateralvsHarry Koekenpan    
|uhtml|bestof|Game 2 of a best-of-3
|t:|1756314472
|gametype|doubles
|player|p1|lateralvs|102|
|player|p2|Harry Koekenpan|1|
|gen|9
|tier|[Gen 9] VGC 2025 Reg H (Bo3)
|rule|Species Clause: Limit one of each Pokémon
|rule|Item Clause: Limit 1 of each item
|clearpoke
|poke|p1|Ursaluna, L50, M|
|poke|p1|Gholdengo, L50|
|poke|p1|Porygon2, L50|
|poke|p1|Amoonguss, L50, M|
|poke|p1|Incineroar, L50, M|
|poke|p1|Hydreigon, L50, F|
|poke|p2|Toedscruel, L50, F|
|poke|p2|Weezing-Galar, L50, F|
|poke|p2|Garchomp, L50, F|
|poke|p2|Kilowattrel, L50, M|
|poke|p2|Typhlosion-Hisui, L50, M|
|poke|p2|Conkeldurr, L50, M|
|teampreview|4
|showteam|p1|Ursaluna||FlameOrb|Guts|Facade,Earthquake,HeadlongRush,Protect|||M|||50|,,,,,Fairy]Gholdengo||MetalCoat|GoodasGold|MakeItRain,ShadowBall,NastyPlot,Protect||||||50|,,,,,Flying]Porygon2||Eviolite|Download|TeraBlast,IceBeam,TrickRoom,Recover||||||50|,,,,,Fighting]Amoonguss||CovertCloak|Regenerator|PollenPuff,Spore,RagePowder,Protect|||M|||50|,,,,,Fire]Incineroar||SitrusBerry|Intimidate|FlareBlitz,KnockOff,PartingShot,FakeOut|||M|||50|,,,,,Grass]Hydreigon||SafetyGoggles|Levitate|DracoMeteor,Snarl,Tailwind,Protect|||F|||50|,,,,,Ghost
|showteam|p2|Toedscruel||CovertCloak|MyceliumMight|Spore,RagePowder,AcidSpray,EarthPower|||F|||50|,,,,,Water]Weezing-Galar||ChoiceSpecs|NeutralizingGas|DazzlingGleam,SludgeBomb,StrangeSteam,TeraBlast|||F|||50|,,,,,Water]Garchomp||LifeOrb|RoughSkin|Protect,Earthquake,DragonClaw,StompingTantrum|||F|||50|,,,,,Ground]Kilowattrel||FocusSash|Competitive|Discharge,AirSlash,Tailwind,Protect|||M|||50|,,,,,Ghost]Typhlosion-Hisui||ChoiceScarf|Blaze|Eruption,HeatWave,ShadowBall,SleepTalk|||M|||50|,,,,,Fire]Conkeldurr||AssaultVest|IronFist|MachPunch,DrainPunch,KnockOff,IcePunch|||M|||50|,,,,,Flying
|inactive|Battle timer is ON: inactive players will automatically lose when time's up. (requested by Harry Koekenpan)
|inactive|lateralvs has 60 seconds left.
|inactive|lateralvs has 30 seconds left.
|inactive|lateralvs has 20 seconds left.
|inactive|lateralvs has 15 seconds left.
|inactive|lateralvs has 10 seconds left.
|
|t:|1756314562
|teamsize|p1|4
|teamsize|p2|4
|start
|switch|p1a: Amoonguss|Amoonguss, L50, M|100/100
|switch|p1b: Hydreigon|Hydreigon, L50, F|100/100
|switch|p2a: Weezing|Weezing-Galar, L50, F|100/100
|switch|p2b: Toedscruel|Toedscruel, L50, F|100/100
|-ability|p2a: Weezing|Neutralizing Gas
|turn|1
|inactive|lateralvs has 30 seconds left.
|inactive|Harry Koekenpan has 30 seconds left.
|
|t:|1756314594
|move|p1b: Hydreigon|Protect|p1b: Hydreigon
|-singleturn|p1b: Hydreigon|Protect
|move|p2b: Toedscruel|Acid Spray|p1b: Hydreigon
|-activate|p1b: Hydreigon|move: Protect
|move|p2a: Weezing|Dazzling Gleam|p1b: Hydreigon|[spread] p1a
|-activate|p1b: Hydreigon|move: Protect
|-resisted|p1a: Amoonguss
|-crit|p1a: Amoonguss
|-damage|p1a: Amoonguss|81/100
|move|p1a: Amoonguss|Spore|p2a: Weezing
|-status|p2a: Weezing|slp|[from] move: Spore
|
|upkeep
|turn|2
|inactive|lateralvs has 30 seconds left.
|inactive|lateralvs has 20 seconds left.
|
|t:|1756314631
|switch|p1a: Ursaluna|Ursaluna, L50, M|100/100
|move|p2b: Toedscruel|Acid Spray|p1b: Hydreigon
|-damage|p1b: Hydreigon|93/100
|-unboost|p1b: Hydreigon|spd|2
|move|p1b: Hydreigon|Draco Meteor|p2b: Toedscruel
|-damage|p2b: Toedscruel|52/100
|-unboost|p1b: Hydreigon|spa|2
|cant|p2a: Weezing|slp
|
|-status|p1a: Ursaluna|brn|[from] item: Flame Orb
|upkeep
|turn|3
|inactive|Harry Koekenpan has 30 seconds left.
|inactive|lateralvs has 30 seconds left.
|
|t:|1756314661
|move|p2b: Toedscruel|Earth Power|p1a: Ursaluna
|-damage|p1a: Ursaluna|79/100 brn
|move|p1b: Hydreigon|Snarl|p2b: Toedscruel|[spread] p2a,p2b
|-resisted|p2a: Weezing
|-damage|p2a: Weezing|94/100 slp
|-damage|p2b: Toedscruel|44/100
|-unboost|p2a: Weezing|spa|1
|cant|p2a: Weezing|slp
|move|p1a: Ursaluna|Headlong Rush|p2a: Weezing
|-supereffective|p2a: Weezing
|-damage|p2a: Weezing|27/100 slp
|-unboost|p1a: Ursaluna|def|1
|-unboost|p1a: Ursaluna|spd|1
|
|-damage|p1a: Ursaluna|73/100 brn|[from] brn
|upkeep
|turn|4
|inactive|lateralvs has 30 seconds left.
|inactive|Harry Koekenpan has 30 seconds left.
|inactive|lateralvs has 20 seconds left.
|inactive|Harry Koekenpan has 20 seconds left.
|
|t:|1756314701
|switch|p1a: Amoonguss|Amoonguss, L50, M|81/100
|move|p2b: Toedscruel|Earth Power|p1a: Amoonguss
|-damage|p1a: Amoonguss|59/100
|move|p1b: Hydreigon|Snarl|p2a: Weezing|[spread] p2a,p2b
|-resisted|p2a: Weezing
|-crit|p2b: Toedscruel
|-damage|p2a: Weezing|20/100 slp
|-damage|p2b: Toedscruel|18/100
|-unboost|p2a: Weezing|spa|1
|cant|p2a: Weezing|slp
|
|upkeep
|turn|5
|
|t:|1756314724
|move|p2b: Toedscruel|Earth Power|p1a: Amoonguss
|-damage|p1a: Amoonguss|38/100
|move|p1b: Hydreigon|Draco Meteor|p2b: Toedscruel
|-damage|p2b: Toedscruel|0 fnt
|-unboost|p1b: Hydreigon|spa|2
|faint|p2b: Toedscruel
|-curestatus|p2a: Weezing|slp|[msg]
|move|p2a: Weezing|Dazzling Gleam|p1b: Hydreigon|[spread] p1a,p1b
|-resisted|p1a: Amoonguss
|-supereffective|p1b: Hydreigon
|-damage|p1a: Amoonguss|32/100
|-damage|p1b: Hydreigon|0 fnt
|faint|p1b: Hydreigon
|move|p1a: Amoonguss|Spore|p2a: Weezing
|-status|p2a: Weezing|slp|[from] move: Spore
|
|upkeep
|
|t:|1756314741
|switch|p2b: Garchomp|Garchomp, L50, F|100/100
|switch|p1b: Porygon2|Porygon2, L50|100/100
|turn|6
|
|t:|1756314763
|-end|p2a: Weezing|ability: Neutralizing Gas
|-ability|p1b: Porygon2|Download|boost
|-boost|p1b: Porygon2|spa|1
|switch|p2a: Kilowattrel|Kilowattrel, L50, M|100/100
|-terastallize|p2b: Garchomp|Ground
|move|p1a: Amoonguss|Protect|p1a: Amoonguss
|-singleturn|p1a: Amoonguss|Protect
|move|p2b: Garchomp|Earthquake|p1a: Amoonguss|[spread] p1b
|-activate|p1a: Amoonguss|move: Protect
|-immune|p2a: Kilowattrel
|-damage|p1b: Porygon2|58/100
|-damage|p2b: Garchomp|91/100|[from] item: Life Orb
|move|p1b: Porygon2|Trick Room|p1b: Porygon2
|-fieldstart|move: Trick Room|[of] p1b: Porygon2
|
|upkeep
|turn|7
|inactive|Harry Koekenpan has 30 seconds left.
|
|t:|1756314796
|move|p1a: Amoonguss|Spore|p2a: Kilowattrel
|-status|p2a: Kilowattrel|slp|[from] move: Spore
|move|p1b: Porygon2|Ice Beam|p2b: Garchomp
|-supereffective|p2b: Garchomp
|-damage|p2b: Garchomp|0 fnt
|faint|p2b: Garchomp
|cant|p2a: Kilowattrel|slp
|
|upkeep
|
|t:|1756314805
|switch|p2b: Weezing|Weezing-Galar, L50, F|20/100 slp
|-ability|p2b: Weezing|Neutralizing Gas
|turn|8
|
|t:|1756314821
|move|p1a: Amoonguss|Pollen Puff|p1b: Porygon2
|-heal|p1b: Porygon2|100/100
|move|p1b: Porygon2|Tera Blast|p2b: Weezing
|-damage|p2b: Weezing|0 fnt
|faint|p2b: Weezing
|-end|p2b: Weezing|ability: Neutralizing Gas
|-ability|p1b: Porygon2|Download|boost
|-boost|p1b: Porygon2|spa|1
|cant|p2a: Kilowattrel|slp
|
|upkeep
|turn|9
|
|t:|1756314836
|move|p1a: Amoonguss|Protect|p1a: Amoonguss
|-singleturn|p1a: Amoonguss|Protect
|move|p1b: Porygon2|Ice Beam|p2a: Kilowattrel
|-supereffective|p2a: Kilowattrel
|-enditem|p2a: Kilowattrel|Focus Sash
|-damage|p2a: Kilowattrel|1/100 slp
|cant|p2a: Kilowattrel|slp
|
|upkeep
|turn|10
|
|t:|1756314843
|move|p1a: Amoonguss|Rage Powder|p1a: Amoonguss
|-singleturn|p1a: Amoonguss|move: Rage Powder
|move|p1b: Porygon2|Ice Beam|p2a: Kilowattrel
|-supereffective|p2a: Kilowattrel
|-damage|p2a: Kilowattrel|0 fnt
|faint|p2a: Kilowattrel
|
|win|lateralvs
|c|☆lateralvs|gg
|c|☆Harry Koekenpan|Gg
|l|☆Harry Koekenpan
|player|p2|
