|j|☆uhhhhh_plz
|j|☆MuseigenTest
|html|uhhhhh_plzMuseigenTest    
|uhtml|bestof|Game 1 of a best-of-3
|t:|1756175838
|gametype|doubles
|player|p1|uhhhhh_plz|1|1155
|player|p2|MuseigenTest|266|1107
|gen|9
|tier|[Gen 9] VGC 2025 Reg H (Bo3)
|rated|
|rule|Species Clause: Limit one of each Pokémon
|rule|Item Clause: Limit 1 of each item
|clearpoke
|poke|p1|Rillaboom, L50, M|
|poke|p1|Ursaluna-Bloodmoon, L50, M|
|poke|p1|Comfey, L50, F|
|poke|p1|Volcarona, L50, M|
|poke|p1|Electabuzz, L50, F|
|poke|p1|Dragonite, L50, M|
|poke|p2|Sneasler, L50, F|
|poke|p2|Indeedee, L50, M|
|poke|p2|Volcarona, L50, F|
|poke|p2|Ursaluna-Bloodmoon, L50, M|
|poke|p2|Annihilape, L50, F|
|poke|p2|Tyranitar, L50, M|
|teampreview|4
|showteam|p1|Rillaboom||AssaultVest|GrassySurge|FakeOut,Uturn,GrassyGlide,HighHorsepower|||M|||50|,,,,,Fire]Ursaluna-Bloodmoon||Leftovers|MindsEye|Protect,CalmMind,EarthPower,HyperVoice|||M|||50|,,,,,Poison]Comfey||FocusSash|Triage|Protect,HelpingHand,FloralHealing,DrainingKiss|||F|||50|,,,,,Ghost]Volcarona||GrassySeed|FlameBody|Protect,QuiverDance,FieryDance,GigaDrain|||M|||50|,,,,,Grass]Electabuzz||Eviolite|VitalSpirit|Protect,FollowMe,Taunt,Thunderbolt|||F|||50|,,,,,Ghost]Dragonite||LoadedDice|InnerFocus|Protect,Haze,AquaJet,ScaleShot|||M|||50|,,,,,Fairy
|showteam|p2|Sneasler||PsychicSeed|Unburden|CloseCombat,DireClaw,ThroatChop,Protect|||F|||50|,,,,,Dark]Indeedee||ChoiceScarf|PsychicSurge|ExpandingForce,TeraBlast,Trick,Protect|||M|||50|,,,,,Psychic]Volcarona||SitrusBerry|FlameBody|Overheat,StruggleBug,RagePowder,Tailwind|||F|||50|,,,,,Grass]Ursaluna-Bloodmoon||LifeOrb|MindsEye|BloodMoon,HyperVoice,EarthPower,Protect|||M|||50|,,,,,Normal]Annihilape||SafetyGoggles|Defiant|CloseCombat,RageFist,Taunt,FinalGambit|||F|||50|,,,,,Fairy]Tyranitar||AssaultVest|SandStream|RockSlide,KnockOff,TeraBlast,LowKick|||M|||50|,,,,,Flying
|inactive|Battle timer is ON: inactive players will automatically lose when time's up. (requested by uhhhhh_plz)
|c|☆MuseigenTest|Gl
|inactive|MuseigenTest has 60 seconds left.
|c|☆uhhhhh_plz|glhf!
|inactive|MuseigenTest has 30 seconds left.
|inactive|MuseigenTest has 20 seconds left.
|inactive|MuseigenTest has 15 seconds left.
|
|t:|1756175917
|teamsize|p1|4
|teamsize|p2|4
|start
|switch|p1a: Electabuzz|Electabuzz, L50, F|100/100
|switch|p1b: Dragonite|Dragonite, L50, M|100/100
|switch|p2a: Volcarona|Volcarona, L50, F|100/100
|switch|p2b: Tyranitar|Tyranitar, L50, M|100/100
|-weather|Sandstorm|[from] ability: Sand Stream|[of] p2b: Tyranitar
|turn|1
|inactive|uhhhhh_plz has 30 seconds left.
|inactive|MuseigenTest has 30 seconds left.
|inactive|MuseigenTest has 20 seconds left.
|
|t:|1756175953
|move|p1a: Electabuzz|Follow Me|p1a: Electabuzz
|-singleturn|p1a: Electabuzz|move: Follow Me
|move|p2a: Volcarona|Tailwind|p2a: Volcarona
|-sidestart|p2: MuseigenTest|move: Tailwind
|move|p2b: Tyranitar|Rock Slide|p1a: Electabuzz|[spread] p1a,p1b
|-supereffective|p1b: Dragonite
|-damage|p1a: Electabuzz|78/100
|-damage|p1b: Dragonite|31/100
|move|p1b: Dragonite|Scale Shot|p2a: Volcarona
|-damage|p2a: Volcarona|80/100
|-damage|p2a: Volcarona|62/100
|-damage|p2a: Volcarona|44/100
|-enditem|p2a: Volcarona|Sitrus Berry|[eat]
|-heal|p2a: Volcarona|69/100|[from] item: Sitrus Berry
|-damage|p2a: Volcarona|52/100
|-damage|p2a: Volcarona|33/100
|-hitcount|p2a: Volcarona|5
|-unboost|p1b: Dragonite|def|1
|-boost|p1b: Dragonite|spe|1
|
|-weather|Sandstorm|[upkeep]
|-damage|p2a: Volcarona|27/100|[from] Sandstorm
|-damage|p1b: Dragonite|25/100|[from] Sandstorm
|-damage|p1a: Electabuzz|72/100|[from] Sandstorm
|upkeep
|turn|2
|inactive|MuseigenTest has 30 seconds left.
|inactive|MuseigenTest has 20 seconds left.
|inactive|MuseigenTest has 15 seconds left.
|inactive|MuseigenTest has 10 seconds left.
|inactive|MuseigenTest has 5 seconds left.
|
|t:|1756176004
|switch|p1b: Rillaboom|Rillaboom, L50, M|100/100
|-fieldstart|move: Grassy Terrain|[from] ability: Grassy Surge|[of] p1b: Rillaboom
|move|p2a: Volcarona|Overheat|p1a: Electabuzz|[miss]
|-miss|p2a: Volcarona|p1a: Electabuzz
|move|p2b: Tyranitar|Rock Slide|p1a: Electabuzz|[spread] p1a,p1b
|-damage|p1a: Electabuzz|49/100
|-damage|p1b: Rillaboom|70/100
|move|p1a: Electabuzz|Thunderbolt|p2a: Volcarona
|-damage|p2a: Volcarona|0 fnt
|faint|p2a: Volcarona
|
|-weather|Sandstorm|[upkeep]
|-damage|p1a: Electabuzz|44/100|[from] Sandstorm
|-damage|p1b: Rillaboom|64/100|[from] Sandstorm
|-heal|p1a: Electabuzz|49/100|[from] Grassy Terrain
|-heal|p1b: Rillaboom|70/100|[from] Grassy Terrain
|upkeep
|
|t:|1756176021
|switch|p2a: Indeedee|Indeedee, L50, M|100/100
|-fieldstart|move: Psychic Terrain|[from] ability: Psychic Surge|[of] p2a: Indeedee
|turn|3
|
|t:|1756176035
|switch|p1b: Dragonite|Dragonite, L50, M|25/100
|-terastallize|p2b: Tyranitar|Flying
|move|p1a: Electabuzz|Protect|p1a: Electabuzz
|-singleturn|p1a: Electabuzz|Protect
|move|p2a: Indeedee|Expanding Force|p1a: Electabuzz|[spread] p1b
|-activate|p1a: Electabuzz|move: Protect
|-damage|p1b: Dragonite|0 fnt
|faint|p1b: Dragonite
|move|p2b: Tyranitar|Rock Slide|p1a: Electabuzz
|-activate|p1a: Electabuzz|move: Protect
|
|-weather|Sandstorm|[upkeep]
|-damage|p2a: Indeedee|95/100|[from] Sandstorm
|-damage|p2b: Tyranitar|95/100|[from] Sandstorm
|-damage|p1a: Electabuzz|44/100|[from] Sandstorm
|upkeep
|
|t:|1756176042
|switch|p1b: Rillaboom|Rillaboom, L50, M|70/100
|-fieldstart|move: Grassy Terrain|[from] ability: Grassy Surge|[of] p1b: Rillaboom
|turn|4
|inactive|MuseigenTest has 30 seconds left.
|
|t:|1756176068
|switch|p2a: Sneasler|Sneasler, L50, F|100/100
|move|p1b: Rillaboom|Fake Out|p2b: Tyranitar
|-damage|p2b: Tyranitar|84/100
|cant|p2b: Tyranitar|flinch
|move|p1a: Electabuzz|Thunderbolt|p2a: Sneasler
|-damage|p2a: Sneasler|58/100
|
|-weather|Sandstorm|[upkeep]
|-damage|p2a: Sneasler|52/100|[from] Sandstorm
|-damage|p2b: Tyranitar|78/100|[from] Sandstorm
|-damage|p1a: Electabuzz|38/100|[from] Sandstorm
|-damage|p1b: Rillaboom|64/100|[from] Sandstorm
|-heal|p2a: Sneasler|58/100|[from] Grassy Terrain
|-heal|p1a: Electabuzz|44/100|[from] Grassy Terrain
|-heal|p1b: Rillaboom|70/100|[from] Grassy Terrain
|-sideend|p2: MuseigenTest|move: Tailwind
|upkeep
|turn|5
|inactive|MuseigenTest has 30 seconds left.
|
|t:|1756176098
|move|p1a: Electabuzz|Follow Me|p1a: Electabuzz
|-singleturn|p1a: Electabuzz|move: Follow Me
|move|p2a: Sneasler|Close Combat|p1a: Electabuzz
|-damage|p1a: Electabuzz|0 fnt
|-unboost|p2a: Sneasler|def|1
|-unboost|p2a: Sneasler|spd|1
|faint|p1a: Electabuzz
|move|p1b: Rillaboom|High Horsepower|p2a: Sneasler
|-supereffective|p2a: Sneasler
|-damage|p2a: Sneasler|0 fnt
|faint|p2a: Sneasler
|move|p2b: Tyranitar|Tera Blast|p1b: Rillaboom|[anim] Tera Blast Flying
|-supereffective|p1b: Rillaboom
|-damage|p1b: Rillaboom|0 fnt
|faint|p1b: Rillaboom
|
|-weather|none
|upkeep
|
|t:|1756176120
|switch|p2a: Indeedee|Indeedee, L50, M|95/100
|switch|p1b: Ursaluna|Ursaluna-Bloodmoon, L50, M|100/100
|-fieldstart|move: Psychic Terrain|[from] ability: Psychic Surge|[of] p2a: Indeedee
|turn|6
|
|t:|1756176145
|move|p2a: Indeedee|Expanding Force|p1b: Ursaluna
|-crit|p1b: Ursaluna
|-damage|p1b: Ursaluna|0 fnt
|faint|p1b: Ursaluna
|
|win|MuseigenTest
||uhhhhh_plz is ready for game 2.
||MuseigenTest is ready for game 2.
|uhtml|next|Next: Game 2 of 3
|l|☆uhhhhh_plz
|player|p1|
