|j|☆natsukivgc
|j|☆gianlucone
|html|natsukivgcgianlucone    
|uhtml|bestof|Game 1 of a best-of-3
|t:|1786062064
|gametype|doubles
|player|p1|natsukivgc|101|1264
|player|p2|gianlucone|170|1326
|gen|9
|tier|[Gen 9 Champions] VGC 2026 Reg M-B (Bo3)
|rated|
|rule|Species Clause: Limit one of each Pokémon
|rule|Item Clause: Limit 1 of each item
|clearpoke
|poke|p1|Garchomp, L50, F|
|poke|p1|Venusaur, L50, F|
|poke|p1|Incineroar, L50, F|
|poke|p1|Charizard, L50, F|
|poke|p1|Toxapex, L50, F|
|poke|p1|Annihilape, L50, M|
|poke|p2|Froslass, L50, F|
|poke|p2|Scovillain, L50, M|
|poke|p2|Lycanroc-Dusk, L50, M|
|poke|p2|Sneasler, L50, M|
|poke|p2|Kingambit, L50, F|
|poke|p2|Basculegion, L50, M|
|teampreview|4
|showteam|p1|Garchomp||ChoiceScarf|RoughSkin|Earthquake,DragonClaw,StompingTantrum,RockSlide|Adamant||F|||50|]Venusaur||LifeOrb|Chlorophyll|SolarBeam,SludgeBomb,EarthPower,Protect|Modest||F|||50|]Incineroar||SitrusBerry|Intimidate|FlareBlitz,ThroatChop,FakeOut,PartingShot|Impish||F|||50|]Charizard||CharizarditeY|Blaze|HeatWave,WeatherBall,Protect,HelpingHand|Modest||F|||50|]Toxapex||Leftovers|Regenerator|Infestation,Toxic,WideGuard,BanefulBunker|Bold||F|||50|]Annihilape||FocusSash|Defiant|CloseCombat,PhantomForce,RockTomb,Protect|Jolly||M|||50|
|showteam|p2|Froslass||Froslassite|SnowCloak|Blizzard,ShadowBall,AuroraVeil,Protect|Serious||F|||50|]Scovillain||Scovillainite|Moody|Overheat,GigaDrain,RagePowder,Protect|Bold||M|||50|]Lycanroc-Dusk||FocusSash|ToughClaws|RockSlide,CloseCombat,Accelerock,Protect|Adamant||M|||50|]Sneasler||WhiteHerb|Unburden|CloseCombat,GunkShot,FakeOut,Protect|Adamant||M|||50|]Kingambit||BlackGlasses|Defiant|SwordsDance,KowtowCleave,SuckerPunch,Protect|Adamant||F|||50|]Basculegion||SitrusBerry|Adaptability|WaveCrash,LastRespects,AquaJet,Protect|Adamant||M|||50|
|inactive|Battle timer is ON: inactive players will automatically lose when time's up. (requested by gianlucone)
|inactive|natsukivgc has 60 seconds left.
|inactive|natsukivgc has 30 seconds left.
|
|t:|1786062127
|teamsize|p1|4
|teamsize|p2|4
|start
|switch|p1a: Charizard|Charizard, L50, F|100/100
|switch|p1b: Venusaur|Venusaur, L50, F|100/100
|switch|p2a: Froslass|Froslass, L50, F|100/100
|switch|p2b: Sneasler|Sneasler, L50, M|100/100
|turn|1
|
|t:|1786062152
|switch|p2b: Lycanroc|Lycanroc-Dusk, L50, M|100/100
|move|p2a: Froslass|Protect|p2a: Froslass
|-singleturn|p2a: Froslass|Protect
|move|p1a: Charizard|Protect|p1a: Charizard
|-singleturn|p1a: Charizard|Protect
|move|p1b: Venusaur|Protect||[still]
|-fail|p1b: Venusaur
|
|upkeep
|turn|2
|inactive|natsukivgc has 30 seconds left.
|inactive|gianlucone has 30 seconds left.
|
|t:|1786062183
|switch|p1a: Incineroar|Incineroar, L50, F|100/100
|-ability|p1a: Incineroar|Intimidate|boost
|-unboost|p2a: Froslass|atk|1
|-unboost|p2b: Lycanroc|atk|1
|switch|p1b: Toxapex|Toxapex, L50, F|100/100
|move|p2a: Froslass|Blizzard|p1b: Toxapex|[spread] p1b
|-miss|p2a: Froslass|p1a: Incineroar
|-resisted|p1b: Toxapex|1
|-damage|p1b: Toxapex|90/100
|move|p2b: Lycanroc|Rock Slide|p1b: Toxapex|[spread] p1a,p1b
|-supereffective|p1a: Incineroar|1
|-damage|p1a: Incineroar|69/100
|-damage|p1b: Toxapex|77/100
|
|-heal|p1b: Toxapex|82/100|[from] item: Leftovers
|upkeep
|turn|3
|
|t:|1786062207
|switch|p2b: Kingambit|Kingambit, L50, F|100/100
|detailschange|p2a: Froslass|Froslass-Mega, L50, F
|-mega|p2a: Froslass|Froslass|Froslassite
|-weather|Snowscape|[from] ability: Snow Warning|[of] p2a: Froslass
|move|p2a: Froslass|Blizzard|p1a: Incineroar|[spread] p1a,p1b
|-resisted|p1a: Incineroar|1
|-resisted|p1b: Toxapex|1
|-damage|p1a: Incineroar|51/100
|-damage|p1b: Toxapex|68/100
|move|p1a: Incineroar|Throat Chop|p2a: Froslass
|-supereffective|p2a: Froslass|1
|-crit|p2a: Froslass
|-damage|p2a: Froslass|18/100
|-start|p2a: Froslass|Throat Chop|[silent]
|move|p1b: Toxapex|Toxic|p2b: Kingambit
|-immune|p2b: Kingambit
|
|-weather|Snowscape|[upkeep]
|-heal|p1b: Toxapex|73/100|[from] item: Leftovers
|upkeep
|turn|4
|inactive|natsukivgc has 30 seconds left.
|
|t:|1786062235
|move|p2a: Froslass|Aurora Veil|p2a: Froslass
|-sidestart|p2: gianlucone|move: Aurora Veil
|move|p1a: Incineroar|Throat Chop|p2a: Froslass
|-supereffective|p2a: Froslass|1
|-damage|p2a: Froslass|0 fnt
|faint|p2a: Froslass
|move|p2b: Kingambit|Swords Dance|p2b: Kingambit
|-boost|p2b: Kingambit|atk|2
|move|p1b: Toxapex|Infestation|p2b: Kingambit
|-damage|p2b: Kingambit|97/100
|-activate|p2b: Kingambit|move: Infestation|[of] p1b: Toxapex
|
|-weather|Snowscape|[upkeep]
|-heal|p1b: Toxapex|79/100|[from] item: Leftovers
|-damage|p2b: Kingambit|85/100|[from] move: Infestation|[partiallytrapped]
|upkeep
|
|t:|1786062250
|switch|p2a: Sneasler|Sneasler, L50, M|100/100
|turn|5
|
|t:|1786062264
|move|p2a: Sneasler|Gunk Shot|p1a: Incineroar
|-damage|p1a: Incineroar|1/100
|-enditem|p1a: Incineroar|Sitrus Berry|[eat]
|-heal|p1a: Incineroar|26/100|[from] item: Sitrus Berry
|move|p1a: Incineroar|Parting Shot|p2a: Sneasler
|-unboost|p2a: Sneasler|atk|1
|-unboost|p2a: Sneasler|spa|1
|
|t:|1786062281
|switch|p1a: Charizard|Charizard, L50, F|100/100|[from] Parting Shot
|-enditem|p2a: Sneasler|White Herb
|-clearnegativeboost|p2a: Sneasler|[silent]
|move|p2b: Kingambit|Swords Dance|p2b: Kingambit
|-boost|p2b: Kingambit|atk|2
|move|p1b: Toxapex|Infestation|p2a: Sneasler
|-resisted|p2a: Sneasler|2
|-damage|p2a: Sneasler|99/100
|-activate|p2a: Sneasler|move: Infestation|[of] p1b: Toxapex
|
|-weather|Snowscape|[upkeep]
|-heal|p1b: Toxapex|85/100|[from] item: Leftovers
|-damage|p2a: Sneasler|87/100|[from] move: Infestation|[partiallytrapped]
|-damage|p2b: Kingambit|73/100|[from] move: Infestation|[partiallytrapped]
|upkeep
|turn|6
|inactive|natsukivgc has 30 seconds left.
|
|t:|1786062313
|-heal|p1b: Toxapex|100/100|[from] ability: Regenerator|[silent]
|switch|p1b: Venusaur|Venusaur, L50, F|100/100
|move|p1a: Charizard|Protect|p1a: Charizard
|-singleturn|p1a: Charizard|Protect
|move|p2b: Kingambit|Sucker Punch||[still]
|-fail|p2b: Kingambit
|move|p2a: Sneasler|Gunk Shot|p1a: Charizard
|-activate|p1a: Charizard|move: Protect
|
|-weather|Snowscape|[upkeep]
|-end|p2a: Sneasler|Infestation|[partiallytrapped]|[silent]
|-end|p2b: Kingambit|Infestation|[partiallytrapped]|[silent]
|upkeep
|turn|7
|
|t:|1786062333
|detailschange|p1a: Charizard|Charizard-Mega-Y, L50, F
|-mega|p1a: Charizard|Charizard|Charizardite Y
|-weather|SunnyDay|[from] ability: Drought|[of] p1a: Charizard
|move|p2b: Kingambit|Sucker Punch|p1a: Charizard
|-damage|p1a: Charizard|0 fnt
|faint|p1a: Charizard
|move|p2a: Sneasler|Gunk Shot|p1b: Venusaur|[miss]
|-miss|p2a: Sneasler|p1b: Venusaur
|move|p1b: Venusaur|Earth Power|p2b: Kingambit
|-supereffective|p2b: Kingambit|1
|-damage|p2b: Kingambit|26/100
|-damage|p1b: Venusaur|90/100|[from] item: Life Orb
|
|-weather|SunnyDay|[upkeep]
|upkeep
|
|t:|1786062350
|switch|p1a: Toxapex|Toxapex, L50, F|100/100
|turn|8
|
|t:|1786062359
|move|p1b: Venusaur|Protect|p1b: Venusaur
|-singleturn|p1b: Venusaur|Protect
|move|p2b: Kingambit|Protect|p2b: Kingambit
|-singleturn|p2b: Kingambit|Protect
|move|p2a: Sneasler|Gunk Shot|p1b: Venusaur
|-activate|p1b: Venusaur|move: Protect
|move|p1a: Toxapex|Infestation|p2b: Kingambit
|-activate|p2b: Kingambit|move: Protect
|
|-weather|SunnyDay|[upkeep]
|-sideend|p2: gianlucone|move: Aurora Veil
|upkeep
|turn|9
|
|t:|1786062376
|switch|p1b: Incineroar|Incineroar, L50, F|26/100
|-ability|p1b: Incineroar|Intimidate|boost
|-unboost|p2a: Sneasler|atk|1
|-unboost|p2b: Kingambit|atk|1
|-ability|p2b: Kingambit|Defiant|boost
|-boost|p2b: Kingambit|atk|2
|move|p2b: Kingambit|Sucker Punch|p1a: Toxapex
|-damage|p1a: Toxapex|0 fnt
|faint|p1a: Toxapex
|move|p2a: Sneasler|Gunk Shot|p1b: Incineroar
|-damage|p1b: Incineroar|0 fnt
|faint|p1b: Incineroar
|
|-weather|SunnyDay|[upkeep]
|upkeep
|-message|natsukivgc forfeited.
|
|win|gianlucone
