|j|☆lagv
|j|☆Ethan's Bleakmiss
|html|lagvEthan's Bleakmiss    
|uhtml|bestof|Game 1 of a best-of-3
|t:|1783524068
|gametype|doubles
|player|p1|lagv|1|1056
|player|p2|Ethan's Bleakmiss|unknown|1076
|gen|9
|tier|[Gen 9 Champions] VGC 2026 Reg M-B (Bo3)
|rated|
|rule|Species Clause: Limit one of each Pokémon
|rule|Item Clause: Limit 1 of each item
|clearpoke
|poke|p1|Maushold-Four, L50|
|poke|p1|Garchomp, L50, M|
|poke|p1|Talonflame, L50, M|
|poke|p1|Tyranitar, L50, M|
|poke|p1|Milotic, L50, M|
|poke|p1|Eelektross, L50, M|
|poke|p2|Floette-Eternal, L50, F|
|poke|p2|Froslass, L50, F, shiny|
|poke|p2|Whimsicott, L50, F, shiny|
|poke|p2|Maushold, L50, shiny|
|poke|p2|Sneasler, L50, M, shiny|
|poke|p2|Basculegion, L50, M, shiny|
|teampreview|4
|showteam|p1|Maushold-Four||WideLens|Technician|PopulationBomb,BulletSeed,Encore,Protect|Jolly|||||50|]Garchomp||Garchompite|SandVeil|Earthquake,RockSlide,DragonClaw,Protect|Adamant||M|||50|]Talonflame||FocusSash|GaleWings|BraveBird,Tailwind,Taunt,Protect|Adamant||M|||50|]Tyranitar||SitrusBerry|SandStream|HardPress,RockSlide,KnockOff,Protect|Adamant||M|||50|]Milotic||Leftovers|Competitive|MuddyWater,IcyWind,AlluringVoice,Protect|Calm||M|||50|]Eelektross||Eelektrossite|Levitate|Discharge,GigaDrain,Electroweb,Protect|Modest||M|||50|
|showteam|p2|Floette-Eternal||Floettite|FlowerVeil|Protect,LightofRuin,DazzlingGleam,Moonblast|Timid||F|||50|]Froslass||Froslassite|CursedBody|ShadowBall,AuroraVeil,Blizzard,Protect|Timid||F|||50|]Whimsicott||FocusSash|Prankster|Protect,Moonblast,Tailwind,FakeTears|Timid||F|||50|]Maushold||SitrusBerry|FriendGuard|SuperFang,Protect,FollowMe,Taunt|Bold|||||50|]Sneasler||WhiteHerb|Unburden|CloseCombat,DireClaw,Protect,FakeOut|Adamant||M|||50|]Basculegion||LifeOrb|Adaptability|WaveCrash,Protect,LastRespects,AquaJet|Adamant||M|||50|
|inactive|Battle timer is ON: inactive players will automatically lose when time's up. (requested by Ethan's Bleakmiss)
|inactive|lagv has 60 seconds left.
|inactive|Ethan's Bleakmiss has 60 seconds left.
|inactive|lagv has 30 seconds left.
|
|t:|1783524139
|teamsize|p1|4
|teamsize|p2|4
|start
|switch|p1a: Talonflame|Talonflame, L50, M|100/100
|switch|p1b: Garchomp|Garchomp, L50, M|100/100
|switch|p2a: Basculegion|Basculegion, L50, M, shiny|100/100
|switch|p2b: Whimsicott|Whimsicott, L50, F, shiny|100/100
|turn|1
|inactive|Ethan's Bleakmiss has 30 seconds left.
|
|t:|1783524164
|detailschange|p1b: Garchomp|Garchomp-Mega, L50, M
|-mega|p1b: Garchomp|Garchomp|Garchompite
|move|p2a: Basculegion|Protect|p2a: Basculegion
|-singleturn|p2a: Basculegion|Protect
|move|p2b: Whimsicott|Tailwind|p2b: Whimsicott
|-sidestart|p2: Ethan's Bleakmiss|move: Tailwind
|move|p1a: Talonflame|Tailwind|p1a: Talonflame
|-sidestart|p1: lagv|move: Tailwind
|move|p1b: Garchomp|Earthquake|p2b: Whimsicott|[spread] p2b
|-activate|p2a: Basculegion|move: Protect
|-immune|p1a: Talonflame
|-resisted|p2b: Whimsicott|1
|-damage|p2b: Whimsicott|58/100
|
|upkeep
|turn|2
|
|t:|1783524188
|move|p1a: Talonflame|Brave Bird|p2a: Basculegion
|-damage|p2a: Basculegion|42/100
|-damage|p1a: Talonflame|73/100|[from] Recoil
|move|p2b: Whimsicott|Moonblast|p1b: Garchomp
|-supereffective|p1b: Garchomp|1
|-damage|p1b: Garchomp|33/100
|move|p1b: Garchomp|Earthquake|p2b: Whimsicott|[spread] p2a,p2b
|-immune|p1a: Talonflame
|-resisted|p2b: Whimsicott|1
|-damage|p2a: Basculegion|0 fnt
|-damage|p2b: Whimsicott|18/100
|faint|p2a: Basculegion
|
|upkeep
|
|t:|1783524201
|switch|p2a: Sneasler|Sneasler, L50, M, shiny|100/100
|turn|3
|inactive|lagv has 30 seconds left.
|
|t:|1783524235
|move|p1b: Garchomp|Protect|p1b: Garchomp
|-singleturn|p1b: Garchomp|Protect
|move|p2b: Whimsicott|Moonblast|p1b: Garchomp
|-activate|p1b: Garchomp|move: Protect
|move|p1a: Talonflame|Brave Bird|p2a: Sneasler
|-supereffective|p2a: Sneasler|1
|-damage|p2a: Sneasler|0 fnt
|faint|p2a: Sneasler
|-damage|p1a: Talonflame|40/100|[from] Recoil
|
|upkeep
|
|t:|1783524247
|switch|p2a: Froslass|Froslass, L50, F, shiny|100/100
|turn|4
|
|t:|1783524270
|detailschange|p2a: Froslass|Froslass-Mega, L50, F, shiny
|-mega|p2a: Froslass|Froslass|Froslassite
|-weather|Snowscape|[from] ability: Snow Warning|[of] p2a: Froslass
|move|p2b: Whimsicott|Protect|p2b: Whimsicott
|-singleturn|p2b: Whimsicott|Protect
|move|p2a: Froslass|Blizzard|p1b: Garchomp|[spread] p1a,p1b
|-supereffective|p1b: Garchomp|2
|-damage|p1a: Talonflame|0 fnt
|-damage|p1b: Garchomp|0 fnt
|faint|p1a: Talonflame
|faint|p1b: Garchomp
|
|-weather|Snowscape|[upkeep]
|-sideend|p1: lagv|move: Tailwind
|-sideend|p2: Ethan's Bleakmiss|move: Tailwind
|upkeep
|
|t:|1783524284
|switch|p1a: Tyranitar|Tyranitar, L50, M|100/100
|switch|p1b: Maushold|Maushold-Four, L50|100/100
|-weather|Sandstorm|[from] ability: Sand Stream|[of] p1a: Tyranitar
|turn|5
|
|t:|1783524297
|move|p2a: Froslass|Blizzard|p1a: Tyranitar|[spread] p1b
|-miss|p2a: Froslass|p1a: Tyranitar
|-damage|p1b: Maushold|38/100
|move|p2b: Whimsicott|Moonblast|p1a: Tyranitar
|-supereffective|p1a: Tyranitar|1
|-damage|p1a: Tyranitar|61/100
|move|p1b: Maushold|Population Bomb|p2b: Whimsicott
|-damage|p2b: Whimsicott|1/100
|-damage|p2b: Whimsicott|0 fnt
|faint|p2b: Whimsicott
|-hitcount|p2: Whimsicott|2
|move|p1a: Tyranitar|Rock Slide|p2a: Froslass
|-supereffective|p2a: Froslass|1
|-damage|p2a: Froslass|0 fnt
|faint|p2a: Froslass
|
|win|lagv
