|j|☆Miilanz
|j|☆munchie2ff
|html|Miilanzmunchie2ff    
|uhtml|bestof|Game 1 of a best-of-3
|t:|1783978448
|gametype|doubles
|player|p1|Miilanz|caitlin|
|player|p2|munchie2ff|colress|
|gen|9
|tier|[Gen 9 Champions] VGC 2026 Reg M-B (Bo3)
|rule|Species Clause: Limit one of each Pokémon
|rule|Item Clause: Limit 1 of each item
|clearpoke
|poke|p1|Venusaur, L50, M|
|poke|p1|Torkoal, L50, M|
|poke|p1|Pyroar, L50, F, shiny|
|poke|p1|Farigiraf, L50, M|
|poke|p1|Garchomp, L50, M|
|poke|p1|Sylveon, L50, M|
|poke|p2|Charizard, L50, F|
|poke|p2|Floette-Eternal, L50, F|
|poke|p2|Whimsicott, L50, F|
|poke|p2|Kingambit, L50, M|
|poke|p2|Garchomp, L50, F|
|poke|p2|Basculegion, L50, M|
|teampreview|4
|showteam|p1|Venusaur||Venusaurite|Chlorophyll|SludgeBomb,EarthPower,Protect,GigaDrain|Timid||M|||50|]Torkoal||SitrusBerry|Drought|HelpingHand,Yawn,Protect,HeatWave|Modest||M|||50|]Pyroar||Pyroarite|Unnerve|HeatWave,Overheat,SolarBeam,Protect|Timid||F|||50|]Farigiraf||ColburBerry|ArmorTail|Psychic,Thunderbolt,Protect,TrickRoom|Bold||M|||50|]Garchomp||LifeOrb|RoughSkin|DragonClaw,RockSlide,StompingTantrum,Protect|Timid||M|||50|]Sylveon||FairyFeather|Pixilate|HyperVoice,Detect,HyperBeam,DrainingKiss|Modest||M|||50|
|showteam|p2|Charizard||CharizarditeY|Blaze|HeatWave,WeatherBall,SolarBeam,Protect|Modest||F|||50|]Floette-Eternal||Floettite|FlowerVeil|DazzlingGleam,Protect,Moonblast,LightofRuin|Modest||F|||50|]Whimsicott||FocusSash|Prankster|Moonblast,Protect,Tailwind,Encore|Timid||F|||50|]Kingambit||ChopleBerry|Defiant|KowtowCleave,SuckerPunch,IronHead,Protect|Adamant||M|||50|]Garchomp||RoseliBerry|RoughSkin|DragonClaw,Earthquake,RockSlide,PoisonJab|Jolly||F|||50|]Basculegion||LifeOrb|Adaptability|WaveCrash,LastRespects,AquaJet,Protect|Adamant||M|||50|
|j| FullCrimp
|j| RiotJuice
|
|t:|1783978554
|teamsize|p1|4
|teamsize|p2|4
|start
|switch|p1a: Pyroar|Pyroar, L50, F, shiny|100/100
|switch|p1b: Torkoal|Torkoal, L50, M|100/100
|switch|p2a: Bascline Junkie|Basculegion, L50, M|100/100
|switch|p2b: Anya Taylor Jambit|Kingambit, L50, M|100/100
|-ability|p1a: Pyroar|Unnerve
|-weather|SunnyDay|[from] ability: Drought|[of] p1b: Torkoal
|turn|1
|inactive|Battle timer is ON: inactive players will automatically lose when time's up. (requested by Miilanz)
|j| FBIsurveillanceman
|inactive|munchie2ff has 60 seconds left.
|
|t:|1783978601
|detailschange|p1a: Pyroar|Pyroar-Mega, L50, F, shiny
|-mega|p1a: Pyroar|Pyroar|Pyroarite
|move|p1a: Pyroar|Protect|p1a: Pyroar
|-singleturn|p1a: Pyroar|Protect
|move|p2a: Bascline Junkie|Protect|p2a: Bascline Junkie
|-singleturn|p2a: Bascline Junkie|Protect
|move|p1b: Torkoal|Protect|p1b: Torkoal
|-singleturn|p1b: Torkoal|Protect
|move|p2b: Anya Taylor Jambit|Kowtow Cleave|p1a: Pyroar
|-activate|p1a: Pyroar|move: Protect
|
|-weather|SunnyDay|[upkeep]
|upkeep
|turn|2
|
|t:|1783978615
|move|p1b: Torkoal|Helping Hand|p1a: Pyroar
|-singleturn|p1a: Pyroar|Helping Hand|[of] p1b: Torkoal
|move|p2a: Bascline Junkie|Aqua Jet|p1a: Pyroar
|-supereffective|p1a: Pyroar|1
|-damage|p1a: Pyroar|61/100
|-damage|p2a: Bascline Junkie|90/100|[from] item: Life Orb
|move|p2b: Anya Taylor Jambit|Sucker Punch|p1a: Pyroar
|-damage|p1a: Pyroar|17/100
|move|p1a: Pyroar|Heat Wave|p2b: Anya Taylor Jambit|[spread] p2a,p2b
|-resisted|p2a: Bascline Junkie|1
|-supereffective|p2b: Anya Taylor Jambit|1
|-damage|p2a: Bascline Junkie|21/100
|-damage|p2b: Anya Taylor Jambit|0 fnt
|-status|p2a: Bascline Junkie|brn
|faint|p2b: Anya Taylor Jambit
|
|-weather|SunnyDay|[upkeep]
|-damage|p2a: Bascline Junkie|15/100 brn|[from] brn
|upkeep
|
|t:|1783978628
|switch|p2b: Jaws 4D|Garchomp, L50, F|100/100
|turn|3
|
|t:|1783978651
|move|p1b: Torkoal|Helping Hand|p1a: Pyroar
|-singleturn|p1a: Pyroar|Helping Hand|[of] p1b: Torkoal
|move|p2a: Bascline Junkie|Protect|p2a: Bascline Junkie
|-singleturn|p2a: Bascline Junkie|Protect
|move|p1a: Pyroar|Overheat|p2b: Jaws 4D
|-resisted|p2b: Jaws 4D|1
|-damage|p2b: Jaws 4D|0 fnt
|-unboost|p1a: Pyroar|spa|2
|faint|p2b: Jaws 4D
|
|-weather|SunnyDay|[upkeep]
|-damage|p2a: Bascline Junkie|9/100 brn|[from] brn
|upkeep
|
|t:|1783978657
|switch|p2b: whether ball?|Charizard, L50, F|100/100
|turn|4
|
|t:|1783978668
|detailschange|p2b: whether ball?|Charizard-Mega-Y, L50, F
|-mega|p2b: whether ball?|Charizard|Charizardite Y
|move|p1a: Pyroar|Protect|p1a: Pyroar
|-singleturn|p1a: Pyroar|Protect
|move|p2b: whether ball?|Heat Wave|p1b: Torkoal|[spread] p1b
|-activate|p1a: Pyroar|move: Protect
|-resisted|p1b: Torkoal|1
|-damage|p1b: Torkoal|55/100
|move|p2a: Bascline Junkie|Wave Crash|p1b: Torkoal
|-supereffective|p1b: Torkoal|1
|-damage|p1b: Torkoal|16/100
|-enditem|p1b: Torkoal|Sitrus Berry|[eat]
|-heal|p1b: Torkoal|41/100|[from] item: Sitrus Berry
|-damage|p2a: Bascline Junkie|0 fnt|[from] Recoil
|faint|p2a: Bascline Junkie
|move|p1b: Torkoal|Heat Wave|p2b: whether ball?
|-resisted|p2b: whether ball?|1
|-damage|p2b: whether ball?|75/100
|
|-weather|SunnyDay|[upkeep]
|upkeep
|turn|5
|
|t:|1783978686
|move|p1b: Torkoal|Helping Hand|p1a: Pyroar
|-singleturn|p1a: Pyroar|Helping Hand|[of] p1b: Torkoal
|move|p1a: Pyroar|Overheat|p2b: whether ball?
|-resisted|p2b: whether ball?|1
|-damage|p2b: whether ball?|27/100
|-unboost|p1a: Pyroar|spa|2
|move|p2b: whether ball?|Heat Wave|p1b: Torkoal|[spread] p1a,p1b
|-resisted|p1a: Pyroar|1
|-resisted|p1b: Torkoal|1
|-damage|p1a: Pyroar|0 fnt
|-damage|p1b: Torkoal|1/100
|faint|p1a: Pyroar
|
|-weather|none
|upkeep
|
|t:|1783978698
|switch|p1a: Sylveon|Sylveon, L50, M|100/100
|turn|6
|
|t:|1783978706
|move|p1b: Torkoal|Helping Hand|p1a: Sylveon
|-singleturn|p1a: Sylveon|Helping Hand|[of] p1b: Torkoal
|move|p2b: whether ball?|Heat Wave|p1a: Sylveon|[spread] p1a,p1b
|-resisted|p1b: Torkoal|1
|-damage|p1a: Sylveon|69/100
|-damage|p1b: Torkoal|0 fnt
|faint|p1b: Torkoal
|move|p1a: Sylveon|Hyper Beam|p2b: whether ball?
|-resisted|p2b: whether ball?|1
|-damage|p2b: whether ball?|0 fnt
|-mustrecharge|p1a: Sylveon
|faint|p2b: whether ball?
|
|win|Miilanz
||munchie2ff is ready for game 2.
|inactive|Miilanz has 30 seconds to confirm battle start!
||Miilanz is ready for game 2.
|uhtml|next|Next: Game 2 of 3
|l| FBIsurveillanceman
|j| FBIsurveillanceman
|j| monsoonisbest
|j| 0hgan
|l| FullCrimp
|l| FBIsurveillanceman
|j| FBIsurveillanceman
|j| 5wamp
|l| monsoonisbest
|l| 5wamp
|l| RiotJuice
|j| 5wamp
