|j|☆New Mental
|j|☆quailfish
|html|New Mentalquailfish    
|uhtml|bestof|Game 1 of a best-of-3
|t:|1783193800
|gametype|doubles
|player|p1|New Mental|volkner|1000
|player|p2|quailfish|2|1014
|gen|9
|tier|[Gen 9 Champions] VGC 2026 Reg M-B (Bo3)
|rated|
|rule|Species Clause: Limit one of each Pokémon
|rule|Item Clause: Limit 1 of each item
|clearpoke
|poke|p1|Aerodactyl, L50, M|
|poke|p1|Garchomp, L50, F|
|poke|p1|Kingambit, L50, M|
|poke|p1|Charizard, L50, M|
|poke|p1|Sylveon, L50, M|
|poke|p1|Farigiraf, L50, F|
|poke|p2|Swampert, L50, M|
|poke|p2|Pelipper, L50, M|
|poke|p2|Incineroar, L50, M|
|poke|p2|Heliolisk, L50, F|
|poke|p2|Skarmory, L50, F|
|poke|p2|Raichu, L50, M|
|teampreview|4
|showteam|p1|Aerodactyl||Aerodactylite|Unnerve|IceFang,RockSlide,Tailwind,DualWingbeat|Jolly||M|||50|]Garchomp||LifeOrb|RoughSkin|DragonClaw,StompingTantrum,Earthquake,Protect|Jolly||F|||50|]Kingambit||FocusSash|Defiant|SuckerPunch,KowtowCleave,IronHead,LowKick|Adamant||M|||50|]Charizard||CharizarditeY|SolarPower|Protect,HeatWave,SolarBeam,WeatherBall|Timid||M|||50|]Sylveon||FairyFeather|Pixilate|Protect,HyperVoice,HyperBeam,QuickAttack|Modest||M|||50|]Farigiraf||SitrusBerry|ArmorTail|TrickRoom,Thunderbolt,Psychic,Roar|Bold||F|||50|
|showteam|p2|Swampert||Swampertite|Torrent|Earthquake,WaveCrash,FlipTurn,Protect|Adamant||M|||50|]Pelipper||FocusSash|Drizzle|Hurricane,Protect,MuddyWater,Tailwind|Modest||M|||50|]Incineroar||Leftovers|Intimidate|FakeOut,Protect,PartingShot,DarkestLariat|Brave||M|||50|]Heliolisk||ChoiceScarf|DrySkin|RainDance,VoltSwitch,ShedTail,Electrify|Timid||F|||50|]Skarmory||Skarmorite|WeakArmor|IronHead,Roost,BraveBird,Taunt|Adamant||F|||50|]Raichu||SitrusBerry|LightningRod|Protect,Nuzzle,FakeOut,VoltSwitch|Timid||M|||50|
|
|t:|1783193829
|teamsize|p1|4
|teamsize|p2|4
|start
|switch|p1a: Sylveon|Sylveon, L50, M|100/100
|switch|p1b: Farigiraf|Farigiraf, L50, F|100/100
|switch|p2a: Swampert|Swampert, L50, M|100/100
|switch|p2b: Heliolisk|Heliolisk, L50, F|100/100
|turn|1
|
|t:|1783193850
|detailschange|p2a: Swampert|Swampert-Mega, L50, M
|-mega|p2a: Swampert|Swampert|Swampertite
|move|p2b: Heliolisk|Volt Switch|p1b: Farigiraf
|-damage|p1b: Farigiraf|74/100
|
|t:|1783193854
|switch|p2b: Pelipper|Pelipper, L50, M|100/100|[from] Volt Switch
|-weather|RainDance|[from] ability: Drizzle|[of] p2b: Pelipper
|move|p2a: Swampert|Earthquake|p1b: Farigiraf|[spread] p1a,p1b
|-immune|p2b: Pelipper
|-damage|p1a: Sylveon|49/100
|-damage|p1b: Farigiraf|38/100
|-enditem|p1b: Farigiraf|Sitrus Berry|[eat]
|-heal|p1b: Farigiraf|63/100|[from] item: Sitrus Berry
|move|p1a: Sylveon|Hyper Voice|p2a: Swampert|[spread] p2a,p2b
|-damage|p2a: Swampert|63/100
|-damage|p2b: Pelipper|14/100
|move|p1b: Farigiraf|Trick Room|p1b: Farigiraf
|-fieldstart|move: Trick Room|[of] p1b: Farigiraf
|
|-weather|RainDance|[upkeep]
|upkeep
|turn|2
|
|t:|1783193902
|switch|p2a: Incineroar|Incineroar, L50, M|100/100
|-ability|p2a: Incineroar|Intimidate|boost
|-unboost|p1a: Sylveon|atk|1
|-unboost|p1b: Farigiraf|atk|1
|move|p2b: Pelipper|Protect|p2b: Pelipper
|-singleturn|p2b: Pelipper|Protect
|move|p1b: Farigiraf|Thunderbolt|p2b: Pelipper
|-activate|p2b: Pelipper|move: Protect
|move|p1a: Sylveon|Hyper Beam|p2a: Incineroar
|-damage|p2a: Incineroar|28/100
|-mustrecharge|p1a: Sylveon
|
|-weather|RainDance|[upkeep]
|-heal|p2a: Incineroar|34/100|[from] item: Leftovers
|upkeep
|turn|3
|
|t:|1783193927
|switch|p2b: Swampert|Swampert-Mega, L50, M|63/100
|move|p2a: Incineroar|Darkest Lariat|p1b: Farigiraf
|-supereffective|p1b: Farigiraf|1
|-damage|p1b: Farigiraf|5/100
|move|p1b: Farigiraf|Psychic|p2b: Swampert
|-damage|p2b: Swampert|35/100
|cant|p1a: Sylveon|recharge
|
|-weather|RainDance|[upkeep]
|-heal|p2a: Incineroar|40/100|[from] item: Leftovers
|upkeep
|turn|4
|
|t:|1783193943
|move|p2a: Incineroar|Protect|p2a: Incineroar
|-singleturn|p2a: Incineroar|Protect
|move|p2b: Swampert|Protect|p2b: Swampert
|-singleturn|p2b: Swampert|Protect
|move|p1b: Farigiraf|Psychic|p2b: Swampert
|-activate|p2b: Swampert|move: Protect
|move|p1a: Sylveon|Hyper Voice|p2a: Incineroar|[spread] 
|-activate|p2a: Incineroar|move: Protect
|-activate|p2b: Swampert|move: Protect
|
|-weather|RainDance|[upkeep]
|-heal|p2a: Incineroar|46/100|[from] item: Leftovers
|upkeep
|turn|5
|
|t:|1783193966
|switch|p2b: Heliolisk|Heliolisk, L50, F|100/100
|move|p2a: Incineroar|Darkest Lariat|p1b: Farigiraf
|-supereffective|p1b: Farigiraf|1
|-damage|p1b: Farigiraf|0 fnt
|faint|p1b: Farigiraf
|move|p1a: Sylveon|Hyper Voice|p2a: Incineroar|[spread] p2a,p2b
|-damage|p2a: Incineroar|8/100
|-damage|p2b: Heliolisk|48/100
|
|-weather|none
|-heal|p2a: Incineroar|14/100|[from] item: Leftovers
|-fieldend|move: Trick Room
|upkeep
|
|t:|1783193977
|switch|p1b: Kingambit|Kingambit, L50, M|100/100
|turn|6
|
|t:|1783194006
|move|p1b: Kingambit|Sucker Punch|p2b: Heliolisk
|-damage|p2b: Heliolisk|0 fnt
|faint|p2b: Heliolisk
|move|p1a: Sylveon|Hyper Voice|p2a: Incineroar
|-damage|p2a: Incineroar|0 fnt
|faint|p2a: Incineroar
|
|upkeep
|
|t:|1783194014
|switch|p2b: Pelipper|Pelipper, L50, M|14/100
|switch|p2a: Swampert|Swampert-Mega, L50, M|35/100
|-weather|RainDance|[from] ability: Drizzle|[of] p2b: Pelipper
|turn|7
|inactive|Battle timer is ON: inactive players will automatically lose when time's up. (requested by New Mental)
|
|t:|1783194027
|move|p1b: Kingambit|Sucker Punch|p2a: Swampert
|-damage|p2a: Swampert|1/100
|move|p1a: Sylveon|Quick Attack|p2b: Pelipper
|-damage|p2b: Pelipper|2/100
|move|p2a: Swampert|Earthquake|p1b: Kingambit|[spread] p1a,p1b
|-immune|p2b: Pelipper
|-supereffective|p1b: Kingambit|1
|-damage|p1a: Sylveon|0 fnt
|-damage|p1b: Kingambit|10/100
|faint|p1a: Sylveon
|move|p2b: Pelipper|Tailwind|p2b: Pelipper
|-sidestart|p2: quailfish|move: Tailwind
|
|-weather|RainDance|[upkeep]
|upkeep
|
|t:|1783194034
|switch|p1a: Charizard|Charizard, L50, M|100/100
|turn|8
|
|t:|1783194046
|detailschange|p1a: Charizard|Charizard-Mega-Y, L50, M
|-mega|p1a: Charizard|Charizard|Charizardite Y
|-weather|SunnyDay|[from] ability: Drought|[of] p1a: Charizard
|move|p2a: Swampert|Protect|p2a: Swampert
|-singleturn|p2a: Swampert|Protect
|move|p1b: Kingambit|Sucker Punch|p2b: Pelipper
|-damage|p2b: Pelipper|0 fnt
|faint|p2b: Pelipper
|move|p1a: Charizard|Heat Wave|p2a: Swampert
|-activate|p2a: Swampert|move: Protect
|
|-weather|SunnyDay|[upkeep]
|upkeep
|turn|9
|
|t:|1783194061
|move|p1b: Kingambit|Sucker Punch|p2a: Swampert
|-damage|p2a: Swampert|0 fnt
|faint|p2a: Swampert
|
|win|New Mental
|l|☆quailfish
|player|p2|
||New Mental is ready for game 2.
||quailfish is ready for game 2.
|uhtml|next|Next: Game 2 of 3
|n|☆New Mental|newmental
