|j|☆randomguy1114s
|j|☆Timothim Chalombre
|html|randomguy1114sTimothim Chalombre    
|uhtml|bestof|Game 2 of a best-of-3
|t:|1756940835
|gametype|doubles
|player|p1|randomguy1114s|lillie-masters|1189
|player|p2|Timothim Chalombre|caitlin|1175
|gen|9
|tier|[Gen 9] VGC 2025 Reg H (Bo3)
|rated|
|rule|Species Clause: Limit one of each Pokémon
|rule|Item Clause: Limit 1 of each item
|clearpoke
|poke|p1|Talonflame, L50, M|
|poke|p1|Garchomp, L50, F|
|poke|p1|Ursaluna-Bloodmoon, L50, M|
|poke|p1|Tyranitar, L50, M|
|poke|p1|Incineroar, L50, M|
|poke|p1|Sinistcha, L50|
|poke|p2|Baxcalibur, L50, F|
|poke|p2|Basculegion, L50, M|
|poke|p2|Arcanine-Hisui, L50, M|
|poke|p2|Rillaboom, L50, M|
|poke|p2|Clefable, L50, M|
|poke|p2|Gholdengo, L50|
|teampreview|4
|showteam|p1|Talonflame||SafetyGoggles|GaleWings|Tailwind,FlareBlitz,BraveBird,WillOWisp|||M|||50|,,,,,Ghost]Garchomp||ClearAmulet|SandVeil|Earthquake,DragonClaw,StompingTantrum,Protect|||F|||50|,,,,,Steel]Ursaluna-Bloodmoon||LifeOrb|MindsEye|BloodMoon,HyperVoice,EarthPower,Protect|||M|||50|,,,,,Normal]Tyranitar||AssaultVest|SandStream|RockSlide,KnockOff,TeraBlast,LowKick|||M|||50|,,,,,Flying]Incineroar||SitrusBerry|Intimidate|FakeOut,KnockOff,Taunt,PartingShot|||M|||50|,,,,,Ghost]Sinistcha||MentalHerb|Hospitality|RagePowder,TrickRoom,MatchaGotcha,Protect||||||50|,,,,,Water
|showteam|p2|Baxcalibur||LoadedDice|ThermalExchange|IcicleSpear,ScaleShot,IceShard,Protect|||F|||50|,,,,,Poison]Basculegion||ChoiceScarf|Adaptability|WaveCrash,LastRespects,AquaJet,FlipTurn|||M|||50|,,,,,Water]Arcanine-Hisui||ClearAmulet|Intimidate|FlareBlitz,RockSlide,ExtremeSpeed,Protect|||M|||50|,,,,,Water]Rillaboom||AssaultVest|GrassySurge|FakeOut,WoodHammer,GrassyGlide,HighHorsepower|||M|||50|,,,,,Fire]Clefable||SitrusBerry|Unaware|Moonblast,FollowMe,ThunderWave,Protect|||M|||50|,,,,,Grass]Gholdengo||GrassySeed|GoodasGold|MakeItRain,ShadowBall,NastyPlot,Protect||||||50|,,,,,Water
|
|t:|1756940870
|teamsize|p1|4
|teamsize|p2|4
|start
|switch|p1a: Midcineroar|Incineroar, L50, M, shiny|100/100
|switch|p1b: SHARKKK|Garchomp, L50, F, shiny|100/100
|switch|p2a: Baxcalibur|Baxcalibur, L50, F|100/100
|switch|p2b: Basculegion|Basculegion, L50, M|100/100
|-ability|p1a: Midcineroar|Intimidate|boost
|-unboost|p2a: Baxcalibur|atk|1
|-unboost|p2b: Basculegion|atk|1
|turn|1
|
|t:|1756940907
|switch|p2a: Arcanine|Arcanine-Hisui, L50, M|100/100
|-ability|p2a: Arcanine|Intimidate|boost
|-unboost|p1a: Midcineroar|atk|1
|-fail|p1b: SHARKKK|unboost|[from] item: Clear Amulet|[of] p1b: SHARKKK
|move|p1a: Midcineroar|Fake Out|p2a: Arcanine
|-resisted|p2a: Arcanine
|-damage|p2a: Arcanine|97/100
|move|p2b: Basculegion|Flip Turn|p1a: Midcineroar
|-supereffective|p1a: Midcineroar
|-damage|p1a: Midcineroar|58/100
|
|t:|1756940917
|switch|p2b: Baxcalibur|Baxcalibur, L50, F|100/100|[from] Flip Turn
|move|p1b: SHARKKK|Dragon Claw|p2a: Arcanine
|-damage|p2a: Arcanine|53/100
|
|upkeep
|turn|2
|
|t:|1756940928
|switch|p2a: Rillaboom|Rillaboom, L50, M|100/100
|-fieldstart|move: Grassy Terrain|[from] ability: Grassy Surge|[of] p2a: Rillaboom
|switch|p1a: BIRDD|Talonflame, L50, M, shiny|100/100
|-terastallize|p1b: SHARKKK|Steel
|move|p2b: Baxcalibur|Protect|p2b: Baxcalibur
|-singleturn|p2b: Baxcalibur|Protect
|move|p1b: SHARKKK|Earthquake|p2b: Baxcalibur|[spread] p2a
|-activate|p2b: Baxcalibur|move: Protect
|-immune|p1a: BIRDD
|-resisted|p2a: Rillaboom
|-damage|p2a: Rillaboom|92/100
|
|-heal|p2a: Rillaboom|98/100|[from] Grassy Terrain
|upkeep
|turn|3
|
|t:|1756940948
|-terastallize|p2b: Baxcalibur|Poison
|move|p2a: Rillaboom|Fake Out|p1a: BIRDD
|-crit|p1a: BIRDD
|-damage|p1a: BIRDD|71/100
|cant|p1a: BIRDD|flinch
|move|p1b: SHARKKK|Dragon Claw|p2b: Baxcalibur
|-damage|p2b: Baxcalibur|59/100
|move|p2b: Baxcalibur|Icicle Spear|p1a: BIRDD
|-damage|p1a: BIRDD|47/100
|-damage|p1a: BIRDD|21/100
|-damage|p1a: BIRDD|0 fnt
|faint|p1a: BIRDD
|-hitcount|p1: BIRDD|3
|
|-heal|p2b: Baxcalibur|66/100|[from] Grassy Terrain
|-heal|p2a: Rillaboom|100/100|[from] Grassy Terrain
|upkeep
|c|☆Timothim Chalombre|imagine i clicked scale shot instead lol
|inactive|Battle timer is ON: inactive players will automatically lose when time's up. (requested by Timothim Chalombre)
|
|t:|1756941007
|switch|p1a: Midcineroar|Incineroar, L50, M, shiny|58/100
|-ability|p1a: Midcineroar|Intimidate|boost
|-unboost|p2a: Rillaboom|atk|1
|-unboost|p2b: Baxcalibur|atk|1
|turn|4
|
|t:|1756941022
|switch|p2a: Basculegion|Basculegion, L50, M|100/100
|move|p1a: Midcineroar|Fake Out|p2a: Basculegion
|-immune|p2a: Basculegion
|move|p1b: SHARKKK|Dragon Claw|p2a: Basculegion
|-damage|p2a: Basculegion|48/100
|move|p2b: Baxcalibur|Scale Shot|p1a: Midcineroar|[miss]
|-miss|p2b: Baxcalibur|p1a: Midcineroar
|
|-heal|p2a: Basculegion|54/100|[from] Grassy Terrain
|-heal|p2b: Baxcalibur|72/100|[from] Grassy Terrain
|-heal|p1a: Midcineroar|64/100|[from] Grassy Terrain
|upkeep
|turn|5
|
|t:|1756941042
|switch|p2b: Rillaboom|Rillaboom, L50, M|100/100
|move|p2a: Basculegion|Flip Turn|p1a: Midcineroar
|-supereffective|p1a: Midcineroar
|-damage|p1a: Midcineroar|0 fnt
|faint|p1a: Midcineroar
|
|t:|1756941054
|switch|p2a: Baxcalibur|Baxcalibur, L50, F, tera:Poison|72/100|[from] Flip Turn
|move|p1b: SHARKKK|Earthquake|p2a: Baxcalibur|[spread] p2a,p2b
|-supereffective|p2a: Baxcalibur
|-resisted|p2b: Rillaboom
|-damage|p2a: Baxcalibur|34/100
|-damage|p2b: Rillaboom|91/100
|
|-heal|p2a: Baxcalibur|41/100|[from] Grassy Terrain
|-heal|p2b: Rillaboom|97/100|[from] Grassy Terrain
|upkeep
|
|t:|1756941060
|switch|p1a: BEARRRRRR|Ursaluna-Bloodmoon, L50, M|100/100
|turn|6
|
|t:|1756941073
|move|p1a: BEARRRRRR|Protect|p1a: BEARRRRRR
|-singleturn|p1a: BEARRRRRR|Protect
|move|p2b: Rillaboom|Fake Out|p1b: SHARKKK
|-resisted|p1b: SHARKKK
|-damage|p1b: SHARKKK|94/100
|cant|p1b: SHARKKK|flinch
|move|p2a: Baxcalibur|Scale Shot|p2b: Rillaboom
|-damage|p2b: Rillaboom|82/100
|-damage|p2b: Rillaboom|66/100
|-damage|p2b: Rillaboom|51/100
|-damage|p2b: Rillaboom|37/100
|-damage|p2b: Rillaboom|20/100
|-hitcount|p2b: Rillaboom|5
|-unboost|p2a: Baxcalibur|def|1
|-boost|p2a: Baxcalibur|spe|1
|
|-heal|p2a: Baxcalibur|47/100|[from] Grassy Terrain
|-heal|p1b: SHARKKK|99/100|[from] Grassy Terrain
|-heal|p2b: Rillaboom|26/100|[from] Grassy Terrain
|-fieldend|move: Grassy Terrain
|upkeep
|turn|7
|inactive|randomguy1114s has 30 seconds left.
|c|☆Timothim Chalombre|now i clicked scale shot
|
|t:|1756941102
|switch|p2b: Arcanine|Arcanine-Hisui, L50, M|53/100
|-ability|p2b: Arcanine|Intimidate|boost
|-unboost|p1a: BEARRRRRR|atk|1
|-fail|p1b: SHARKKK|unboost|[from] item: Clear Amulet|[of] p1b: SHARKKK
|move|p1a: BEARRRRRR|Protect||[still]
|-fail|p1a: BEARRRRRR
|move|p2a: Baxcalibur|Icicle Spear|p1a: BEARRRRRR
|-supereffective|p1a: BEARRRRRR
|-damage|p1a: BEARRRRRR|72/100
|-supereffective|p1a: BEARRRRRR
|-damage|p1a: BEARRRRRR|47/100
|-supereffective|p1a: BEARRRRRR
|-damage|p1a: BEARRRRRR|21/100
|-supereffective|p1a: BEARRRRRR
|-damage|p1a: BEARRRRRR|0 fnt
|faint|p1a: BEARRRRRR
|-hitcount|p1: BEARRRRRR|4
|move|p1b: SHARKKK|Stomping Tantrum|p2a: Baxcalibur
|-supereffective|p2a: Baxcalibur
|-damage|p2a: Baxcalibur|0 fnt
|faint|p2a: Baxcalibur
|
|upkeep
|
|t:|1756941112
|switch|p2a: Rillaboom|Rillaboom, L50, M|26/100
|-fieldstart|move: Grassy Terrain|[from] ability: Grassy Surge|[of] p2a: Rillaboom
|turn|8
|
|t:|1756941126
|move|p1b: SHARKKK|Protect|p1b: SHARKKK
|-singleturn|p1b: SHARKKK|Protect
|move|p2a: Rillaboom|Fake Out|p1b: SHARKKK
|-activate|p1b: SHARKKK|move: Protect
|move|p2b: Arcanine|Flare Blitz|p1b: SHARKKK
|-activate|p1b: SHARKKK|move: Protect
|
|-heal|p1b: SHARKKK|100/100|[from] Grassy Terrain
|-heal|p2b: Arcanine|59/100|[from] Grassy Terrain
|-heal|p2a: Rillaboom|32/100|[from] Grassy Terrain
|upkeep
|turn|9
|
|t:|1756941130
|move|p1b: SHARKKK|Stomping Tantrum|p2b: Arcanine
|-supereffective|p2b: Arcanine
|-damage|p2b: Arcanine|0 fnt
|faint|p2b: Arcanine
|move|p2a: Rillaboom|High Horsepower|p1b: SHARKKK
|-supereffective|p1b: SHARKKK
|-damage|p1b: SHARKKK|39/100
|
|-heal|p1b: SHARKKK|45/100|[from] Grassy Terrain
|-heal|p2a: Rillaboom|38/100|[from] Grassy Terrain
|upkeep
|
|t:|1756941131
|switch|p2b: Basculegion|Basculegion, L50, M|54/100
|turn|10
|
|t:|1756941138
|move|p2b: Basculegion|Last Respects|p1b: SHARKKK
|-damage|p1b: SHARKKK|0 fnt
|faint|p1b: SHARKKK
|
|win|Timothim Chalombre
|raw|randomguy1114s's rating: 1189 → 1163(-26 for losing)
|raw|Timothim Chalombre's rating: 1175 → 1201(+26 for winning)
|l|☆Timothim Chalombre
|player|p2|
