|j|☆tryhard_PS
|j|☆Deharo94vgc
|html|tryhard_PSDeharo94vgc    
|uhtml|bestof|Game 2 of a best-of-3
|t:|1756418670
|gametype|doubles
|player|p1|tryhard_PS|harlequin|1219
|player|p2|Deharo94vgc|lucas|1149
|gen|9
|tier|[Gen 9] VGC 2025 Reg H (Bo3)
|rated|
|rule|Species Clause: Limit one of each Pokémon
|rule|Item Clause: Limit 1 of each item
|clearpoke
|poke|p1|Indeedee-F, L50, F|
|poke|p1|Armarouge, L50, F|
|poke|p1|Annihilape, L50, M|
|poke|p1|Amoonguss, L50, M|
|poke|p1|Torkoal, L50, M|
|poke|p1|Hatterene, L50, F|
|poke|p2|Talonflame, L50, F|
|poke|p2|Sneasler, L50, F|
|poke|p2|Indeedee, L50, M|
|poke|p2|Archaludon, L50, M|
|poke|p2|Sinistcha, L50|
|poke|p2|Pelipper, L50, F|
|teampreview|4
|showteam|p1|Indeedee-F||RockyHelmet|PsychicSurge|FollowMe,TrickRoom,Psychic,HelpingHand|||F|||50|,,,,,Grass]Armarouge||WeaknessPolicy|WeakArmor|ExpandingForce,HeatWave,EnergyBall,Endure|||F|||50|,,,,,Grass]Annihilape||ChoiceScarf|Defiant|FinalGambit,CloseCombat,ShadowClaw,Uturn|||M|||50|,,,,,Dark]Amoonguss||SitrusBerry|Regenerator|Spore,RagePowder,ClearSmog,FoulPlay|||M|||50|,,,,,Dark]Torkoal||Charcoal|Drought|Eruption,Flamethrower,Yawn,Protect|||M|||50|,,,,,Fire]Hatterene||LifeOrb|MagicBounce|ExpandingForce,DazzlingGleam,TeraBlast,TrickRoom|||F|||50|,,,,,Steel
|showteam|p2|Talonflame||CovertCloak|GaleWings|BraveBird,WillOWisp,Tailwind,Taunt|||F|||50|,,,,,Ghost]Sneasler||PsychicSeed|Unburden|DireClaw,ThroatChop,CloseCombat,Protect|||F|||50|,,,,,Dark]Indeedee||ChoiceSpecs|PsychicSurge|ExpandingForce,DazzlingGleam,ShadowBall,TeraBlast|||M|||50|,,,,,Fighting]Archaludon||AssaultVest|Stamina|DracoMeteor,ElectroShot,Snarl,BodyPress|||M|||50|,,,,,Bug]Sinistcha||SitrusBerry|Hospitality|MatchaGotcha,RagePowder,LifeDew,Protect||||||50|,,,,,Water]Pelipper||FocusSash|Drizzle|Hurricane,MuddyWater,WideGuard,Protect|||F|||50|,,,,,Ghost
|inactive|Battle timer is ON: inactive players will automatically lose when time's up. (requested by Deharo94vgc)
|inactive|tryhard_PS also wants the timer to be on.
|
|t:|1756418682
|teamsize|p1|4
|teamsize|p2|4
|start
|switch|p1a: Armarouge|Armarouge, L50, F|100/100
|switch|p1b: Annihilape|Annihilape, L50, M|100/100
|switch|p2a: Indeedee|Indeedee, L50, M|100/100
|switch|p2b: Pelipper|Pelipper, L50, F|100/100
|-fieldstart|move: Psychic Terrain|[from] ability: Psychic Surge|[of] p2a: Indeedee
|-weather|RainDance|[from] ability: Drizzle|[of] p2b: Pelipper
|turn|1
|
|t:|1756418700
|-terastallize|p1a: Armarouge|Grass
|move|p1b: Annihilape|U-turn|p1a: Armarouge
|-supereffective|p1a: Armarouge
|-damage|p1a: Armarouge|61/100
|-ability|p1a: Armarouge|Weak Armor|boost
|-unboost|p1a: Armarouge|def|1
|-boost|p1a: Armarouge|spe|2
|-enditem|p1a: Armarouge|Weakness Policy
|-boost|p1a: Armarouge|atk|2|[from] item: Weakness Policy
|-boost|p1a: Armarouge|spa|2|[from] item: Weakness Policy
|
|t:|1756418708
|switch|p1b: Torkoal|Torkoal, L50, M|100/100|[from] U-turn
|-weather|SunnyDay|[from] ability: Drought|[of] p1b: Torkoal
|move|p1a: Armarouge|Energy Ball|p2a: Indeedee
|-damage|p2a: Indeedee|0 fnt
|faint|p2a: Indeedee
|move|p2b: Pelipper|Muddy Water|p1a: Armarouge|[spread] p1a,p1b
|-resisted|p1a: Armarouge
|-supereffective|p1b: Torkoal
|-damage|p1a: Armarouge|51/100
|-damage|p1b: Torkoal|65/100
|-unboost|p1b: Torkoal|accuracy|1
|
|-weather|SunnyDay|[upkeep]
|upkeep
|
|t:|1756418716
|switch|p2a: Archaludon|Archaludon, L50, M|100/100
|turn|2
|
|t:|1756418739
|move|p2b: Pelipper|Wide Guard|p2b: Pelipper
|-singleturn|p2b: Pelipper|Wide Guard
|move|p1a: Armarouge|Heat Wave|p2a: Archaludon|[spread] 
|-activate|p2a: Archaludon|move: Wide Guard
|-activate|p2b: Pelipper|move: Wide Guard
|move|p2a: Archaludon|Snarl|p1b: Torkoal|[spread] p1a,p1b
|-damage|p1a: Armarouge|33/100
|-damage|p1b: Torkoal|48/100
|-unboost|p1a: Armarouge|spa|1
|-unboost|p1b: Torkoal|spa|1
|move|p1b: Torkoal|Yawn|p2a: Archaludon
|-start|p2a: Archaludon|move: Yawn|[of] p1b: Torkoal
|
|-weather|SunnyDay|[upkeep]
|upkeep
|turn|3
|
|t:|1756418763
|switch|p2a: Sinistcha|Sinistcha, L50|100/100
|move|p1a: Armarouge|Energy Ball|p2b: Pelipper
|-enditem|p2b: Pelipper|Focus Sash
|-damage|p2b: Pelipper|1/100
|move|p2b: Pelipper|Muddy Water|p1b: Torkoal|[spread] p1a,p1b
|-resisted|p1a: Armarouge
|-supereffective|p1b: Torkoal
|-damage|p1a: Armarouge|23/100
|-damage|p1b: Torkoal|7/100
|move|p1b: Torkoal|Flamethrower|p2b: Pelipper
|-resisted|p2b: Pelipper
|-damage|p2b: Pelipper|0 fnt
|faint|p2b: Pelipper
|
|-weather|SunnyDay|[upkeep]
|upkeep
|
|t:|1756418776
|switch|p2b: Archaludon|Archaludon, L50, M|100/100
|turn|4
|
|t:|1756418790
|switch|p1b: Indeedee|Indeedee-F, L50, F|100/100
|-terastallize|p2a: Sinistcha|Water
|move|p1a: Armarouge|Expanding Force|p2a: Sinistcha|[spread] p2a,p2b
|-resisted|p2b: Archaludon
|-damage|p2a: Sinistcha|0 fnt
|-damage|p2b: Archaludon|61/100
|-ability|p2b: Archaludon|Stamina|boost
|-boost|p2b: Archaludon|def|1
|faint|p2a: Sinistcha
|move|p2b: Archaludon|Snarl|p1a: Armarouge|[spread] p1a,p1b
|-supereffective|p1b: Indeedee
|-damage|p1a: Armarouge|7/100
|-damage|p1b: Indeedee|73/100
|-unboost|p1a: Armarouge|spa|1
|-unboost|p1b: Indeedee|spa|1
|
|-weather|SunnyDay|[upkeep]
|upkeep
|turn|5
|
|t:|1756418805
|move|p1a: Armarouge|Heat Wave|p2b: Archaludon
|-damage|p2b: Archaludon|0 fnt
|faint|p2b: Archaludon
|
|win|tryhard_PS
|raw|tryhard_PS's rating: 1219 → 1239(+20 for winning)
|raw|Deharo94vgc's rating: 1149 → 1129(-20 for losing)
|c|☆tryhard_PS|GG
|l|☆tryhard_PS
|player|p1|
