|j|☆PumitaNike
|j|☆Bolsa_25
|html|PumitaNikeBolsa_25    
|uhtml|bestof|Game 2 of a best-of-3
|t:|1757088386
|gametype|doubles
|player|p1|PumitaNike|1|1056
|player|p2|Bolsa_25|psychicf|1000
|gen|9
|tier|[Gen 9] VGC 2025 Reg H (Bo3)
|rated|
|rule|Species Clause: Limit one of each Pokémon
|rule|Item Clause: Limit 1 of each item
|clearpoke
|poke|p1|Arcanine-Hisui, L50, M|
|poke|p1|Corviknight, L50, F|
|poke|p1|Electabuzz, L50, M|
|poke|p1|Gastrodon-East, L50, M|
|poke|p1|Rillaboom, L50, F|
|poke|p1|Sneasler, L50, F|
|poke|p2|Gholdengo, L50|
|poke|p2|Magmar, L50, M|
|poke|p2|Dragonite, L50, M|
|poke|p2|Rillaboom, L50, M|
|poke|p2|Annihilape, L50, M|
|poke|p2|Sylveon, L50, F|
|teampreview|4
|showteam|p1|Arcanine-Hisui||ClearAmulet|Intimidate|FlareBlitz,RockSlide,ExtremeSpeed,Protect|||M|||50|,,,,,Ghost]Corviknight||GrassySeed|MirrorArmor|BraveBird,PowerTrip,BulkUp,Roost|||F|||50|,,,,,Dragon]Electabuzz||Eviolite|VitalSpirit|Thunderbolt,Taunt,FollowMe,Protect|||M|||50|,,,,,Ghost]Gastrodon-East||Leftovers|StormDrain|EarthPower,IceBeam,Yawn,Protect|||M|||50|,,,,,Fire]Rillaboom||AssaultVest|GrassySurge|GrassyGlide,WoodHammer,FakeOut,HighHorsepower|||F|||50|,,,,,Fire]Sneasler||FocusSash|Unburden|ThroatChop,FakeOut,CloseCombat,DireClaw|||F|||50|,,,,,Dark
|showteam|p2|Gholdengo||LifeOrb|GoodasGold|Protect,NastyPlot,MakeItRain,ShadowBall||||||50|,,,,,Water]Magmar||Eviolite|VitalSpirit|Taunt,WillOWisp,FollowMe,HeatWave|||M|||50|,,,,,Ghost]Dragonite||LoadedDice|Multiscale|Protect,Haze,Tailwind,ScaleShot|||M|||50|,,,,,Fairy]Rillaboom||AssaultVest|GrassySurge|FakeOut,GrassyGlide,WoodHammer,HighHorsepower|||M|||50|,,,,,Fire]Annihilape||SafetyGoggles|Defiant|Protect,BulkUp,RageFist,DrainPunch|||M|||50|,,,,,Steel]Sylveon||ThroatSpray|Pixilate|TeraBlast,HyperBeam,Protect,BabyDollEyes|||F|||50|,,,,,Water
|inactive|Battle timer is ON: inactive players will automatically lose when time's up. (requested by Bolsa_25)
|
|t:|1757088411
|teamsize|p1|4
|teamsize|p2|4
|start
|switch|p1a: Arcanine|Arcanine-Hisui, L50, M|100/100
|switch|p1b: Electabuzz|Electabuzz, L50, M|100/100
|switch|p2a: Magmar|Magmar, L50, M|100/100
|switch|p2b: Dragonite|Dragonite, L50, M|100/100
|-ability|p1a: Arcanine|Intimidate|boost
|-unboost|p2a: Magmar|atk|1
|-unboost|p2b: Dragonite|atk|1
|turn|1
|
|t:|1757088434
|switch|p2a: Annihilape|Annihilape, L50, M|100/100
|move|p1b: Electabuzz|Taunt|p2a: Annihilape
|-start|p2a: Annihilape|move: Taunt
|move|p2b: Dragonite|Scale Shot|p1b: Electabuzz
|-damage|p1b: Electabuzz|92/100
|-damage|p1b: Electabuzz|83/100
|-damage|p1b: Electabuzz|74/100
|-damage|p1b: Electabuzz|66/100
|-hitcount|p1b: Electabuzz|4
|-unboost|p2b: Dragonite|def|1
|-boost|p2b: Dragonite|spe|1
|move|p1a: Arcanine|Rock Slide|p2b: Dragonite|[spread] p2a,p2b
|-resisted|p2a: Annihilape
|-supereffective|p2b: Dragonite
|-damage|p2a: Annihilape|86/100
|-damage|p2b: Dragonite|51/100
|
|upkeep
|turn|2
|
|t:|1757088456
|move|p1b: Electabuzz|Follow Me|p1b: Electabuzz
|-singleturn|p1b: Electabuzz|move: Follow Me
|move|p2b: Dragonite|Tailwind|p2b: Dragonite
|-sidestart|p2: Bolsa_25|move: Tailwind
|move|p2a: Annihilape|Rage Fist|p1b: Electabuzz
|-crit|p1b: Electabuzz
|-damage|p1b: Electabuzz|3/100
|move|p1a: Arcanine|Flare Blitz|p2a: Annihilape
|-damage|p2a: Annihilape|27/100
|-damage|p1a: Arcanine|78/100|[from] Recoil
|
|upkeep
|turn|3
|
|t:|1757088480
|move|p1a: Arcanine|Protect|p1a: Arcanine
|-singleturn|p1a: Arcanine|Protect
|move|p2b: Dragonite|Scale Shot|p1b: Electabuzz
|-damage|p1b: Electabuzz|0 fnt
|faint|p1b: Electabuzz
|-hitcount|p1: Electabuzz|1
|-unboost|p2b: Dragonite|def|1
|-boost|p2b: Dragonite|spe|1
|move|p2a: Annihilape|Rage Fist|p1a: Arcanine
|-activate|p1a: Arcanine|move: Protect
|
|-end|p2a: Annihilape|move: Taunt
|upkeep
|
|t:|1757088496
|switch|p1b: Rillaboom|Rillaboom, L50, F|100/100
|-fieldstart|move: Grassy Terrain|[from] ability: Grassy Surge|[of] p1b: Rillaboom
|turn|4
|
|t:|1757088507
|move|p2b: Dragonite|Protect|p2b: Dragonite
|-singleturn|p2b: Dragonite|Protect
|move|p2a: Annihilape|Protect|p2a: Annihilape
|-singleturn|p2a: Annihilape|Protect
|move|p1b: Rillaboom|Grassy Glide|p2a: Annihilape
|-activate|p2a: Annihilape|move: Protect
|move|p1a: Arcanine|Rock Slide|p2a: Annihilape|[spread] 
|-activate|p2a: Annihilape|move: Protect
|-activate|p2b: Dragonite|move: Protect
|
|-heal|p2a: Annihilape|33/100|[from] Grassy Terrain
|-heal|p1a: Arcanine|84/100|[from] Grassy Terrain
|upkeep
|turn|5
|
|t:|1757088523
|-terastallize|p2a: Annihilape|Steel
|move|p2b: Dragonite|Scale Shot|p1b: Rillaboom
|-crit|p1b: Rillaboom
|-damage|p1b: Rillaboom|80/100
|-damage|p1b: Rillaboom|72/100
|-damage|p1b: Rillaboom|65/100
|-damage|p1b: Rillaboom|56/100
|-hitcount|p1b: Rillaboom|4
|-unboost|p2b: Dragonite|def|1
|-boost|p2b: Dragonite|spe|1
|move|p2a: Annihilape|Rage Fist|p1a: Arcanine
|-damage|p1a: Arcanine|12/100
|move|p1a: Arcanine|Rock Slide|p2a: Annihilape|[spread] p2a,p2b
|-resisted|p2a: Annihilape
|-supereffective|p2b: Dragonite
|-damage|p2a: Annihilape|19/100
|-damage|p2b: Dragonite|0 fnt
|faint|p2b: Dragonite
|move|p1b: Rillaboom|High Horsepower|p2a: Annihilape|[miss]
|-miss|p1b: Rillaboom|p2a: Annihilape
|
|-heal|p2a: Annihilape|25/100|[from] Grassy Terrain
|-heal|p1a: Arcanine|18/100|[from] Grassy Terrain
|-heal|p1b: Rillaboom|62/100|[from] Grassy Terrain
|-sideend|p2: Bolsa_25|move: Tailwind
|upkeep
|inactive|Bolsa_25 has 30 seconds left.
|inactive|Bolsa_25 has 20 seconds left.
|
|t:|1757088558
|switch|p2b: Magmar|Magmar, L50, M|100/100
|turn|6
|
|t:|1757088576
|move|p2a: Annihilape|Protect|p2a: Annihilape
|-singleturn|p2a: Annihilape|Protect
|move|p1a: Arcanine|Rock Slide|p2a: Annihilape|[spread] 
|-activate|p2a: Annihilape|move: Protect
|-miss|p1a: Arcanine|p2b: Magmar
|move|p2b: Magmar|Heat Wave|p1b: Rillaboom|[spread] p1a,p1b
|-resisted|p1a: Arcanine
|-supereffective|p1b: Rillaboom
|-damage|p1a: Arcanine|10/100
|-damage|p1b: Rillaboom|27/100
|move|p1b: Rillaboom|High Horsepower|p2a: Annihilape
|-activate|p2a: Annihilape|move: Protect
|
|-heal|p1a: Arcanine|16/100|[from] Grassy Terrain
|-heal|p2a: Annihilape|31/100|[from] Grassy Terrain
|-heal|p1b: Rillaboom|33/100|[from] Grassy Terrain
|upkeep
|turn|7
|
|t:|1757088590
|move|p2b: Magmar|Follow Me|p2b: Magmar
|-singleturn|p2b: Magmar|move: Follow Me
|move|p1a: Arcanine|Rock Slide|p2a: Annihilape|[spread] p2a,p2b
|-resisted|p2a: Annihilape
|-supereffective|p2b: Magmar
|-damage|p2a: Annihilape|17/100
|-damage|p2b: Magmar|52/100
|cant|p2a: Annihilape|flinch
|move|p1b: Rillaboom|High Horsepower|p2b: Magmar
|-supereffective|p2b: Magmar
|-damage|p2b: Magmar|0 fnt
|faint|p2b: Magmar
|
|-heal|p1a: Arcanine|22/100|[from] Grassy Terrain
|-heal|p2a: Annihilape|23/100|[from] Grassy Terrain
|-heal|p1b: Rillaboom|39/100|[from] Grassy Terrain
|upkeep
|
|t:|1757088593
|switch|p2b: Gholdengo|Gholdengo, L50|100/100
|turn|8
|inactive|PumitaNike has 30 seconds left.
|
|t:|1757088623
|-terastallize|p1b: Rillaboom|Fire
|move|p2b: Gholdengo|Make It Rain|p1a: Arcanine|[spread] p1a,p1b
|-resisted|p1b: Rillaboom
|-damage|p1a: Arcanine|0 fnt
|-damage|p1b: Rillaboom|18/100
|-unboost|p2b: Gholdengo|spa|1
|faint|p1a: Arcanine
|-damage|p2b: Gholdengo|91/100|[from] item: Life Orb
|move|p2a: Annihilape|Drain Punch|p1b: Rillaboom
|-damage|p1b: Rillaboom|0 fnt
|-heal|p2a: Annihilape|33/100|[from] drain|[of] p1b: Rillaboom
|faint|p1b: Rillaboom
|
|-heal|p2b: Gholdengo|97/100|[from] Grassy Terrain
|-heal|p2a: Annihilape|39/100|[from] Grassy Terrain
|-fieldend|move: Grassy Terrain
|upkeep
|
|t:|1757088642
|switch|p1b: Corviknight|Corviknight, L50, F|100/100
|turn|9
|
|t:|1757088648
|move|p2b: Gholdengo|Nasty Plot|p2b: Gholdengo
|-boost|p2b: Gholdengo|spa|2
|move|p2a: Annihilape|Bulk Up|p2a: Annihilape
|-boost|p2a: Annihilape|atk|1
|-boost|p2a: Annihilape|def|1
|move|p1b: Corviknight|Bulk Up|p1b: Corviknight
|-boost|p1b: Corviknight|atk|1
|-boost|p1b: Corviknight|def|1
|
|upkeep
|turn|10
|
|t:|1757088653
|move|p2b: Gholdengo|Shadow Ball|p1b: Corviknight
|-damage|p1b: Corviknight|31/100
|-damage|p2b: Gholdengo|87/100|[from] item: Life Orb
|move|p2a: Annihilape|Rage Fist|p1b: Corviknight
|-damage|p1b: Corviknight|0 fnt
|faint|p1b: Corviknight
|
|win|Bolsa_25
||Bolsa_25 is ready for game 3.
||PumitaNike is ready for game 3.
|uhtml|next|Next: Game 3 of 3
|l|☆PumitaNike
|player|p1|
