|j|☆INKevin
|j|☆VenuDaAscoInRain
|html|INKevinVenuDaAscoInRain    
|uhtml|bestof|Game 1 of a best-of-3
|t:|1783282285
|gametype|doubles
|player|p1|INKevin|2|1163
|player|p2|VenuDaAscoInRain|li|1263
|gen|9
|tier|[Gen 9 Champions] VGC 2026 Reg M-B (Bo3)
|rated|
|rule|Species Clause: Limit one of each Pokémon
|rule|Item Clause: Limit 1 of each item
|clearpoke
|poke|p1|Blaziken, L50, F, shiny|
|poke|p1|Ninetales-Alola, L50, F, shiny|
|poke|p1|Aerodactyl, L50, F, shiny|
|poke|p1|Sylveon, L50, M, shiny|
|poke|p1|Garchomp, L50, M|
|poke|p1|Sinistcha, L50|
|poke|p2|Charizard, L50, M, shiny|
|poke|p2|Farigiraf, L50, M, shiny|
|poke|p2|Kingambit, L50, M, shiny|
|poke|p2|Sylveon, L50, M, shiny|
|poke|p2|Aerodactyl, L50, M, shiny|
|poke|p2|Garchomp, L50, M, shiny|
|teampreview|4
|showteam|p1|Blaziken||Blazikenite|SpeedBoost|CloseCombat,FlareBlitz,RockSlide,Protect|Adamant||F|||50|]Ninetales-Alola||NeverMeltIce|SnowWarning|Blizzard,Protect,FreezeDry,AuroraVeil|Timid||F|||50|]Aerodactyl||Aerodactylite|RockHead|RockSlide,Tailwind,DualWingbeat,Protect|Jolly||F|||50|]Sylveon||FairyFeather|Pixilate|HyperVoice,QuickAttack,HyperBeam,Protect|Modest||M|||50|]Garchomp||LifeOrb|RoughSkin|DragonClaw,Protect,Earthquake,RockSlide|Jolly||M|||50|]Sinistcha||KasibBerry|Hospitality|MatchaGotcha,RagePowder,Protect,TrickRoom|Bold|||||50|
|showteam|p2|Charizard||CharizarditeY|SolarPower|Protect,WeatherBall,HeatWave,SolarBeam|Modest||M|||50|]Farigiraf||ExpertBelt|ArmorTail|HelpingHand,TwinBeam,Thunderbolt,TrickRoom|Bold||M|||50|]Kingambit||FocusSash|Defiant|KowtowCleave,SuckerPunch,IronHead,LowKick|Adamant||M|||50|]Sylveon||FairyFeather|Pixilate|Detect,HyperVoice,HyperBeam,QuickAttack|Modest||M|||50|]Aerodactyl||Aerodactylite|Unnerve|IceFang,RockSlide,DualWingbeat,Tailwind|Jolly||M|||50|]Garchomp||LifeOrb|RoughSkin|Protect,RockSlide,DragonClaw,Earthquake|Adamant||M|||50|
|inactive|Battle timer is ON: inactive players will automatically lose when time's up. (requested by VenuDaAscoInRain)
|inactive|INKevin also wants the timer to be on.
|inactive|INKevin has 60 seconds left.
|inactive|VenuDaAscoInRain has 60 seconds left.
|inactive|INKevin has 30 seconds left.
|
|t:|1783282351
|teamsize|p1|4
|teamsize|p2|4
|start
|switch|p1a: Garchomp|Garchomp, L50, M|100/100
|switch|p1b: Blaziken|Blaziken, L50, F, shiny|100/100
|switch|p2a: Aerodactyl|Aerodactyl, L50, M, shiny|100/100
|switch|p2b: Kingambit|Kingambit, L50, M, shiny|100/100
|-ability|p2a: Aerodactyl|Unnerve
|turn|1
|
|t:|1783282374
|switch|p2b: Farigiraf|Farigiraf, L50, M, shiny|100/100
|detailschange|p2a: Aerodactyl|Aerodactyl-Mega, L50, M, shiny
|-mega|p2a: Aerodactyl|Aerodactyl|Aerodactylite
|detailschange|p1b: Blaziken|Blaziken-Mega, L50, F, shiny
|-mega|p1b: Blaziken|Blaziken|Blazikenite
|move|p1b: Blaziken|Protect|p1b: Blaziken
|-singleturn|p1b: Blaziken|Protect
|move|p2a: Aerodactyl|Ice Fang|p1a: Garchomp
|-supereffective|p1a: Garchomp|2
|-damage|p1a: Garchomp|0 fnt
|-damage|p2a: Aerodactyl|87/100|[from] ability: Rough Skin|[of] p1a: Garchomp
|faint|p1a: Garchomp
|
|-ability|p1b: Blaziken|Speed Boost|boost
|-boost|p1b: Blaziken|spe|1
|upkeep
|
|t:|1783282398
|switch|p1a: Ninetales|Ninetales-Alola, L50, F, shiny|100/100
|-weather|Snowscape|[from] ability: Snow Warning|[of] p1a: Ninetales
|turn|2
|inactive|INKevin has 30 seconds left.
|inactive|VenuDaAscoInRain has 30 seconds left.
|inactive|INKevin has 20 seconds left.
|inactive|INKevin has 15 seconds left.
|inactive|VenuDaAscoInRain has 20 seconds left.
|
|t:|1783282444
|move|p1b: Blaziken|Rock Slide|p2a: Aerodactyl|[spread] p2a,p2b
|-supereffective|p2a: Aerodactyl|1
|-damage|p2a: Aerodactyl|28/100
|-damage|p2b: Farigiraf|80/100
|move|p2a: Aerodactyl|Dual Wingbeat|p1b: Blaziken
|-supereffective|p1b: Blaziken|1
|-damage|p1b: Blaziken|31/100
|-supereffective|p1b: Blaziken|1
|-damage|p1b: Blaziken|0 fnt
|faint|p1b: Blaziken
|-hitcount|p1: Blaziken|2
|move|p1a: Ninetales|Aurora Veil|p1a: Ninetales
|-sidestart|p1: INKevin|move: Aurora Veil
|move|p2b: Farigiraf|Trick Room|p2b: Farigiraf
|-fieldstart|move: Trick Room|[of] p2b: Farigiraf
|
|-weather|Snowscape|[upkeep]
|upkeep
|
|t:|1783282453
|switch|p1b: Aerodactyl|Aerodactyl, L50, F, shiny|100/100
|turn|3
|
|t:|1783282459
|move|p2b: Farigiraf|Thunderbolt|p1b: Aerodactyl
|-supereffective|p1b: Aerodactyl|1
|-damage|p1b: Aerodactyl|55/100
|move|p1a: Ninetales|Blizzard|p2b: Farigiraf|[spread] p2a,p2b
|-supereffective|p2a: Aerodactyl|1
|-damage|p2a: Aerodactyl|0 fnt
|-damage|p2b: Farigiraf|42/100
|faint|p2a: Aerodactyl
|move|p1b: Aerodactyl|Rock Slide|p2b: Farigiraf
|-damage|p2b: Farigiraf|18/100
|
|-weather|Snowscape|[upkeep]
|upkeep
|
|t:|1783282464
|switch|p2a: Kingambit|Kingambit, L50, M, shiny|100/100
|turn|4
|
|t:|1783282478
|move|p1a: Ninetales|Protect|p1a: Ninetales
|-singleturn|p1a: Ninetales|Protect
|move|p1b: Aerodactyl|Protect|p1b: Aerodactyl
|-singleturn|p1b: Aerodactyl|Protect
|move|p2b: Farigiraf|Thunderbolt|p1b: Aerodactyl
|-activate|p1b: Aerodactyl|move: Protect
|move|p2a: Kingambit|Iron Head|p1a: Ninetales
|-activate|p1a: Ninetales|move: Protect
|
|-weather|Snowscape|[upkeep]
|upkeep
|turn|5
|inactive|VenuDaAscoInRain has 30 seconds left.
|inactive|VenuDaAscoInRain has 20 seconds left.
|
|t:|1783282514
|move|p2b: Farigiraf|Thunderbolt|p1b: Aerodactyl
|-supereffective|p1b: Aerodactyl|1
|-damage|p1b: Aerodactyl|7/100
|move|p2a: Kingambit|Iron Head|p1a: Ninetales
|-supereffective|p1a: Ninetales|2
|-damage|p1a: Ninetales|0 fnt
|faint|p1a: Ninetales
|move|p1b: Aerodactyl|Dual Wingbeat|p2a: Kingambit
|-resisted|p2a: Kingambit|1
|-damage|p2a: Kingambit|93/100
|-resisted|p2a: Kingambit|1
|-damage|p2a: Kingambit|87/100
|-hitcount|p2a: Kingambit|2
|
|-weather|Snowscape|[upkeep]
|upkeep
|turn|6
|
|t:|1783282526
|move|p2a: Kingambit|Sucker Punch|p1b: Aerodactyl
|-damage|p1b: Aerodactyl|0 fnt
|faint|p1b: Aerodactyl
|
|win|VenuDaAscoInRain
