|j|☆aborbra
|j|☆Tajinvgc2
|html|aborbraTajinvgc2    
|uhtml|bestof|Game 1 of a best-of-3
|t:|1783825360
|gametype|doubles
|player|p1|aborbra|wallace|1020
|player|p2|Tajinvgc2|265|1000
|gen|9
|tier|[Gen 9 Champions] VGC 2026 Reg M-B (Bo3)
|rated|
|rule|Species Clause: Limit one of each Pokémon
|rule|Item Clause: Limit 1 of each item
|clearpoke
|poke|p1|Malamar, L50, F, shiny|
|poke|p1|Overqwil, L50, M, shiny|
|poke|p1|Klefki, L50, F, shiny|
|poke|p1|Delphox, L50, F, shiny|
|poke|p1|Ceruledge, L50, M, shiny|
|poke|p1|Meowstic, L50, M, shiny|
|poke|p2|Charizard, L50, M, shiny|
|poke|p2|Kingambit, L50, F, shiny|
|poke|p2|Sylveon, L50, M, shiny|
|poke|p2|Garchomp, L50, F, shiny|
|poke|p2|Aerodactyl, L50, M|
|poke|p2|Farigiraf, L50, M, shiny|
|teampreview|4
|showteam|p1|Malamar||Malamarite|Contrary|PsychUp,TopsyTurvy,Superpower,NightSlash|Careful||F|||50|]Overqwil||Leftovers|PoisonPoint|Stockpile,Minimize,BarbBarrage,FellStinger|Jolly||M|||50|]Klefki||OccaBerry|Prankster|PsychUp,Spikes,DazzlingGleam,FoulPlay|Bold||F|||50|]Delphox||Delphoxite|Blaze|PsychUp,Substitute,HeatWave,StoredPower|Timid||F|||50|]Ceruledge||FocusSash|FlashFire|PsychUp,BitterBlade,Poltergeist,XScissor|Jolly||M|||50|]Meowstic|||Prankster|SkillSwap,PsychUp,ShadowBall,StoredPower|Timid||M|||50|
|showteam|p2|Charizard||CharizarditeY|SolarPower|HeatWave,WeatherBall,SolarBeam,Protect|Modest||M|||50|]Kingambit||FocusSash|Defiant|IronHead,SuckerPunch,KowtowCleave,LowKick|Adamant||F|||50|]Sylveon||FairyFeather|Pixilate|Detect,HyperVoice,HyperBeam,QuickAttack|Modest||M|||50|]Garchomp||LifeOrb|RoughSkin|Protect,DragonClaw,Earthquake,StompingTantrum|Jolly||F|||50|]Aerodactyl||Aerodactylite|Unnerve|RockSlide,Tailwind,DualWingbeat,IceFang|Jolly||M|||50|]Farigiraf||SitrusBerry|ArmorTail|TrickRoom,Psychic,Thunderbolt,Protect|Bold||M|||50|
|inactive|Battle timer is ON: inactive players will automatically lose when time's up. (requested by Tajinvgc2)
|inactive|aborbra has 60 seconds left.
|inactive|Tajinvgc2 has 60 seconds left.
|inactive|Tajinvgc2 has 30 seconds left.
|inactive|Tajinvgc2 has 20 seconds left.
|inactive|Tajinvgc2 has 15 seconds left.
|
|t:|1783825446
|teamsize|p1|4
|teamsize|p2|4
|start
|switch|p1a: Overqwil|Overqwil, L50, M, shiny|100/100
|switch|p1b: Meowstic|Meowstic, L50, M, shiny|100/100
|switch|p2a: Kingambit|Kingambit, L50, F, shiny|100/100
|switch|p2b: Aerodactyl|Aerodactyl, L50, M|100/100
|-ability|p2b: Aerodactyl|Unnerve
|turn|1
|inactive|Tajinvgc2 has 30 seconds left.
|inactive|Tajinvgc2 has 20 seconds left.
|inactive|Tajinvgc2 has 15 seconds left.
|inactive|Tajinvgc2 has 10 seconds left.
|
|t:|1783825491
|detailschange|p2b: Aerodactyl|Aerodactyl-Mega, L50, M
|-mega|p2b: Aerodactyl|Aerodactyl|Aerodactylite
|move|p1b: Meowstic|Skill Swap|p1a: Overqwil
|-activate|p1b: Meowstic|Skill Swap|||[of] p1a: Overqwil
|move|p1a: Overqwil|Minimize|p1a: Overqwil
|-boost|p1a: Overqwil|evasion|2
|move|p2b: Aerodactyl|Tailwind|p2b: Aerodactyl
|-sidestart|p2: Tajinvgc2|move: Tailwind
|move|p2a: Kingambit|Kowtow Cleave|p1b: Meowstic
|-supereffective|p1b: Meowstic|1
|-damage|p1b: Meowstic|0 fnt
|faint|p1b: Meowstic
|
|upkeep
|
|t:|1783825510
|switch|p1b: Delphox|Delphox, L50, F, shiny|100/100
|turn|2
|
|t:|1783825532
|detailschange|p1b: Delphox|Delphox-Mega, L50, F, shiny
|-mega|p1b: Delphox|Delphox|Delphoxite
|move|p1a: Overqwil|Minimize|p1a: Overqwil
|-boost|p1a: Overqwil|evasion|2
|move|p2b: Aerodactyl|Rock Slide|p1a: Overqwil|[spread] p1b
|-miss|p2b: Aerodactyl|p1a: Overqwil
|-supereffective|p1b: Delphox|1
|-damage|p1b: Delphox|19/100
|cant|p1b: Delphox|flinch
|move|p2a: Kingambit|Kowtow Cleave|p1b: Delphox
|-supereffective|p1b: Delphox|1
|-damage|p1b: Delphox|0 fnt
|faint|p1b: Delphox
|
|upkeep
|
|t:|1783825548
|switch|p1b: Malamar|Malamar, L50, F, shiny|100/100
|turn|3
|inactive|aborbra has 30 seconds left.
|inactive|aborbra has 20 seconds left.
|inactive|aborbra has 15 seconds left.
|inactive|aborbra has 10 seconds left.
|inactive|aborbra has 5 seconds left.
|
|t:|1783825603
|move|p1a: Overqwil|Stockpile|p1a: Overqwil
|-start|p1a: Overqwil|stockpile1
|-boost|p1a: Overqwil|def|1
|-boost|p1a: Overqwil|spd|1
|move|p2b: Aerodactyl|Rock Slide|p1b: Malamar|[spread] p1a,p1b
|-damage|p1a: Overqwil|80/100
|-damage|p1b: Malamar|77/100
|move|p2a: Kingambit|Iron Head|p1b: Malamar
|-damage|p1b: Malamar|38/100
|cant|p1b: Malamar|flinch
|
|-heal|p1a: Overqwil|87/100|[from] item: Leftovers
|upkeep
|turn|4
|inactive|aborbra has 30 seconds left.
|inactive|Tajinvgc2 has 30 seconds left.
|inactive|aborbra has 20 seconds left.
|inactive|aborbra has 15 seconds left.
|inactive|aborbra has 10 seconds left.
|inactive|aborbra has 5 seconds left.
|
|t:|1783825658
|move|p1a: Overqwil|Stockpile|p1a: Overqwil
|-start|p1a: Overqwil|stockpile2
|-boost|p1a: Overqwil|def|1
|-boost|p1a: Overqwil|spd|1
|move|p2b: Aerodactyl|Rock Slide|p1a: Overqwil|[spread] p1b
|-miss|p2b: Aerodactyl|p1a: Overqwil
|-damage|p1b: Malamar|12/100
|move|p2a: Kingambit|Kowtow Cleave|p1b: Malamar
|-damage|p1b: Malamar|0 fnt
|faint|p1b: Malamar
|
|-heal|p1a: Overqwil|93/100|[from] item: Leftovers
|-sideend|p2: Tajinvgc2|move: Tailwind
|upkeep
|turn|5
|inactive|aborbra has 30 seconds left.
|inactive|aborbra has 20 seconds left.
|
|t:|1783825696
|move|p1a: Overqwil|Minimize|p1a: Overqwil
|-boost|p1a: Overqwil|evasion|2
|move|p2b: Aerodactyl|Tailwind|p2b: Aerodactyl
|-sidestart|p2: Tajinvgc2|move: Tailwind
|move|p2a: Kingambit|Kowtow Cleave|p1a: Overqwil
|-resisted|p1a: Overqwil|1
|-damage|p1a: Overqwil|79/100
|
|-heal|p1a: Overqwil|85/100|[from] item: Leftovers
|upkeep
|turn|6
|
|t:|1783825717
|move|p2b: Aerodactyl|Ice Fang|p1a: Overqwil|[miss]
|-miss|p2b: Aerodactyl|p1a: Overqwil
|move|p2a: Kingambit|Kowtow Cleave|p1a: Overqwil
|-resisted|p1a: Overqwil|1
|-damage|p1a: Overqwil|70/100
|move|p1a: Overqwil|Fell Stinger|p2a: Kingambit
|-damage|p2a: Kingambit|85/100
|
|-heal|p1a: Overqwil|76/100|[from] item: Leftovers
|upkeep
|turn|7
|inactive|Tajinvgc2 has 30 seconds left.
|
|t:|1783825748
|move|p1a: Overqwil|Stockpile|p1a: Overqwil
|-start|p1a: Overqwil|stockpile3
|-boost|p1a: Overqwil|def|1
|-boost|p1a: Overqwil|spd|1
|move|p2b: Aerodactyl|Rock Slide|p1a: Overqwil
|-damage|p1a: Overqwil|59/100
|move|p2a: Kingambit|Kowtow Cleave|p1a: Overqwil
|-resisted|p1a: Overqwil|1
|-damage|p1a: Overqwil|48/100
|
|-heal|p1a: Overqwil|54/100|[from] item: Leftovers
|upkeep
|turn|8
|-message|aborbra forfeited.
|raw|aborbra's rating: 1020 → 1006(-14 for losing)
|raw|Tajinvgc2's rating: 1000 → 1042(+42 for winning)
|
|win|Tajinvgc2
|l|☆aborbra
|player|p1|
