|j|☆eldannyboy510
|j|☆mil0battles
|html|eldannyboy510mil0battles    
|uhtml|bestof|Game 1 of a best-of-3
|t:|1756852261
|gametype|doubles
|player|p1|eldannyboy510|red|1051
|player|p2|mil0battles|pokemonranger-gen4|1107
|gen|9
|tier|[Gen 9] VGC 2025 Reg H (Bo3)
|rated|
|rule|Species Clause: Limit one of each Pokémon
|rule|Item Clause: Limit 1 of each item
|clearpoke
|poke|p1|Vivillon-Pokeball, L50, M|
|poke|p1|Gholdengo, L50|
|poke|p1|Garchomp, L50, M|
|poke|p1|Talonflame, L50, M|
|poke|p1|Ninetales-Alola, L50, F|
|poke|p1|Annihilape, L50, M|
|poke|p2|Ursaluna-Bloodmoon, L50, M|
|poke|p2|Gholdengo, L50|
|poke|p2|Dragonite, L50, M|
|poke|p2|Amoonguss, L50, F|
|poke|p2|Incineroar, L50, M|
|poke|p2|Primarina, L50, M|
|teampreview|4
|showteam|p1|Vivillon-Pokeball||FocusSash|CompoundEyes|RagePowder,SleepPowder,Hurricane,Protect|||M|||50|,,,,,Ghost]Gholdengo||IronPlate|GoodasGold|MakeItRain,NastyPlot,ShadowBall,Protect||||||50|,,,,,Steel]Garchomp||LifeOrb|RoughSkin|Earthquake,DragonClaw,StompingTantrum,Protect|||M|||50|,,,,,Steel]Talonflame||SharpBeak|GaleWings|DualWingbeat,Tailwind,WillOWisp,Protect|||M|||50|,,,,,Ghost]Ninetales-Alola||CovertCloak|SnowWarning|FreezeDry,Blizzard,AuroraVeil,Protect|||F|||50|,,,,,Ice]Annihilape||SafetyGoggles|Defiant|RageFist,DrainPunch,BulkUp,Protect|||M|||50|,,,,,Water
|showteam|p2|Ursaluna-Bloodmoon||AssaultVest|MindsEye|BloodMoon,EarthPower,VacuumWave,HyperVoice|||M|||50|,,,,,Water]Gholdengo||LifeOrb|GoodasGold|Protect,MakeItRain,ShadowBall,NastyPlot||||||50|,,,,,Water]Dragonite||LoadedDice|Multiscale|ScaleShot,Tailwind,Haze,Protect|||M|||50|,,,,,Fairy]Amoonguss||SitrusBerry|Regenerator|Spore,RagePowder,PollenPuff,Protect|||F|||50|,,,,,Water]Incineroar||SafetyGoggles|Intimidate|FakeOut,KnockOff,PartingShot,FlareBlitz|||M|||50|,,,,,Ghost]Primarina||ThroatSpray|LiquidVoice|HyperVoice,Moonblast,Haze,Protect|||M|||50|,,,,,Poison
|
|t:|1756852326
|teamsize|p1|4
|teamsize|p2|4
|start
|switch|p1a: Talon|Talonflame, L50, M|100/100
|switch|p1b: Réquiem|Gholdengo, L50|100/100
|switch|p2a: Dragonite|Dragonite, L50, M|100/100
|switch|p2b: Incineroar|Incineroar, L50, M|100/100
|-ability|p2b: Incineroar|Intimidate|boost
|-unboost|p1a: Talon|atk|1
|-unboost|p1b: Réquiem|atk|1
|turn|1
|inactive|Battle timer is ON: inactive players will automatically lose when time's up. (requested by mil0battles)
|
|t:|1756852348
|-terastallize|p1a: Talon|Ghost
|move|p1a: Talon|Tailwind|p1a: Talon
|-sidestart|p1: eldannyboy510|move: Tailwind
|move|p1b: Réquiem|Nasty Plot|p1b: Réquiem
|-boost|p1b: Réquiem|spa|2
|move|p2a: Dragonite|Tailwind|p2a: Dragonite
|-sidestart|p2: mil0battles|move: Tailwind
|move|p2b: Incineroar|Flare Blitz|p1b: Réquiem
|-supereffective|p1b: Réquiem
|-damage|p1b: Réquiem|0 fnt
|faint|p1b: Réquiem
|-damage|p2b: Incineroar|73/100|[from] Recoil
|
|upkeep
|
|t:|1756852366
|switch|p1b: Akuma|Annihilape, L50, M|100/100
|turn|2
|inactive|mil0battles has 30 seconds left.
|
|t:|1756852394
|move|p1a: Talon|Will-O-Wisp|p2a: Dragonite
|-status|p2a: Dragonite|brn
|move|p1b: Akuma|Drain Punch|p2b: Incineroar
|-supereffective|p2b: Incineroar
|-damage|p2b: Incineroar|15/100
|move|p2a: Dragonite|Scale Shot|p1a: Talon
|-crit|p1a: Talon
|-damage|p1a: Talon|82/100
|-damage|p1a: Talon|70/100
|-crit|p1a: Talon
|-damage|p1a: Talon|52/100
|-damage|p1a: Talon|42/100
|-damage|p1a: Talon|30/100
|-hitcount|p1a: Talon|5
|-unboost|p2a: Dragonite|def|1
|-boost|p2a: Dragonite|spe|1
|move|p2b: Incineroar|Knock Off|p1a: Talon
|-supereffective|p1a: Talon
|-damage|p1a: Talon|0 fnt
|-enditem|p1a: Talon|Sharp Beak|[from] move: Knock Off|[of] p2b: Incineroar
|faint|p1a: Talon
|
|-damage|p2a: Dragonite|94/100 brn|[from] brn
|upkeep
|
|t:|1756852418
|switch|p1a: Megalodon|Garchomp, L50, M|100/100
|turn|3
|
|t:|1756852434
|move|p2a: Dragonite|Protect|p2a: Dragonite
|-singleturn|p2a: Dragonite|Protect
|move|p1a: Megalodon|Dragon Claw|p2a: Dragonite
|-activate|p2a: Dragonite|move: Protect
|move|p1b: Akuma|Drain Punch|p2b: Incineroar
|-supereffective|p2b: Incineroar
|-damage|p2b: Incineroar|0 fnt
|faint|p2b: Incineroar
|
|-damage|p2a: Dragonite|88/100 brn|[from] brn
|upkeep
|
|t:|1756852443
|switch|p2b: Amoonguss|Amoonguss, L50, F|100/100
|turn|4
|
|t:|1756852452
|switch|p2a: Gholdengo|Gholdengo, L50|100/100
|move|p1a: Megalodon|Dragon Claw|p2a: Gholdengo
|-resisted|p2a: Gholdengo
|-damage|p2a: Gholdengo|73/100
|-damage|p1a: Megalodon|91/100|[from] item: Life Orb
|move|p1b: Akuma|Bulk Up|p1b: Akuma
|-boost|p1b: Akuma|atk|1
|-boost|p1b: Akuma|def|1
|move|p2b: Amoonguss|Spore|p1a: Megalodon
|-status|p1a: Megalodon|slp|[from] move: Spore
|
|-sideend|p1: eldannyboy510|move: Tailwind
|-sideend|p2: mil0battles|move: Tailwind
|upkeep
|turn|5
|inactive|eldannyboy510 has 30 seconds left.
|
|t:|1756852486
|-terastallize|p2a: Gholdengo|Water
|cant|p1a: Megalodon|slp
|move|p1b: Akuma|Rage Fist|p2a: Gholdengo
|-damage|p2a: Gholdengo|40/100
|move|p2a: Gholdengo|Shadow Ball|p1b: Akuma
|-supereffective|p1b: Akuma
|-damage|p1b: Akuma|17/100
|-damage|p2a: Gholdengo|30/100|[from] item: Life Orb
|move|p2b: Amoonguss|Pollen Puff|p2a: Gholdengo
|-heal|p2a: Gholdengo|80/100
|
|upkeep
|turn|6
|inactive|eldannyboy510 has 30 seconds left.
|inactive|mil0battles has 30 seconds left.
|
|t:|1756852518
|move|p1b: Akuma|Protect|p1b: Akuma
|-singleturn|p1b: Akuma|Protect
|cant|p1a: Megalodon|slp
|move|p2a: Gholdengo|Shadow Ball|p1b: Akuma
|-activate|p1b: Akuma|move: Protect
|move|p2b: Amoonguss|Spore|p1a: Megalodon
|-fail|p1a: Megalodon|slp
|
|upkeep
|turn|7
|
|t:|1756852533
|cant|p1a: Megalodon|slp
|move|p1b: Akuma|Drain Punch|p2a: Gholdengo
|-damage|p2a: Gholdengo|32/100
|-heal|p1b: Akuma|36/100|[from] drain|[of] p2a: Gholdengo
|move|p2a: Gholdengo|Shadow Ball|p1b: Akuma
|-supereffective|p1b: Akuma
|-damage|p1b: Akuma|0 fnt
|faint|p1b: Akuma
|-damage|p2a: Gholdengo|23/100|[from] item: Life Orb
|move|p2b: Amoonguss|Spore|p1a: Megalodon
|-fail|p1a: Megalodon|slp
|
|upkeep
|turn|8
|
|t:|1756852555
|-curestatus|p1a: Megalodon|slp|[msg]
|move|p1a: Megalodon|Dragon Claw|p2a: Gholdengo
|-damage|p2a: Gholdengo|0 fnt
|faint|p2a: Gholdengo
|-damage|p1a: Megalodon|81/100|[from] item: Life Orb
|move|p2b: Amoonguss|Pollen Puff|p2: Gholdengo|[notarget]
|-fail|p2b: Amoonguss
|
|upkeep
|
|t:|1756852562
|switch|p2a: Dragonite|Dragonite, L50, M|88/100 brn
|turn|9
|l|☆eldannyboy510
|inactive|eldannyboy510 disconnected and has a minute to reconnect!
|player|p1|
|j|☆eldannyboy510
|inactive|eldannyboy510 reconnected and has 45 seconds left.
|player|p1|eldannyboy510|red|
|
|t:|1756852583
|move|p1a: Megalodon|Protect|p1a: Megalodon
|-singleturn|p1a: Megalodon|Protect
|move|p2a: Dragonite|Protect|p2a: Dragonite
|-singleturn|p2a: Dragonite|Protect
|move|p2b: Amoonguss|Spore|p1a: Megalodon
|-activate|p1a: Megalodon|move: Protect
|
|-damage|p2a: Dragonite|82/100 brn|[from] brn
|upkeep
|turn|10
|
|t:|1756852595
|move|p1a: Megalodon|Dragon Claw|p2a: Dragonite
|-supereffective|p2a: Dragonite
|-damage|p2a: Dragonite|0 fnt
|faint|p2a: Dragonite
|-damage|p1a: Megalodon|71/100|[from] item: Life Orb
|move|p2b: Amoonguss|Spore|p1a: Megalodon
|-status|p1a: Megalodon|slp|[from] move: Spore
|
|upkeep
|turn|11
|l|☆eldannyboy510
|inactive|eldannyboy510 disconnected and has a minute to reconnect!
|player|p1|
|j|☆eldannyboy510
|inactive|eldannyboy510 reconnected and has 45 seconds left.
|player|p1|eldannyboy510|red|
|
|t:|1756852612
|cant|p1a: Megalodon|slp
|move|p2b: Amoonguss|Pollen Puff|p1a: Megalodon
|-damage|p1a: Megalodon|50/100 slp
|
|upkeep
|turn|12
|
|t:|1756852619
|cant|p1a: Megalodon|slp
|move|p2b: Amoonguss|Pollen Puff|p1a: Megalodon
|-damage|p1a: Megalodon|29/100 slp
|
|upkeep
|turn|13
|
|t:|1756852625
|-curestatus|p1a: Megalodon|slp|[msg]
|move|p1a: Megalodon|Earthquake|p2b: Amoonguss
|-damage|p2b: Amoonguss|54/100
|-damage|p1a: Megalodon|20/100|[from] item: Life Orb
|move|p2b: Amoonguss|Pollen Puff|p1a: Megalodon
|-damage|p1a: Megalodon|0 fnt
|faint|p1a: Megalodon
|
|win|mil0battles
||mil0battles is ready for game 2.
