|j|☆lald3n
|j|☆CharmanditoABM
|html|lald3nCharmanditoABM    
|uhtml|bestof|Game 3 of a best-of-3
|t:|1784908731
|gametype|doubles
|player|p1|lald3n|iris-gen5bw2|1113
|player|p2|CharmanditoABM|wallace|1162
|gen|9
|tier|[Gen 9 Champions] VGC 2026 Reg M-B (Bo3)
|rated|
|rule|Species Clause: Limit one of each Pokémon
|rule|Item Clause: Limit 1 of each item
|clearpoke
|poke|p1|Ceruledge, L50, M|
|poke|p1|Incineroar, L50, M|
|poke|p1|Froslass, L50, F|
|poke|p1|Overqwil, L50, F|
|poke|p1|Sylveon, L50, F, shiny|
|poke|p1|Kommo-o, L50, M|
|poke|p2|Tyranitar, L50, M|
|poke|p2|Excadrill, L50, M|
|poke|p2|Basculegion, L50, M|
|poke|p2|Sinistcha, L50|
|poke|p2|Incineroar, L50, F|
|poke|p2|Floette-Eternal, L50, F|
|teampreview|4
|showteam|p1|Ceruledge||BigRoot|FlashFire|PsychUp,BulkUp,BitterBlade,ShadowSneak|Jolly||M|||50|]Incineroar||SitrusBerry|Intimidate|FakeOut,PartingShot,WillOWisp,FlareBlitz|Careful||M|||50|]Froslass||Froslassite|CursedBody|AuroraVeil,Blizzard,PsychUp,Protect|Timid||F|||50|]Overqwil||Leftovers|Intimidate|Minimize,Substitute,BarbBarrage,Spite|Jolly||F|||50|]Sylveon||FairyFeather|Pixilate|CalmMind,HyperBeam,HyperVoice,Yawn|Modest||F|||50|]Kommo-o|||Soundproof|BodyPress,IronDefense,AuraSphere,ClangingScales|Timid||M|||50|
|showteam|p2|Tyranitar||Tyranitarite|SandStream|RockSlide,KnockOff,IcePunch,Protect|Adamant||M|||50|]Excadrill||FocusSash|SandRush|SwordsDance,HighHorsepower,IronHead,RockSlide|Adamant||M|||50|]Basculegion||ChoiceScarf|Adaptability|FlipTurn,WaveCrash,LastRespects,AquaJet|Jolly||M|||50|]Sinistcha||Leftovers|Hospitality|RagePowder,LifeDew,MatchaGotcha,TrickRoom|Bold|||||50|]Incineroar||SitrusBerry|Intimidate|FakeOut,PartingShot,FlareBlitz,ThroatChop|Careful||F|||50|]Floette-Eternal||Floettite|FlowerVeil|CalmMind,Moonblast,DazzlingGleam,Protect|Modest||F|||50|
|inactive|Battle timer is ON: inactive players will automatically lose when time's up. (requested by CharmanditoABM)
|
|t:|1784908746
|teamsize|p1|4
|teamsize|p2|4
|start
|switch|p1a: Incineroar|Incineroar, L50, M|100/100
|switch|p1b: Froslass|Froslass, L50, F|100/100
|switch|p2a: Basculegion|Basculegion, L50, M|100/100
|switch|p2b: Floette|Floette-Eternal, L50, F|100/100
|-ability|p1a: Incineroar|Intimidate|boost
|-unboost|p2a: Basculegion|atk|1
|-unboost|p2b: Floette|atk|1
|turn|1
|
|t:|1784908757
|detailschange|p2b: Floette|Floette-Mega, L50, F
|-mega|p2b: Floette|Floette|Floettite
|-ability|p2b: Floette|Fairy Aura
|move|p1b: Froslass|Protect|p1b: Froslass
|-singleturn|p1b: Froslass|Protect
|move|p2a: Basculegion|Flip Turn|p1a: Incineroar
|-supereffective|p1a: Incineroar|1
|-damage|p1a: Incineroar|48/100
|-enditem|p1a: Incineroar|Sitrus Berry|[eat]
|-heal|p1a: Incineroar|73/100|[from] item: Sitrus Berry
|
|t:|1784908772
|switch|p2a: Tyranitar|Tyranitar, L50, M|100/100|[from] Flip Turn
|-weather|Sandstorm|[from] ability: Sand Stream|[of] p2a: Tyranitar
|move|p2b: Floette|Calm Mind|p2b: Floette
|-boost|p2b: Floette|spa|1
|-boost|p2b: Floette|spd|1
|move|p1a: Incineroar|Will-O-Wisp|p2a: Tyranitar
|-status|p2a: Tyranitar|brn
|
|-weather|Sandstorm|[upkeep]
|-damage|p1b: Froslass|93/100|[from] Sandstorm
|-damage|p2b: Floette|94/100|[from] Sandstorm
|-damage|p1a: Incineroar|67/100|[from] Sandstorm
|-damage|p2a: Tyranitar|94/100 brn|[from] brn
|upkeep
|turn|2
|
|t:|1784908797
|move|p1b: Froslass|Psych Up|p2b: Floette
|-copyboost|p1b: Froslass|p2b: Floette|[from] move: Psych Up
|move|p2b: Floette|Moonblast|p1b: Froslass
|-damage|p1b: Froslass|0 fnt
|faint|p1b: Froslass
|move|p1a: Incineroar|Parting Shot|p2b: Floette
|-unboost|p2b: Floette|atk|1
|-unboost|p2b: Floette|spa|1
|
|t:|1784908806
|switch|p1a: Overqwil|Overqwil, L50, F|100/100|[from] Parting Shot
|-ability|p1a: Overqwil|Intimidate|boost
|-unboost|p2a: Tyranitar|atk|1
|-unboost|p2b: Floette|atk|1
|move|p2a: Tyranitar|Rock Slide|p1a: Overqwil
|-damage|p1a: Overqwil|86/100
|
|-weather|Sandstorm|[upkeep]
|-damage|p1a: Overqwil|81/100|[from] Sandstorm
|-damage|p2b: Floette|88/100|[from] Sandstorm
|-heal|p1a: Overqwil|86/100|[from] item: Leftovers
|-damage|p2a: Tyranitar|88/100 brn|[from] brn
|upkeep
|
|t:|1784908807
|switch|p1b: Incineroar|Incineroar, L50, M|67/100
|-ability|p1b: Incineroar|Intimidate|boost
|-unboost|p2a: Tyranitar|atk|1
|-unboost|p2b: Floette|atk|1
|turn|3
|
|t:|1784908822
|switch|p2b: Excadrill|Excadrill, L50, M|100/100
|switch|p2a: Basculegion|Basculegion, L50, M|100/100
|move|p1b: Incineroar|Fake Out|p2b: Excadrill
|-resisted|p2b: Excadrill|1
|-damage|p2b: Excadrill|92/100
|move|p1a: Overqwil|Minimize|p1a: Overqwil
|-boost|p1a: Overqwil|evasion|2
|
|-weather|Sandstorm|[upkeep]
|-damage|p2a: Basculegion|93/100|[from] Sandstorm
|-damage|p1a: Overqwil|81/100|[from] Sandstorm
|-damage|p1b: Incineroar|61/100|[from] Sandstorm
|-heal|p1a: Overqwil|86/100|[from] item: Leftovers
|upkeep
|turn|4
|
|t:|1784908837
|switch|p1b: Kommo-o|Kommo-o, L50, M|100/100
|move|p2b: Excadrill|Swords Dance|p2b: Excadrill
|-boost|p2b: Excadrill|atk|2
|move|p2a: Basculegion|Wave Crash|p1b: Kommo-o
|-resisted|p1b: Kommo-o|1
|-damage|p1b: Kommo-o|60/100
|-damage|p2a: Basculegion|84/100|[from] Recoil
|move|p1a: Overqwil|Minimize|p1a: Overqwil
|-boost|p1a: Overqwil|evasion|2
|
|-weather|Sandstorm|[upkeep]
|-damage|p2a: Basculegion|78/100|[from] Sandstorm
|-damage|p1b: Kommo-o|54/100|[from] Sandstorm
|-damage|p1a: Overqwil|81/100|[from] Sandstorm
|-heal|p1a: Overqwil|86/100|[from] item: Leftovers
|upkeep
|turn|5
|
|t:|1784908860
|move|p2b: Excadrill|Iron Head|p1b: Kommo-o
|-damage|p1b: Kommo-o|0 fnt
|faint|p1b: Kommo-o
|move|p2a: Basculegion|Wave Crash|p1a: Overqwil|[miss]
|-miss|p2a: Basculegion|p1a: Overqwil
|move|p1a: Overqwil|Minimize|p1a: Overqwil
|-boost|p1a: Overqwil|evasion|2
|
|-weather|none
|-heal|p1a: Overqwil|92/100|[from] item: Leftovers
|upkeep
|
|t:|1784908862
|switch|p1b: Incineroar|Incineroar, L50, M|61/100
|-ability|p1b: Incineroar|Intimidate|boost
|-unboost|p2a: Basculegion|atk|1
|-unboost|p2b: Excadrill|atk|1
|turn|6
|
|t:|1784908875
|switch|p2a: Tyranitar|Tyranitar, L50, M|88/100 brn
|-weather|Sandstorm|[from] ability: Sand Stream|[of] p2a: Tyranitar
|move|p1b: Incineroar|Fake Out|p2b: Excadrill
|-resisted|p2b: Excadrill|1
|-damage|p2b: Excadrill|85/100
|cant|p2b: Excadrill|flinch
|move|p1a: Overqwil|Substitute|p1a: Overqwil
|-start|p1a: Overqwil|Substitute
|-damage|p1a: Overqwil|68/100
|
|-weather|Sandstorm|[upkeep]
|-damage|p1a: Overqwil|62/100|[from] Sandstorm
|-damage|p1b: Incineroar|55/100|[from] Sandstorm
|-heal|p1a: Overqwil|68/100|[from] item: Leftovers
|-damage|p2a: Tyranitar|82/100 brn|[from] brn
|upkeep
|turn|7
|
|t:|1784908889
|move|p2b: Excadrill|High Horsepower|p1b: Incineroar
|-supereffective|p1b: Incineroar|1
|-damage|p1b: Incineroar|0 fnt
|faint|p1b: Incineroar
|move|p1a: Overqwil|Barb Barrage|p2a: Tyranitar
|-resisted|p2a: Tyranitar|1
|-damage|p2a: Tyranitar|74/100 brn
|move|p2a: Tyranitar|Rock Slide|p1a: Overqwil|[miss]
|-miss|p2a: Tyranitar|p1a: Overqwil
|
|-weather|Sandstorm|[upkeep]
|-damage|p1a: Overqwil|62/100|[from] Sandstorm
|-heal|p1a: Overqwil|68/100|[from] item: Leftovers
|-damage|p2a: Tyranitar|68/100 brn|[from] brn
|upkeep
|turn|8
|
|t:|1784908896
|move|p2b: Excadrill|Swords Dance|p2b: Excadrill
|-boost|p2b: Excadrill|atk|2
|move|p1a: Overqwil|Spite|p2b: Excadrill
|-activate|p2b: Excadrill|move: Spite|Swords Dance|4
|move|p2a: Tyranitar|Ice Punch|p1a: Overqwil|[miss]
|-miss|p2a: Tyranitar|p1a: Overqwil
|
|-weather|Sandstorm|[upkeep]
|-damage|p1a: Overqwil|62/100|[from] Sandstorm
|-heal|p1a: Overqwil|68/100|[from] item: Leftovers
|-damage|p2a: Tyranitar|62/100 brn|[from] brn
|upkeep
|turn|9
|
|t:|1784908908
|switch|p2a: Floette|Floette-Mega, L50, F|88/100
|-ability|p2a: Floette|Fairy Aura
|move|p2b: Excadrill|Swords Dance|p2b: Excadrill
|-boost|p2b: Excadrill|atk|2
|move|p1a: Overqwil|Spite|p2b: Excadrill
|-activate|p2b: Excadrill|move: Spite|Swords Dance|4
|
|-weather|Sandstorm|[upkeep]
|-damage|p1a: Overqwil|62/100|[from] Sandstorm
|-damage|p2a: Floette|82/100|[from] Sandstorm
|-heal|p1a: Overqwil|68/100|[from] item: Leftovers
|upkeep
|turn|10
|
|t:|1784908921
|move|p2b: Excadrill|Iron Head|p1a: Overqwil|[miss]
|-miss|p2b: Excadrill|p1a: Overqwil
|move|p1a: Overqwil|Barb Barrage|p2a: Floette
|-supereffective|p2a: Floette|1
|-damage|p2a: Floette|25/100
|move|p2a: Floette|Moonblast|p1a: Overqwil|[miss]
|-miss|p2a: Floette|p1a: Overqwil
|
|-weather|none
|-heal|p1a: Overqwil|73/100|[from] item: Leftovers
|upkeep
|turn|11
|
|t:|1784908932
|switch|p2a: Basculegion|Basculegion, L50, M|78/100
|move|p1a: Overqwil|Spite|p2b: Excadrill
|-activate|p2b: Excadrill|move: Spite|Iron Head|4
|move|p2b: Excadrill|Iron Head|p1a: Overqwil|[miss]
|-miss|p2b: Excadrill|p1a: Overqwil
|
|-heal|p1a: Overqwil|79/100|[from] item: Leftovers
|upkeep
|turn|12
|
|t:|1784908941
|move|p2a: Basculegion|Wave Crash|p1a: Overqwil
|-end|p1a: Overqwil|Substitute
|-damage|p2a: Basculegion|70/100|[from] Recoil
|move|p1a: Overqwil|Barb Barrage|p2a: Basculegion
|-resisted|p2a: Basculegion|1
|-damage|p2a: Basculegion|54/100
|-status|p2a: Basculegion|psn
|move|p2b: Excadrill|Rock Slide|p1a: Overqwil
|-damage|p1a: Overqwil|0 fnt
|faint|p1a: Overqwil
|
|win|CharmanditoABM
|raw|lald3n's rating: 1113 → 1092(-21 for losing)
|raw|CharmanditoABM's rating: 1162 → 1183(+21 for winning)
|c|☆lald3n|gg
|c|☆CharmanditoABM|ez
|c|☆lald3n|lmao
