|j|☆John Cena Calvo
|j|☆dotKuro
|html|John Cena CalvodotKuro    
|uhtml|bestof|Game 2 of a best-of-3
|t:|1755439355
|gametype|doubles
|player|p1|John Cena Calvo|rosa|1271
|player|p2|dotKuro|266|1263
|gen|9
|tier|[Gen 9] VGC 2025 Reg H (Bo3)
|rated|
|rule|Species Clause: Limit one of each Pokémon
|rule|Item Clause: Limit 1 of each item
|clearpoke
|poke|p1|Maushold-Four, L50|
|poke|p1|Annihilape, L50, F|
|poke|p1|Rillaboom, L50, F|
|poke|p1|Incineroar, L50, M|
|poke|p1|Volcarona, L50, M|
|poke|p1|Primarina, L50, M|
|poke|p2|Garchomp, L50, M|
|poke|p2|Tyranitar, L50, M|
|poke|p2|Corviknight, L50, M|
|poke|p2|Gholdengo, L50|
|poke|p2|Kilowattrel, L50, F|
|poke|p2|Dragapult, L50, M|
|teampreview|4
|showteam|p1|Maushold-Four||SafetyGoggles|FriendGuard|BeatUp,FollowMe,Taunt,Protect||||||50|,,,,,Ghost]Annihilape||Leftovers|Defiant|RageFist,DrainPunch,BulkUp,Protect|||F|||50|,,,,,Fire]Rillaboom||AssaultVest|GrassySurge|FakeOut,GrassyGlide,WoodHammer,Uturn|||F|||50|,,,,,Fire]Incineroar||SitrusBerry|Intimidate|FakeOut,FlareBlitz,KnockOff,PartingShot|||M|||50|,,,,,Grass]Volcarona||CovertCloak|FlameBody|QuiverDance,FieryDance,GigaDrain,Protect|||M|||50|,,,,,Grass]Primarina||ThroatSpray|LiquidVoice|HyperVoice,Moonblast,Protect,Haze|||M|||50|,,,,,Poison
|showteam|p2|Garchomp||Leftovers|SandVeil|Earthquake,DragonClaw,Substitute,Protect|||M|||50|,,,,,Steel]Tyranitar||AssaultVest|SandStream|KnockOff,RockSlide,LowKick,TeraBlast|||M|||50|,,,,,Grass]Corviknight||SitrusBerry|MirrorArmor|BraveBird,BodyPress,Tailwind,Roost|||M|||50|,,,,,Fighting]Gholdengo||ChoiceSpecs|GoodasGold|MakeItRain,ShadowBall,Trick,Protect||||||50|,,,,,Steel]Kilowattrel||FocusSash|Competitive|AirSlash,Thunderbolt,Protect,Tailwind|||F|||50|,,,,,Ghost]Dragapult||LifeOrb|Infiltrator|DracoMeteor,ShadowBall,Flamethrower,Protect|||M|||50|,,,,,Stellar
|inactive|Battle timer is ON: inactive players will automatically lose when time's up. (requested by John Cena Calvo)
|
|t:|1755439386
|teamsize|p1|4
|teamsize|p2|4
|start
|switch|p1a: Volcarona|Volcarona, L50, M|100/100
|switch|p1b: Rillaboom|Rillaboom, L50, F|100/100
|switch|p2a: Gholdengo|Gholdengo, L50|100/100
|switch|p2b: Kilowattrel|Kilowattrel, L50, F|100/100
|-fieldstart|move: Grassy Terrain|[from] ability: Grassy Surge|[of] p1b: Rillaboom
|turn|1
|
|t:|1755439405
|-terastallize|p2b: Kilowattrel|Ghost
|move|p1b: Rillaboom|Fake Out|p2b: Kilowattrel
|-immune|p2b: Kilowattrel
|move|p2b: Kilowattrel|Air Slash|p1a: Volcarona
|-supereffective|p1a: Volcarona
|-damage|p1a: Volcarona|43/100
|move|p2a: Gholdengo|Shadow Ball|p1a: Volcarona
|-damage|p1a: Volcarona|0 fnt
|faint|p1a: Volcarona
|
|upkeep
|
|t:|1755439418
|switch|p1a: Annihilape|Annihilape, L50, F|100/100
|turn|2
|
|t:|1755439429
|-terastallize|p1a: Annihilape|Fire
|move|p2b: Kilowattrel|Thunderbolt|p1a: Annihilape
|-damage|p1a: Annihilape|65/100
|move|p2a: Gholdengo|Shadow Ball|p1a: Annihilape
|-damage|p1a: Annihilape|12/100
|-unboost|p1a: Annihilape|spd|1
|-ability|p1a: Annihilape|Defiant|boost
|-boost|p1a: Annihilape|atk|2
|move|p1a: Annihilape|Rage Fist|p2a: Gholdengo
|-supereffective|p2a: Gholdengo
|-damage|p2a: Gholdengo|0 fnt
|faint|p2a: Gholdengo
|move|p1b: Rillaboom|U-turn|p2b: Kilowattrel
|-resisted|p2b: Kilowattrel
|-damage|p2b: Kilowattrel|76/100
|
|t:|1755439438
|switch|p1b: Maushold|Maushold-Four, L50|100/100|[from] U-turn
|
|-heal|p2b: Kilowattrel|83/100|[from] Grassy Terrain
|-heal|p1a: Annihilape|18/100|[from] Grassy Terrain
|-heal|p1a: Annihilape|25/100|[from] item: Leftovers
|upkeep
|
|t:|1755439454
|switch|p2a: Garchomp|Garchomp, L50, M|100/100
|turn|3
|inactive|dotKuro has 30 seconds left.
|inactive|dotKuro has 20 seconds left.
|inactive|dotKuro has 15 seconds left.
|
|t:|1755439499
|move|p1b: Maushold|Follow Me|p1b: Maushold
|-singleturn|p1b: Maushold|move: Follow Me
|move|p2b: Kilowattrel|Thunderbolt|p1b: Maushold
|-damage|p1b: Maushold|54/100
|-status|p1b: Maushold|par
|move|p2a: Garchomp|Earthquake|p1a: Annihilape|[spread] p2b,p1a,p1b
|-supereffective|p1a: Annihilape
|-damage|p2b: Kilowattrel|45/100
|-damage|p1a: Annihilape|0 fnt
|-damage|p1b: Maushold|29/100 par
|faint|p1a: Annihilape
|
|-heal|p2b: Kilowattrel|52/100|[from] Grassy Terrain
|-heal|p1b: Maushold|35/100 par|[from] Grassy Terrain
|upkeep
|
|t:|1755439507
|switch|p1a: Rillaboom|Rillaboom, L50, F|100/100
|turn|4
|
|t:|1755439531
|switch|p2b: Tyranitar|Tyranitar, L50, M|100/100
|-weather|Sandstorm|[from] ability: Sand Stream|[of] p2b: Tyranitar
|move|p2a: Garchomp|Substitute|p2a: Garchomp
|-start|p2a: Garchomp|Substitute
|-damage|p2a: Garchomp|75/100
|move|p1a: Rillaboom|Wood Hammer|p2a: Garchomp
|-end|p2a: Garchomp|Substitute
|-damage|p1a: Rillaboom|93/100|[from] Recoil|[of] p2a: Garchomp
|move|p1b: Maushold|Beat Up|p2b: Tyranitar
|-resisted|p2b: Tyranitar
|-damage|p2b: Tyranitar|99/100
|-resisted|p2b: Tyranitar
|-damage|p2b: Tyranitar|99/100
|-hitcount|p2b: Tyranitar|2
|
|-weather|Sandstorm|[upkeep]
|-damage|p1a: Rillaboom|87/100|[from] Sandstorm
|-heal|p2a: Garchomp|82/100|[from] Grassy Terrain
|-heal|p2a: Garchomp|88/100|[from] item: Leftovers
|-heal|p1a: Rillaboom|93/100|[from] Grassy Terrain
|-heal|p1b: Maushold|41/100 par|[from] Grassy Terrain
|-heal|p2b: Tyranitar|100/100|[from] Grassy Terrain
|upkeep
|turn|5
|inactive|dotKuro has 30 seconds left.
|inactive|dotKuro has 20 seconds left.
|inactive|dotKuro has 15 seconds left.
|inactive|dotKuro has 10 seconds left.
|
|t:|1755439580
|move|p2a: Garchomp|Dragon Claw|p1a: Rillaboom
|-crit|p1a: Rillaboom
|-damage|p1a: Rillaboom|46/100
|move|p1a: Rillaboom|Wood Hammer|p2a: Garchomp
|-damage|p2a: Garchomp|9/100
|-damage|p1a: Rillaboom|22/100|[from] Recoil
|move|p1b: Maushold|Taunt|p2a: Garchomp
|-start|p2a: Garchomp|move: Taunt
|move|p2b: Tyranitar|Knock Off|p1a: Rillaboom
|-damage|p1a: Rillaboom|0 fnt
|-enditem|p1a: Rillaboom|Assault Vest|[from] move: Knock Off|[of] p2b: Tyranitar
|faint|p1a: Rillaboom
|
|-weather|Sandstorm|[upkeep]
|-heal|p2a: Garchomp|16/100|[from] Grassy Terrain
|-heal|p2a: Garchomp|22/100|[from] item: Leftovers
|-heal|p1b: Maushold|47/100 par|[from] Grassy Terrain
|-fieldend|move: Grassy Terrain
|upkeep
|turn|6
|inactive|John Cena Calvo has 30 seconds left.
|inactive|John Cena Calvo has 20 seconds left.
|inactive|John Cena Calvo has 15 seconds left.
|-message|John Cena Calvo forfeited.
|
|win|dotKuro
|raw|John Cena Calvo's rating: 1271 → 1245(-26 for losing)
|raw|dotKuro's rating: 1263 → 1289(+26 for winning)
