|j|☆Dkelly1126
|j|☆alecfromkanto
|html|Dkelly1126alecfromkanto    
|uhtml|bestof|Game 2 of a best-of-3
|t:|1756154575
|gametype|doubles
|player|p1|Dkelly1126|blue|1185
|player|p2|alecfromkanto|cynthia-gen4|1261
|gen|9
|tier|[Gen 9] VGC 2025 Reg H (Bo3)
|rated|
|rule|Species Clause: Limit one of each Pokémon
|rule|Item Clause: Limit 1 of each item
|clearpoke
|poke|p1|Talonflame, L50, F|
|poke|p1|Ursaluna-Bloodmoon, L50, M|
|poke|p1|Electabuzz, L50, F|
|poke|p1|Dragonite, L50, F|
|poke|p1|Indeedee, L50, M|
|poke|p1|Sneasler, L50, M|
|poke|p2|Basculegion, L50, M|
|poke|p2|Amoonguss, L50, M|
|poke|p2|Incineroar, L50, F|
|poke|p2|Rillaboom, L50, M|
|poke|p2|Sneasler, L50, F|
|poke|p2|Kilowattrel, L50, F|
|teampreview|4
|showteam|p1|Talonflame||CovertCloak|GaleWings|Tailwind,DualWingbeat,WillOWisp,FlareBlitz|||F|||50|,,,,,Fairy]Ursaluna-Bloodmoon||LifeOrb|MindsEye|BloodMoon,Protect,HyperVoice,EarthPower|||M|||50|,,,,,Normal]Electabuzz||Eviolite|VitalSpirit|FollowMe,Electroweb,Protect,Taunt|||F|||50|,,,,,Ghost]Dragonite||LoadedDice|Multiscale|ScaleShot,StompingTantrum,Haze,Protect|||F|||50|,,,,,Fairy]Indeedee||FocusSash|PsychicSurge|ExpandingForce,TrickRoom,Imprison,HelpingHand|||M|||50|,,,,,Psychic]Sneasler||PsychicSeed|Unburden|DireClaw,CloseCombat,ThroatChop,Protect|||M|||50|,,,,,Dark
|showteam|p2|Basculegion||ChoiceScarf|Adaptability|WaveCrash,LastRespects,FlipTurn,AquaJet|||M|||50|,,,,,Water]Amoonguss||SitrusBerry|Regenerator|PollenPuff,RagePowder,Spore,Protect|||M|||50|,,,,,Water]Incineroar||SafetyGoggles|Intimidate|FakeOut,KnockOff,FlareBlitz,PartingShot|||F|||50|,,,,,Ghost]Rillaboom||AssaultVest|GrassySurge|WoodHammer,GrassyGlide,FakeOut,HighHorsepower|||M|||50|,,,,,Fire]Sneasler||GrassySeed|Unburden|CloseCombat,DireClaw,Acrobatics,Protect|||F|||50|,,,,,Flying]Kilowattrel||FocusSash|Competitive|Thunderbolt,AirSlash,Tailwind,Protect|||F|||50|,,,,,Fairy
|inactive|Battle timer is ON: inactive players will automatically lose when time's up. (requested by alecfromkanto)
|inactive|Dkelly1126 has 60 seconds left.
|
|t:|1756154625
|teamsize|p1|4
|teamsize|p2|4
|start
|switch|p1a: Electabuzz|Electabuzz, L50, F|100/100
|switch|p1b: Ursaluna|Ursaluna-Bloodmoon, L50, M|100/100
|switch|p2a: Incineroar|Incineroar, L50, F, shiny|100/100
|switch|p2b: Basculegion|Basculegion, L50, M, shiny|100/100
|-ability|p2a: Incineroar|Intimidate|boost
|-unboost|p1a: Electabuzz|atk|1
|-unboost|p1b: Ursaluna|atk|1
|turn|1
|
|t:|1756154649
|move|p1a: Electabuzz|Follow Me|p1a: Electabuzz
|-singleturn|p1a: Electabuzz|move: Follow Me
|move|p2b: Basculegion|Flip Turn|p1a: Electabuzz
|-damage|p1a: Electabuzz|70/100
|
|t:|1756154652
|switch|p2b: Rillaboom|Rillaboom, L50, M, shiny|100/100|[from] Flip Turn
|-fieldstart|move: Grassy Terrain|[from] ability: Grassy Surge|[of] p2b: Rillaboom
|move|p1b: Ursaluna|Hyper Voice|p2a: Incineroar|[spread] p2a,p2b
|-damage|p2a: Incineroar|63/100
|-damage|p2b: Rillaboom|64/100
|-damage|p1b: Ursaluna|91/100|[from] item: Life Orb
|move|p2a: Incineroar|Knock Off|p1a: Electabuzz
|-damage|p1a: Electabuzz|35/100
|-enditem|p1a: Electabuzz|Eviolite|[from] move: Knock Off|[of] p2a: Incineroar
|
|-heal|p1a: Electabuzz|40/100|[from] Grassy Terrain
|-heal|p1b: Ursaluna|97/100|[from] Grassy Terrain
|-heal|p2b: Rillaboom|70/100|[from] Grassy Terrain
|-heal|p2a: Incineroar|69/100|[from] Grassy Terrain
|upkeep
|turn|2
|inactive|Dkelly1126 has 30 seconds left.
|
|t:|1756154680
|move|p1b: Ursaluna|Protect|p1b: Ursaluna
|-singleturn|p1b: Ursaluna|Protect
|move|p1a: Electabuzz|Electroweb|p2a: Incineroar|[spread] p2a,p2b
|-resisted|p2b: Rillaboom
|-damage|p2a: Incineroar|57/100
|-damage|p2b: Rillaboom|65/100
|-unboost|p2a: Incineroar|spe|1
|-unboost|p2b: Rillaboom|spe|1
|move|p2b: Rillaboom|Wood Hammer|p1b: Ursaluna
|-activate|p1b: Ursaluna|move: Protect
|move|p2a: Incineroar|Knock Off|p1a: Electabuzz
|-damage|p1a: Electabuzz|5/100
|
|-heal|p1a: Electabuzz|10/100|[from] Grassy Terrain
|-heal|p1b: Ursaluna|100/100|[from] Grassy Terrain
|-heal|p2b: Rillaboom|71/100|[from] Grassy Terrain
|-heal|p2a: Incineroar|63/100|[from] Grassy Terrain
|upkeep
|turn|3
|
|t:|1756154700
|switch|p2b: Basculegion|Basculegion, L50, M, shiny|100/100
|-terastallize|p1b: Ursaluna|Normal
|move|p1a: Electabuzz|Follow Me|p1a: Electabuzz
|-singleturn|p1a: Electabuzz|move: Follow Me
|move|p1b: Ursaluna|Earth Power|p2a: Incineroar
|-supereffective|p2a: Incineroar
|-damage|p2a: Incineroar|0 fnt
|faint|p2a: Incineroar
|-damage|p1b: Ursaluna|91/100|[from] item: Life Orb
|
|-heal|p1a: Electabuzz|16/100|[from] Grassy Terrain
|-heal|p1b: Ursaluna|97/100|[from] Grassy Terrain
|upkeep
|
|t:|1756154707
|switch|p2a: Rillaboom|Rillaboom, L50, M, shiny|71/100
|turn|4
|
|t:|1756154723
|switch|p2b: Sneasler|Sneasler, L50, F, shiny|100/100
|-enditem|p2b: Sneasler|Grassy Seed
|-boost|p2b: Sneasler|def|1|[from] item: Grassy Seed
|move|p1a: Electabuzz|Protect|p1a: Electabuzz
|-singleturn|p1a: Electabuzz|Protect
|move|p1b: Ursaluna|Protect|p1b: Ursaluna
|-singleturn|p1b: Ursaluna|Protect
|move|p2a: Rillaboom|High Horsepower|p1a: Electabuzz
|-activate|p1a: Electabuzz|move: Protect
|
|-heal|p1a: Electabuzz|22/100|[from] Grassy Terrain
|-heal|p1b: Ursaluna|100/100|[from] Grassy Terrain
|-heal|p2a: Rillaboom|77/100|[from] Grassy Terrain
|upkeep
|turn|5
|inactive|Dkelly1126 has 30 seconds left.
|
|t:|1756154751
|move|p1a: Electabuzz|Follow Me|p1a: Electabuzz
|-singleturn|p1a: Electabuzz|move: Follow Me
|move|p2a: Rillaboom|Grassy Glide|p1a: Electabuzz
|-damage|p1a: Electabuzz|0 fnt
|faint|p1a: Electabuzz
|move|p2b: Sneasler|Close Combat|p1b: Ursaluna
|-supereffective|p1b: Ursaluna
|-damage|p1b: Ursaluna|0 fnt
|-unboost|p2b: Sneasler|def|1
|-unboost|p2b: Sneasler|spd|1
|faint|p1b: Ursaluna
|
|-heal|p2a: Rillaboom|83/100|[from] Grassy Terrain
|-fieldend|move: Grassy Terrain
|upkeep
|
|t:|1756154764
|switch|p1a: Indeedee|Indeedee, L50, M|100/100
|switch|p1b: Sneasler|Sneasler, L50, M|100/100
|-fieldstart|move: Psychic Terrain|[from] ability: Psychic Surge|[of] p1a: Indeedee
|-enditem|p1b: Sneasler|Psychic Seed
|-boost|p1b: Sneasler|spd|1|[from] item: Psychic Seed
|turn|6
|inactive|Dkelly1126 has 30 seconds left.
|inactive|alecfromkanto has 30 seconds left.
|
|t:|1756154797
|switch|p2a: Basculegion|Basculegion, L50, M, shiny|100/100
|move|p2b: Sneasler|Protect|p2b: Sneasler
|-singleturn|p2b: Sneasler|Protect
|move|p1b: Sneasler|Throat Chop|p2a: Basculegion
|-supereffective|p2a: Basculegion
|-crit|p2a: Basculegion
|-damage|p2a: Basculegion|0 fnt
|faint|p2a: Basculegion
|move|p1a: Indeedee|Expanding Force|p2b: Sneasler
|-activate|p2b: Sneasler|move: Protect
|
|upkeep
|
|t:|1756154799
|switch|p2a: Rillaboom|Rillaboom, L50, M, shiny|83/100
|-fieldstart|move: Grassy Terrain|[from] ability: Grassy Surge|[of] p2a: Rillaboom
|turn|7
|inactive|Dkelly1126 has 30 seconds left.
|inactive|alecfromkanto has 30 seconds left.
|inactive|Dkelly1126 has 20 seconds left.
|inactive|alecfromkanto has 20 seconds left.
|inactive|Dkelly1126 has 15 seconds left.
|
|t:|1756154841
|move|p2a: Rillaboom|Fake Out|p1a: Indeedee
|-damage|p1a: Indeedee|71/100
|move|p2b: Sneasler|Acrobatics|p1b: Sneasler
|-supereffective|p1b: Sneasler
|-damage|p1b: Sneasler|0 fnt
|faint|p1b: Sneasler
|cant|p1a: Indeedee|flinch
|
|-heal|p1a: Indeedee|77/100|[from] Grassy Terrain
|-heal|p2a: Rillaboom|88/100|[from] Grassy Terrain
|upkeep
|turn|8
|
|t:|1756154852
|move|p2b: Sneasler|Close Combat|p1a: Indeedee
|-damage|p1a: Indeedee|0 fnt
|-unboost|p2b: Sneasler|def|1
|-unboost|p2b: Sneasler|spd|1
|faint|p1a: Indeedee
|
|win|alecfromkanto
|raw|Dkelly1126's rating: 1185 → 1165(-20 for losing)
|raw|alecfromkanto's rating: 1261 → 1281(+20 for winning)
|l|☆Dkelly1126
|player|p1|
