|j|☆swordkn
|j|☆ground tera
|html|swordknground tera    
|uhtml|bestof|Game 2 of a best-of-3
|t:|1784311649
|gametype|doubles
|player|p1|swordkn|bugcatcher-gen4dp|1192
|player|p2|ground tera|2|1249
|gen|9
|tier|[Gen 9 Champions] VGC 2026 Reg M-B (Bo3)
|rated|
|rule|Species Clause: Limit one of each Pokémon
|rule|Item Clause: Limit 1 of each item
|clearpoke
|poke|p1|Gardevoir, L50, M, shiny|
|poke|p1|Basculegion, L50, M, shiny|
|poke|p1|Talonflame, L50, M, shiny|
|poke|p1|Maushold, L50|
|poke|p1|Kingambit, L50, F|
|poke|p1|Kommo-o, L50, F|
|poke|p2|Floette-Eternal, L50, F|
|poke|p2|Gyarados, L50, F|
|poke|p2|Sneasler, L50, M|
|poke|p2|Incineroar, L50, F|
|poke|p2|Sinistcha, L50|
|poke|p2|Garchomp, L50, F|
|teampreview|4
|showteam|p1|Gardevoir||Gardevoirite|Trace|HyperVoice,Psychic,Thunderbolt,Protect|Modest||M|||50|]Basculegion||ChoiceScarf|Adaptability|WaveCrash,LastRespects,FlipTurn,AquaJet|Jolly||M|||50|]Talonflame||SharpBeak|GaleWings|DualWingbeat,FlareBlitz,Tailwind,Protect|Jolly||M|||50|]Maushold||FocusSash|FriendGuard|SuperFang,Feint,FollowMe,Protect|Jolly|||||50|]Kingambit||ExpertBelt|Defiant|KowtowCleave,SuckerPunch,IronHead,LowKick|Jolly||F|||50|]Kommo-o||LifeOrb|Soundproof|ClangingScales,DracoMeteor,AuraSphere,Protect|Modest||F|||50|
|showteam|p2|Floette-Eternal||Floettite|FlowerVeil|Protect,CalmMind,Moonblast,DazzlingGleam|Modest||F|||50|]Gyarados||Gyaradosite|Moxie|Protect,DragonDance,Waterfall,Crunch|Adamant||F|||50|]Sneasler||FocusSash|Unburden|FakeOut,DireClaw,CloseCombat,Coaching|Naive||M|||50|]Incineroar||ShucaBerry|Intimidate|FakeOut,PartingShot,FlareBlitz,ThroatChop|Impish||F|||50|]Sinistcha||SitrusBerry|Hospitality|Protect,MatchaGotcha,RagePowder,TrickRoom|Bold|||||50|]Garchomp||LifeOrb|RoughSkin|Protect,StompingTantrum,RockSlide,DragonClaw|Jolly||F|||50|
|inactive|Battle timer is ON: inactive players will automatically lose when time's up. (requested by ground tera)
|
|t:|1784311677
|teamsize|p1|4
|teamsize|p2|4
|start
|switch|p1a: Gardevoir|Gardevoir, L50, M, shiny|100/100
|switch|p1b: Maushold|Maushold, L50|100/100
|switch|p2a: Sneasler|Sneasler, L50, M|100/100
|switch|p2b: Floette|Floette-Eternal, L50, F|100/100
|-ability|p1a: Gardevoir|Flower Veil|Trace|[from] ability: Trace|[of] p2b: Floette
|turn|1
|
|t:|1784311694
|switch|p1a: Basculegion|Basculegion, L50, M, shiny|100/100
|move|p2a: Sneasler|Fake Out|p1b: Maushold
|-damage|p1b: Maushold|81/100
|cant|p1b: Maushold|flinch
|move|p2b: Floette|Calm Mind|p2b: Floette
|-boost|p2b: Floette|spa|1
|-boost|p2b: Floette|spd|1
|
|upkeep
|turn|2
|
|t:|1784311710
|detailschange|p2b: Floette|Floette-Mega, L50, F
|-mega|p2b: Floette|Floette|Floettite
|-ability|p2b: Floette|Fairy Aura
|move|p1a: Basculegion|Wave Crash|p2b: Floette
|-damage|p2b: Floette|31/100
|-damage|p1a: Basculegion|81/100|[from] Recoil
|move|p2a: Sneasler|Close Combat|p1b: Maushold
|-supereffective|p1b: Maushold|1
|-damage|p1b: Maushold|0 fnt
|-unboost|p2a: Sneasler|def|1
|-unboost|p2a: Sneasler|spd|1
|faint|p1b: Maushold
|move|p2b: Floette|Moonblast|p1a: Basculegion
|-damage|p1a: Basculegion|0 fnt
|faint|p1a: Basculegion
|
|upkeep
|
|t:|1784311719
|switch|p1b: Talonflame|Talonflame, L50, M, shiny|100/100
|switch|p1a: Gardevoir|Gardevoir, L50, M, shiny|100/100
|-ability|p1a: Gardevoir|Fairy Aura|Trace|[from] ability: Trace|[of] p2b: Floette
|-ability|p1a: Gardevoir|Fairy Aura
|turn|3
|inactive|swordkn has 30 seconds left.
|inactive|swordkn has 20 seconds left.
|inactive|swordkn has 15 seconds left.
|
|t:|1784311762
|switch|p2a: Incineroar|Incineroar, L50, F|100/100
|-ability|p2a: Incineroar|Intimidate|boost
|-unboost|p1a: Gardevoir|atk|1
|-unboost|p1b: Talonflame|atk|1
|detailschange|p1a: Gardevoir|Gardevoir-Mega, L50, M, shiny
|-mega|p1a: Gardevoir|Gardevoir|Gardevoirite
|move|p2b: Floette|Protect|p2b: Floette
|-singleturn|p2b: Floette|Protect
|move|p1b: Talonflame|Dual Wingbeat|p2a: Incineroar
|-damage|p2a: Incineroar|89/100
|-damage|p2a: Incineroar|78/100
|-hitcount|p2a: Incineroar|2
|move|p1a: Gardevoir|Psychic|p2b: Floette
|-activate|p2b: Floette|move: Protect
|
|upkeep
|turn|4
|inactive|ground tera has 30 seconds left.
|
|t:|1784311790
|move|p2a: Incineroar|Fake Out|p1a: Gardevoir
|-damage|p1a: Gardevoir|83/100
|move|p1b: Talonflame|Dual Wingbeat|p2b: Floette
|-damage|p2b: Floette|18/100
|-damage|p2b: Floette|5/100
|-hitcount|p2b: Floette|2
|cant|p1a: Gardevoir|flinch
|move|p2b: Floette|Dazzling Gleam|p1b: Talonflame|[spread] p1a,p1b
|-resisted|p1b: Talonflame|1
|-damage|p1a: Gardevoir|21/100
|-damage|p1b: Talonflame|47/100
|
|upkeep
|turn|5
|inactive|ground tera has 30 seconds left.
|
|t:|1784311818
|move|p1b: Talonflame|Tailwind|p1b: Talonflame
|-sidestart|p1: swordkn|move: Tailwind
|move|p1a: Gardevoir|Hyper Voice|p2a: Incineroar|[spread] p2a,p2b
|-damage|p2a: Incineroar|10/100
|-damage|p2b: Floette|0 fnt
|faint|p2b: Floette
|move|p2a: Incineroar|Flare Blitz|p1a: Gardevoir
|-damage|p1a: Gardevoir|0 fnt
|faint|p1a: Gardevoir
|-damage|p2a: Incineroar|4/100|[from] Recoil
|
|upkeep
|
|t:|1784311823
|switch|p2b: Sinistcha|Sinistcha, L50|100/100
|-heal|p2a: Incineroar|29/100|[from] ability: Hospitality|[of] p2b: Sinistcha
|turn|6
|-message|swordkn forfeited.
|
|win|ground tera
|l|☆swordkn
|player|p1|
