|j|☆robinrambles
|j|☆wadelah
|html|robinrambleswadelah    
|uhtml|bestof|Game 1 of a best-of-3
|t:|1785249005
|gametype|doubles
|player|p1|robinrambles|dawn-gen4pt|1114
|player|p2|wadelah|cynthia|1045
|gen|9
|tier|[Gen 9 Champions] VGC 2026 Reg M-B (Bo3)
|rated|
|rule|Species Clause: Limit one of each Pokémon
|rule|Item Clause: Limit 1 of each item
|clearpoke
|poke|p1|Staraptor, L50, F|
|poke|p1|Gholdengo, L50|
|poke|p1|Hydreigon, L50, F|
|poke|p1|Farigiraf, L50, M|
|poke|p1|Grimmsnarl, L50, M|
|poke|p1|Aerodactyl, L50, F|
|poke|p2|Swampert, L50, F|
|poke|p2|Pelipper, L50, M, shiny|
|poke|p2|Sinistcha, L50, shiny|
|poke|p2|Archaludon, L50, M|
|poke|p2|Sableye, L50, M|
|poke|p2|Basculegion, L50, M, shiny|
|teampreview|4
|showteam|p1|Staraptor||Staraptite|Intimidate|Roost,Protect,CloseCombat,BraveBird|Jolly||F|||50|]Gholdengo||ColburBerry|GoodasGold|MakeItRain,NastyPlot,ShadowBall,Protect|Timid|||||50|]Hydreigon||ChoiceScarf|Levitate|DracoMeteor,Snarl,EarthPower,Flamethrower|Modest||F|||50|]Farigiraf||SitrusBerry|ArmorTail|Thunderbolt,TwinBeam,Protect,HelpingHand|Calm||M|||50|]Grimmsnarl||RoseliBerry|Prankster|SpiritBreak,Taunt,PartingShot,FakeOut|Adamant||M|||50|]Aerodactyl||WideLens|Unnerve|DualWingbeat,RockSlide,Protect,Tailwind|Jolly||F|||50|
|showteam|p2|Swampert||Swampertite|Torrent|Earthquake,WaveCrash,Protect,IcePunch|Adamant||F|||50|]Pelipper||FocusSash|Drizzle|Hurricane,WeatherBall,Tailwind,Protect|Quiet||M|||50|]Sinistcha||SitrusBerry|Hospitality|MatchaGotcha,Protect,RagePowder,LifeDew|Modest|||||50|]Archaludon||Leftovers|Stamina|DragonPulse,FlashCannon,ElectroShot,Protect|Serious||M|||50|]Sableye||LightClay|Prankster|Reflect,LightScreen,WillOWisp,Protect|Bold||M|||50|]Basculegion||LifeOrb|Adaptability|WaveCrash,LastRespects,Protect,FlipTurn|Jolly||M|||50|
|inactive|Battle timer is ON: inactive players will automatically lose when time's up. (requested by wadelah)
|inactive|robinrambles has 60 seconds left.
|inactive|wadelah has 60 seconds left.
|inactive|wadelah has 30 seconds left.
|
|t:|1785249076
|teamsize|p1|4
|teamsize|p2|4
|start
|switch|p1a: Farigiraf|Farigiraf, L50, M|100/100
|switch|p1b: Hydreigon|Hydreigon, L50, F|100/100
|switch|p2a: Mr.gold|Sableye, L50, M|100/100
|switch|p2b: Pelipper|Pelipper, L50, M, shiny|100/100
|-weather|RainDance|[from] ability: Drizzle|[of] p2b: Pelipper
|turn|1
|inactive|robinrambles has 30 seconds left.
|inactive|wadelah has 30 seconds left.
|inactive|wadelah has 20 seconds left.
|inactive|wadelah has 15 seconds left.
|
|t:|1785249118
|move|p2a: Mr.gold|Light Screen|p2a: Mr.gold
|-sidestart|p2: wadelah|move: Light Screen
|move|p1b: Hydreigon|Snarl|p2a: Mr.gold|[spread] p2a,p2b
|-damage|p2a: Mr.gold|78/100
|-damage|p2b: Pelipper|73/100
|-unboost|p2a: Mr.gold|spa|1
|-unboost|p2b: Pelipper|spa|1
|move|p2b: Pelipper|Weather Ball|p1a: Farigiraf
|-damage|p1a: Farigiraf|66/100
|move|p1a: Farigiraf|Thunderbolt|p2b: Pelipper
|-supereffective|p2b: Pelipper|2
|-damage|p2b: Pelipper|0 fnt
|faint|p2b: Pelipper
|
|-weather|RainDance|[upkeep]
|upkeep
|
|t:|1785249137
|switch|p2b: Swampert|Swampert, L50, F|100/100
|turn|2
|inactive|robinrambles has 30 seconds left.
|
|t:|1785249163
|detailschange|p2b: Swampert|Swampert-Mega, L50, F
|-mega|p2b: Swampert|Swampert|Swampertite
|move|p2a: Mr.gold|Protect|p2a: Mr.gold
|-singleturn|p2a: Mr.gold|Protect
|move|p1a: Farigiraf|Protect|p1a: Farigiraf
|-singleturn|p1a: Farigiraf|Protect
|move|p2b: Swampert|Earthquake|p1b: Hydreigon|[spread] 
|-activate|p2a: Mr.gold|move: Protect
|-activate|p1a: Farigiraf|move: Protect
|-immune|p1b: Hydreigon|[from] ability: Levitate
|move|p1b: Hydreigon|Snarl|p2a: Mr.gold|[spread] p2b
|-activate|p2a: Mr.gold|move: Protect
|-damage|p2b: Swampert|87/100
|-unboost|p2b: Swampert|spa|1
|
|-weather|RainDance|[upkeep]
|upkeep
|turn|3
|inactive|robinrambles has 30 seconds left.
|inactive|wadelah has 30 seconds left.
|inactive|wadelah has 20 seconds left.
|inactive|wadelah has 15 seconds left.
|
|t:|1785249204
|move|p2a: Mr.gold|Will-O-Wisp||[still]
|cant|p1a: Farigiraf|ability: Armor Tail|Will-O-Wisp|[of] p2a: Mr.gold
|move|p2b: Swampert|Ice Punch|p1b: Hydreigon
|-supereffective|p1b: Hydreigon|1
|-damage|p1b: Hydreigon|41/100
|move|p1b: Hydreigon|Snarl|p2a: Mr.gold|[spread] p2a,p2b
|-damage|p2a: Mr.gold|57/100
|-damage|p2b: Swampert|75/100
|-unboost|p2a: Mr.gold|spa|1
|-unboost|p2b: Swampert|spa|1
|move|p1a: Farigiraf|Thunderbolt|p2a: Mr.gold
|-damage|p2a: Mr.gold|33/100
|-status|p2a: Mr.gold|par
|
|-weather|RainDance|[upkeep]
|upkeep
|turn|4
|
|t:|1785249228
|switch|p1b: Grimmsnarl|Grimmsnarl, L50, M|100/100
|move|p2a: Mr.gold|Protect|p2a: Mr.gold
|-singleturn|p2a: Mr.gold|Protect
|move|p2b: Swampert|Ice Punch|p1b: Grimmsnarl
|-damage|p1b: Grimmsnarl|61/100
|-status|p1b: Grimmsnarl|frz
|move|p1a: Farigiraf|Thunderbolt|p2a: Mr.gold
|-activate|p2a: Mr.gold|move: Protect
|
|-weather|RainDance|[upkeep]
|upkeep
|turn|5
|inactive|wadelah has 30 seconds left.
|
|t:|1785249255
|move|p1a: Farigiraf|Protect|p1a: Farigiraf
|-singleturn|p1a: Farigiraf|Protect
|cant|p1b: Grimmsnarl|frz
|move|p2a: Mr.gold|Reflect|p2a: Mr.gold
|-sidestart|p2: wadelah|Reflect
|move|p2b: Swampert|Wave Crash|p1a: Farigiraf
|-activate|p1a: Farigiraf|move: Protect
|
|-weather|none
|upkeep
|turn|6
|
|t:|1785249275
|switch|p1a: Hydreigon|Hydreigon, L50, F|41/100
|move|p2a: Mr.gold|Protect|p2a: Mr.gold
|-singleturn|p2a: Mr.gold|Protect
|move|p2b: Swampert|Wave Crash|p1a: Hydreigon
|-resisted|p1a: Hydreigon|1
|-damage|p1a: Hydreigon|6/100
|-damage|p2b: Swampert|63/100|[from] Recoil
|-curestatus|p1b: Grimmsnarl|frz|[msg]
|move|p1b: Grimmsnarl|Spirit Break|p2a: Mr.gold
|-activate|p2a: Mr.gold|move: Protect
|
|upkeep
|turn|7
|inactive|wadelah has 30 seconds left.
|
|t:|1785249304
|switch|p2a: Basculegion|Basculegion, L50, M, shiny|100/100
|move|p1a: Hydreigon|Draco Meteor|p2b: Swampert
|-damage|p2b: Swampert|23/100
|-unboost|p1a: Hydreigon|spa|2
|move|p2b: Swampert|Ice Punch|p1a: Hydreigon
|-supereffective|p1a: Hydreigon|1
|-damage|p1a: Hydreigon|0 fnt
|faint|p1a: Hydreigon
|move|p1b: Grimmsnarl|Spirit Break|p2a: Basculegion
|-damage|p2a: Basculegion|68/100
|-unboost|p2a: Basculegion|spa|1
|
|upkeep
|
|t:|1785249318
|switch|p1a: Staraptor|Staraptor, L50, F|100/100
|-ability|p1a: Staraptor|Intimidate|boost
|-unboost|p2a: Basculegion|atk|1
|-unboost|p2b: Swampert|atk|1
|turn|8
|
|t:|1785249333
|detailschange|p1a: Staraptor|Staraptor-Mega, L50, F
|-mega|p1a: Staraptor|Staraptor|Staraptite
|move|p2b: Swampert|Protect|p2b: Swampert
|-singleturn|p2b: Swampert|Protect
|move|p1b: Grimmsnarl|Parting Shot|p1a: Staraptor
|-boost|p1a: Staraptor|atk|1
|-boost|p1a: Staraptor|spa|1
|
|t:|1785249340
|switch|p1b: Farigiraf|Farigiraf, L50, M|66/100|[from] Parting Shot
|move|p1a: Staraptor|Brave Bird|p2a: Basculegion
|-damage|p2a: Basculegion|0 fnt
|faint|p2a: Basculegion
|-damage|p1a: Staraptor|74/100|[from] Recoil
|
|-sideend|p2: wadelah|move: Light Screen
|upkeep
|
|t:|1785249352
|switch|p2a: Mr.gold|Sableye, L50, M|33/100 par
|turn|9
|
|t:|1785249367
|move|p1b: Farigiraf|Helping Hand|p1a: Staraptor
|-singleturn|p1a: Staraptor|Helping Hand|[of] p1b: Farigiraf
|move|p2a: Mr.gold|Will-O-Wisp||[still]
|cant|p1b: Farigiraf|ability: Armor Tail|Will-O-Wisp|[of] p2a: Mr.gold
|move|p1a: Staraptor|Close Combat|p2b: Swampert
|-crit|p2b: Swampert
|-damage|p2b: Swampert|0 fnt
|-boost|p1a: Staraptor|def|1
|-boost|p1a: Staraptor|spd|1
|faint|p2b: Swampert
|
|upkeep
|turn|10
|
|t:|1785249384
|move|p1b: Farigiraf|Helping Hand|p1a: Staraptor
|-singleturn|p1a: Staraptor|Helping Hand|[of] p1b: Farigiraf
|move|p2a: Mr.gold|Will-O-Wisp||[still]
|cant|p1b: Farigiraf|ability: Armor Tail|Will-O-Wisp|[of] p2a: Mr.gold
|move|p1a: Staraptor|Brave Bird|p2a: Mr.gold
|-damage|p2a: Mr.gold|0 fnt
|faint|p2a: Mr.gold
|-damage|p1a: Staraptor|65/100|[from] Recoil
|
|win|robinrambles
|inactive|robinrambles has 30 seconds to confirm battle start!
|inactive|wadelah has 30 seconds to confirm battle start!
||robinrambles is ready for game 2.
|inactive|wadelah has 20 seconds to confirm battle start!
|inactive|wadelah has 10 seconds to confirm battle start!
|uhtml|next|Next: Game 2 of 3
|l|☆wadelah
|player|p2|
