|j|☆Mario 30000000
|j|☆robby w
|html|Mario 30000000robby w    
|uhtml|bestof|Game 3 of a best-of-3
|t:|1756685548
|gametype|doubles
|player|p1|Mario 30000000|265|1183
|player|p2|robby w|pokefan-gen4|1274
|gen|9
|tier|[Gen 9] VGC 2025 Reg H (Bo3)
|rated|
|rule|Species Clause: Limit one of each Pokémon
|rule|Item Clause: Limit 1 of each item
|clearpoke
|poke|p1|Basculegion, L50, M|
|poke|p1|Archaludon, L50, F|
|poke|p1|Pelipper, L50, F|
|poke|p1|Kingambit, L50, F|
|poke|p1|Rillaboom, L50, M|
|poke|p1|Sneasler, L50, F|
|poke|p2|Dondozo, L50, F|
|poke|p2|Tatsugiri, L50, M|
|poke|p2|Sneasler, L50, F|
|poke|p2|Whimsicott, L50, F|
|poke|p2|Indeedee, L50, M|
|poke|p2|Hydreigon, L50, M|
|teampreview|4
|showteam|p1|Basculegion||ChoiceBand|SwiftSwim|WaveCrash,AquaJet,FlipTurn,LastRespects|||M|||50|,,,,,Ghost]Archaludon||AssaultVest|Stamina|FlashCannon,DracoMeteor,ElectroShot,BodyPress|||F|||50|,,,,,Fairy]Pelipper||FocusSash|Drizzle|Hurricane,WeatherBall,Tailwind,Protect|||F|||50|,,,,,Ground]Kingambit||BlackGlasses|Defiant|KowtowCleave,SuckerPunch,SwordsDance,Protect|||F|||50|,,,,,Ghost]Rillaboom||LoadedDice|GrassySurge|BulletSeed,GrassyGlide,FakeOut,HighHorsepower|||M|||50|,,,,,Grass]Sneasler||GrassySeed|Unburden|DireClaw,CloseCombat,FakeOut,Protect|||F|||50|,,,,,Ghost
|showteam|p2|Dondozo||Leftovers|Unaware|Protect,WaveCrash,Earthquake,OrderUp|||F|||50|,,,,,Grass]Tatsugiri||ChoiceScarf|Commander|DragonPulse,IcyWind,DracoMeteor,MuddyWater|||M|||50|,,,,,Stellar]Sneasler||PsychicSeed|Unburden|DireClaw,CloseCombat,Protect,ThroatChop|||F|||50|,,,,,Dark]Whimsicott||CovertCloak|Prankster|Tailwind,Moonblast,Taunt,HelpingHand|||F|||50|,,,,,Grass]Indeedee||FocusSash|PsychicSurge|ExpandingForce,TrickRoom,DazzlingGleam,Protect|||M|||50|,,,,,Fairy]Hydreigon||LifeOrb|Levitate|DracoMeteor,Snarl,HeatWave,Protect|||M|||50|,,,,,Steel
|
|t:|1756685570
|teamsize|p1|4
|teamsize|p2|4
|start
|switch|p1a: Pelipper|Pelipper, L50, F|100/100
|switch|p1b: Sneasler|Sneasler, L50, F|100/100
|switch|p2a: Indeedee|Indeedee, L50, M|100/100
|switch|p2b: Sneasler|Sneasler, L50, F|100/100
|-fieldstart|move: Psychic Terrain|[from] ability: Psychic Surge|[of] p2a: Indeedee
|-enditem|p2b: Sneasler|Psychic Seed
|-boost|p2b: Sneasler|spd|1|[from] item: Psychic Seed
|-weather|RainDance|[from] ability: Drizzle|[of] p1a: Pelipper
|turn|1
|inactive|Battle timer is ON: inactive players will automatically lose when time's up. (requested by Mario 30000000)
|inactive|Mario 30000000 has 60 seconds left.
|
|t:|1756685619
|switch|p1a: Rillaboom|Rillaboom, L50, M|100/100
|-fieldstart|move: Grassy Terrain|[from] ability: Grassy Surge|[of] p1a: Rillaboom
|-enditem|p1b: Sneasler|Grassy Seed
|-boost|p1b: Sneasler|def|1|[from] item: Grassy Seed
|move|p1b: Sneasler|Fake Out|p2a: Indeedee
|-damage|p2a: Indeedee|69/100
|move|p2b: Sneasler|Dire Claw|p1a: Rillaboom
|-supereffective|p1a: Rillaboom
|-damage|p1a: Rillaboom|8/100
|cant|p2a: Indeedee|flinch
|
|-weather|RainDance|[upkeep]
|-heal|p2a: Indeedee|75/100|[from] Grassy Terrain
|-heal|p1a: Rillaboom|14/100|[from] Grassy Terrain
|upkeep
|turn|2
|inactive|robby w has 30 seconds left.
|inactive|Mario 30000000 has 30 seconds left.
|
|t:|1756685656
|move|p2a: Indeedee|Protect|p2a: Indeedee
|-singleturn|p2a: Indeedee|Protect
|move|p1a: Rillaboom|Fake Out|p2b: Sneasler
|-damage|p2b: Sneasler|75/100
|move|p1b: Sneasler|Dire Claw|p2b: Sneasler
|-resisted|p2b: Sneasler
|-damage|p2b: Sneasler|32/100
|-status|p2b: Sneasler|par
|cant|p2b: Sneasler|flinch
|
|-weather|RainDance|[upkeep]
|-heal|p2b: Sneasler|38/100 par|[from] Grassy Terrain
|-heal|p2a: Indeedee|80/100|[from] Grassy Terrain
|-heal|p1a: Rillaboom|20/100|[from] Grassy Terrain
|upkeep
|turn|3
|
|t:|1756685679
|switch|p2b: Dondozo|Dondozo, L50, F, shiny|100/100
|move|p1a: Rillaboom|Grassy Glide|p2b: Dondozo
|-supereffective|p2b: Dondozo
|-damage|p2b: Dondozo|44/100
|move|p1b: Sneasler|Dire Claw|p2a: Indeedee
|-damage|p2a: Indeedee|0 fnt
|faint|p2a: Indeedee
|
|-weather|RainDance|[upkeep]
|-heal|p1a: Rillaboom|26/100|[from] Grassy Terrain
|-heal|p2b: Dondozo|50/100|[from] Grassy Terrain
|-heal|p2b: Dondozo|56/100|[from] item: Leftovers
|upkeep
|
|t:|1756685693
|switch|p2a: Tatsugiri|Tatsugiri, L50, M|100/100
|-activate|p2a: Tatsugiri|ability: Commander|[of] p2b: Dondozo
|-boost|p2b: Dondozo|atk|2
|-boost|p2b: Dondozo|spa|2
|-boost|p2b: Dondozo|spe|2
|-boost|p2b: Dondozo|def|2
|-boost|p2b: Dondozo|spd|2
|turn|4
|
|t:|1756685707
|move|p1a: Rillaboom|Grassy Glide|p2b: Dondozo
|-supereffective|p2b: Dondozo
|-damage|p2b: Dondozo|29/100
|move|p1b: Sneasler|Dire Claw|p2b: Dondozo
|-damage|p2b: Dondozo|12/100
|move|p2b: Dondozo|Order Up|p1a: Rillaboom
|-damage|p1a: Rillaboom|0 fnt
|faint|p1a: Rillaboom
|-boost|p2b: Dondozo|atk|1
|
|-weather|RainDance|[upkeep]
|-heal|p2b: Dondozo|18/100|[from] Grassy Terrain
|-heal|p2b: Dondozo|24/100|[from] item: Leftovers
|upkeep
|
|t:|1756685730
|switch|p1a: Pelipper|Pelipper, L50, F|100/100
|turn|5
|
|t:|1756685751
|switch|p1b: Kingambit|Kingambit, L50, F|100/100
|move|p2b: Dondozo|Protect|p2b: Dondozo
|-singleturn|p2b: Dondozo|Protect
|move|p1a: Pelipper|Hurricane|p2b: Dondozo
|-activate|p2b: Dondozo|move: Protect
|
|-weather|none
|-heal|p2b: Dondozo|30/100|[from] Grassy Terrain
|-heal|p2b: Dondozo|36/100|[from] item: Leftovers
|-fieldend|move: Grassy Terrain
|upkeep
|turn|6
|inactive|Mario 30000000 has 30 seconds left.
|
|t:|1756685780
|move|p2b: Dondozo|Wave Crash|p1b: Kingambit
|-damage|p1b: Kingambit|0 fnt
|faint|p1b: Kingambit
|-damage|p2b: Dondozo|6/100|[from] Recoil
|move|p1a: Pelipper|Hurricane|p2b: Dondozo
|-damage|p2b: Dondozo|0 fnt
|faint|p2b: Dondozo
|
|upkeep
|
|t:|1756685789
|switch|p2b: Sneasler|Sneasler, L50, F|38/100 par
|switch|p1b: Sneasler|Sneasler, L50, F|100/100
|turn|7
|
|t:|1756685802
|-terastallize|p2a: Tatsugiri|Stellar
|move|p2a: Tatsugiri|Dragon Pulse|p1b: Sneasler
|-damage|p1b: Sneasler|21/100
|move|p1b: Sneasler|Dire Claw|p2a: Tatsugiri
|-damage|p2a: Tatsugiri|16/100
|-status|p2a: Tatsugiri|psn
|move|p1a: Pelipper|Hurricane|p2b: Sneasler
|-supereffective|p2b: Sneasler
|-damage|p2b: Sneasler|0 fnt
|faint|p2b: Sneasler
|
|-damage|p2a: Tatsugiri|4/100 psn|[from] psn
|upkeep
|turn|8
|c|☆Mario 30000000|Gg
|-message|robby w forfeited.
|
|win|Mario 30000000
|raw|Mario 30000000's rating: 1183 → 1214(+31 for winning)
|raw|robby w's rating: 1274 → 1243(-31 for losing)
|l|☆Mario 30000000
|player|p1|
