|j|☆KatKraydel
|j|☆UnMaesilloMas
|html|KatKraydelUnMaesilloMas    
|uhtml|bestof|Game 1 of a best-of-3
|t:|1785365372
|gametype|doubles
|player|p1|KatKraydel|lebanne|1291
|player|p2|UnMaesilloMas|unknown|1184
|gen|9
|tier|[Gen 9 Champions] VGC 2026 Reg M-B (Bo3)
|rated|
|rule|Species Clause: Limit one of each Pokémon
|rule|Item Clause: Limit 1 of each item
|clearpoke
|poke|p1|Torkoal, L50, F, shiny|
|poke|p1|Farigiraf, L50, F, shiny|
|poke|p1|Sylveon, L50, M, shiny|
|poke|p1|Kingambit, L50, M|
|poke|p1|Kangaskhan, L50, F|
|poke|p1|Basculegion, L50, M|
|poke|p2|Charizard, L50, F|
|poke|p2|Whimsicott, L50, M|
|poke|p2|Basculegion, L50, M|
|poke|p2|Mawile, L50, F|
|poke|p2|Farigiraf, L50, F|
|poke|p2|Garchomp, L50, M|
|teampreview|4
|showteam|p1|Torkoal||Charcoal|Drought|Eruption,HeatWave,WeatherBall,Protect|Quiet||F|||50|]Farigiraf||SitrusBerry|ArmorTail|HyperVoice,Psychic,TrickRoom,Protect|Relaxed||F|||50|]Sylveon||LifeOrb|Pixilate|HyperVoice,HyperBeam,QuickAttack,Protect|Quiet||M|||50|]Kingambit||OccaBerry|Defiant|KowtowCleave,SuckerPunch,LowKick,IronHead|Brave||M|||50|]Kangaskhan||Kangaskhanite|Scrappy|FakeOut,DoubleEdge,LowKick,SuckerPunch|Adamant||F|||50|]Basculegion||ChoiceScarf|Adaptability|WaveCrash,LastRespects,AquaJet,FlipTurn|Jolly||M|||50|
|showteam|p2|Charizard||CharizarditeY|SolarPower|HeatWave,WeatherBall,SolarBeam,Protect|Modest||F|||50|]Whimsicott||FocusSash|Prankster|Moonblast,Tailwind,Encore,Protect|Timid||M|||50|]Basculegion||SitrusBerry|Adaptability|WaveCrash,AquaJet,LastRespects,Protect|Adamant||M|||50|]Mawile||Mawilite|HyperCutter|PlayRough,IronHead,SuckerPunch,RockSlide|Adamant||F|||50|]Farigiraf||ColburBerry|ArmorTail|HyperVoice,Psychic,HelpingHand,TrickRoom|Relaxed||F|||50|]Garchomp||LifeOrb|RoughSkin|Earthquake,DragonClaw,RockSlide,Protect|Jolly||M|||50|
|
|t:|1785365417
|teamsize|p1|4
|teamsize|p2|4
|start
|switch|p1a: Jumpsuit|Farigiraf, L50, F, shiny|100/100
|switch|p1b: Lipslap|Kangaskhan, L50, F|100/100
|switch|p2a: Whimsicott|Whimsicott, L50, M|100/100
|switch|p2b: Garchomp|Garchomp, L50, M|100/100
|turn|1
|
|t:|1785365463
|switch|p2a: Farigiraf|Farigiraf, L50, F|100/100
|detailschange|p1b: Lipslap|Kangaskhan-Mega, L50, F
|-mega|p1b: Lipslap|Kangaskhan|Kangaskhanite
|move|p1b: Lipslap|Fake Out||[still]
|cant|p2a: Farigiraf|ability: Armor Tail|Fake Out|[of] p1b: Lipslap
|move|p2b: Garchomp|Dragon Claw|p1b: Lipslap
|-damage|p1b: Lipslap|55/100
|-damage|p2b: Garchomp|90/100|[from] item: Life Orb
|move|p1a: Jumpsuit|Trick Room|p1a: Jumpsuit
|-fieldstart|move: Trick Room|[of] p1a: Jumpsuit
|
|upkeep
|turn|2
|
|t:|1785365479
|move|p2b: Garchomp|Protect|p2b: Garchomp
|-singleturn|p2b: Garchomp|Protect
|move|p1b: Lipslap|Double-Edge|p2a: Farigiraf
|-damage|p2a: Farigiraf|41/100
|-damage|p2a: Farigiraf|28/100
|-hitcount|p2a: Farigiraf|2
|-damage|p1b: Lipslap|30/100|[from] Recoil
|move|p1a: Jumpsuit|Trick Room|p1a: Jumpsuit
|-fieldend|move: Trick Room
|move|p2a: Farigiraf|Trick Room|p2a: Farigiraf
|-fieldstart|move: Trick Room|[of] p2a: Farigiraf
|
|upkeep
|turn|3
|
|t:|1785365496
|move|p2a: Farigiraf|Psychic|p1b: Lipslap
|-damage|p1b: Lipslap|0 fnt
|faint|p1b: Lipslap
|move|p1a: Jumpsuit|Hyper Voice|p2b: Garchomp|[spread] p2a,p2b
|-damage|p2a: Farigiraf|7/100
|-damage|p2b: Garchomp|62/100
|move|p2b: Garchomp|Rock Slide|p1a: Jumpsuit|[miss]
|-miss|p2b: Garchomp|p1a: Jumpsuit
|
|upkeep
|
|t:|1785365527
|switch|p1b: Space Girl|Sylveon, L50, M, shiny|100/100
|turn|4
|
|t:|1785365536
|move|p2b: Garchomp|Protect|p2b: Garchomp
|-singleturn|p2b: Garchomp|Protect
|move|p2a: Farigiraf|Hyper Voice|p1a: Jumpsuit|[spread] p1a,p1b
|-damage|p1a: Jumpsuit|78/100
|-damage|p1b: Space Girl|82/100
|move|p1a: Jumpsuit|Hyper Voice|p2a: Farigiraf|[spread] p2a
|-activate|p2b: Garchomp|move: Protect
|-damage|p2a: Farigiraf|0 fnt
|faint|p2a: Farigiraf
|move|p1b: Space Girl|Hyper Voice|p2b: Garchomp
|-activate|p2b: Garchomp|move: Protect
|
|upkeep
|
|t:|1785365547
|switch|p2a: Mawile|Mawile, L50, F|100/100
|turn|5
|
|t:|1785365557
|switch|p1a: Boom Clap|Torkoal, L50, F, shiny|100/100
|-weather|SunnyDay|[from] ability: Drought|[of] p1a: Boom Clap
|detailschange|p2a: Mawile|Mawile-Mega, L50, F
|-mega|p2a: Mawile|Mawile|Mawilite
|move|p1b: Space Girl|Hyper Voice|p2a: Mawile|[spread] p2a,p2b
|-resisted|p2a: Mawile|1
|-supereffective|p2b: Garchomp|1
|-damage|p2a: Mawile|67/100
|-damage|p2b: Garchomp|0 fnt
|faint|p2b: Garchomp
|-damage|p1b: Space Girl|72/100|[from] item: Life Orb
|move|p2a: Mawile|Iron Head|p1b: Space Girl
|-supereffective|p1b: Space Girl|1
|-damage|p1b: Space Girl|0 fnt
|faint|p1b: Space Girl
|
|-weather|SunnyDay|[upkeep]
|upkeep
|
|t:|1785365572
|switch|p1b: Jumpsuit|Farigiraf, L50, F, shiny|78/100
|switch|p2b: Whimsicott|Whimsicott, L50, M|100/100
|turn|6
|-message|UnMaesilloMas forfeited.
|
|win|KatKraydel
|l|☆UnMaesilloMas
|player|p2|
||UnMaesilloMas is ready for game 2.
|inactive|KatKraydel has 30 seconds to confirm battle start!
|inactive|KatKraydel has 20 seconds to confirm battle start!
|inactive|KatKraydel has 10 seconds to confirm battle start!
||KatKraydel is ready for game 2.
|uhtml|next|Next: Game 2 of 3
