|j|☆Muichiro25
|j|☆Aeon_Twins
|html|Muichiro25Aeon_Twins    
|uhtml|bestof|Game 3 of a best-of-3
|t:|1782604156
|gametype|doubles
|player|p1|Muichiro25|n|1325
|player|p2|Aeon_Twins|n|1331
|gen|9
|tier|[Gen 9 Champions] VGC 2026 Reg M-B (Bo3)
|rated|
|rule|Species Clause: Limit one of each Pokémon
|rule|Item Clause: Limit 1 of each item
|clearpoke
|poke|p1|Basculegion, L50, M|
|poke|p1|Garchomp, L50, F|
|poke|p1|Charizard, L50, M|
|poke|p1|Kingambit, L50, F|
|poke|p1|Gholdengo, L50|
|poke|p1|Whimsicott, L50, M|
|poke|p2|Metagross, L50|
|poke|p2|Swampert, L50, F|
|poke|p2|Archaludon, L50, F|
|poke|p2|Pelipper, L50, M|
|poke|p2|Sinistcha, L50|
|poke|p2|Grimmsnarl, L50, M|
|teampreview|4
|showteam|p1|Basculegion||ChoiceScarf|Adaptability|AquaJet,LastRespects,WaveCrash,FlipTurn|Jolly||M|||50|]Garchomp||LifeOrb|RoughSkin|DragonClaw,Earthquake,Protect,RockTomb|Jolly||F|||50|]Charizard||CharizarditeY|Blaze|Protect,HeatWave,WeatherBall,SolarBeam|Modest||M|||50|]Kingambit||BlackGlasses|Defiant|SuckerPunch,KowtowCleave,Protect,LowKick|Adamant||F|||50|]Gholdengo||MetalCoat|GoodasGold|Protect,NastyPlot,ShadowBall,MakeItRain|Modest|||||50|]Whimsicott||FocusSash|Prankster|Tailwind,Moonblast,Protect,Encore|Timid||M|||50|
|showteam|p2|Metagross||Metagrossite|ClearBody|IronHead,PsychicFangs,BodyPress,Protect|Jolly|||||50|]Swampert||Swampertite|Torrent|WaveCrash,StompingTantrum,IcePunch,Protect|Adamant||F|||50|]Archaludon||Leftovers|Stamina|DragonPulse,FlashCannon,ElectroShot,Protect|Modest||F|||50|]Pelipper||SitrusBerry|Drizzle|WeatherBall,Hurricane,Tailwind,Protect|Bold||M|||50|]Sinistcha||KasibBerry|Hospitality|MatchaGotcha,RagePowder,LifeDew,Protect|Relaxed|||||50|]Grimmsnarl||LightClay|Prankster|FoulPlay,PartingShot,LightScreen,Reflect|Calm||M|||50|
|inactive|Battle timer is ON: inactive players will automatically lose when time's up. (requested by Muichiro25)
|j| RBPW1
|inactive|Muichiro25 has 60 seconds left.
|inactive|Aeon_Twins has 60 seconds left.
|
|t:|1782604195
|teamsize|p1|4
|teamsize|p2|4
|start
|switch|p1a: Whimsicott|Whimsicott, L50, M|100/100
|switch|p1b: Basculegion|Basculegion, L50, M|100/100
|switch|p2a: Archaludon|Archaludon, L50, F|100/100
|switch|p2b: Sinistcha|Sinistcha, L50|100/100
|turn|1
|inactive|Muichiro25 has 30 seconds left.
|inactive|Muichiro25 has 20 seconds left.
|
|t:|1782604233
|move|p1a: Whimsicott|Protect|p1a: Whimsicott
|-singleturn|p1a: Whimsicott|Protect
|move|p1b: Basculegion|Flip Turn|p2b: Sinistcha
|-resisted|p2b: Sinistcha|1
|-damage|p2b: Sinistcha|85/100
|
|t:|1782604243
|switch|p1b: Garchomp|Garchomp, L50, F|100/100|[from] Flip Turn
|move|p2a: Archaludon|Flash Cannon|p1a: Whimsicott
|-activate|p1a: Whimsicott|move: Protect
|move|p2b: Sinistcha|Matcha Gotcha|p1b: Garchomp|[spread] p1b
|-activate|p1a: Whimsicott|move: Protect
|-damage|p1b: Garchomp|72/100
|-heal|p2b: Sinistcha|100/100|[from] drain|[of] p1b: Garchomp
|
|upkeep
|turn|2
|inactive|Muichiro25 has 30 seconds left.
|
|t:|1782604271
|switch|p1a: Charizard|Charizard, L50, M|100/100
|switch|p2a: Pelipper|Pelipper, L50, M|100/100
|-weather|RainDance|[from] ability: Drizzle|[of] p2a: Pelipper
|move|p1b: Garchomp|Earthquake|p2a: Pelipper|[spread] p2b
|-immune|p1a: Charizard
|-immune|p2a: Pelipper
|-resisted|p2b: Sinistcha|1
|-damage|p2b: Sinistcha|78/100
|-damage|p1b: Garchomp|62/100|[from] item: Life Orb
|move|p2b: Sinistcha|Matcha Gotcha|p1b: Garchomp|[spread] p1a,p1b
|-resisted|p1a: Charizard|2
|-damage|p1a: Charizard|92/100
|-heal|p2b: Sinistcha|82/100|[from] drain|[of] p1a: Charizard
|-damage|p1b: Garchomp|34/100
|-heal|p2b: Sinistcha|96/100|[from] drain|[of] p1b: Garchomp
|-status|p1b: Garchomp|brn
|
|-weather|RainDance|[upkeep]
|-damage|p1b: Garchomp|28/100 brn|[from] brn
|upkeep
|turn|3
|
|t:|1782604289
|switch|p2a: Swampert|Swampert, L50, F|100/100
|detailschange|p1a: Charizard|Charizard-Mega-Y, L50, M
|-mega|p1a: Charizard|Charizard|Charizardite Y
|-weather|SunnyDay|[from] ability: Drought|[of] p1a: Charizard
|move|p2b: Sinistcha|Protect|p2b: Sinistcha
|-singleturn|p2b: Sinistcha|Protect
|move|p1b: Garchomp|Rock Tomb|p2a: Swampert
|-resisted|p2a: Swampert|1
|-damage|p2a: Swampert|92/100
|-unboost|p2a: Swampert|spe|1
|-damage|p1b: Garchomp|18/100 brn|[from] item: Life Orb
|move|p1a: Charizard|Heat Wave|p2b: Sinistcha|[spread] p2a
|-activate|p2b: Sinistcha|move: Protect
|-resisted|p2a: Swampert|1
|-crit|p2a: Swampert
|-damage|p2a: Swampert|29/100
|
|-weather|SunnyDay|[upkeep]
|-damage|p1b: Garchomp|12/100 brn|[from] brn
|upkeep
|turn|4
|inactive|Muichiro25 has 30 seconds left.
|inactive|Aeon_Twins has 30 seconds left.
|inactive|Aeon_Twins has 20 seconds left.
|inactive|Aeon_Twins has 15 seconds left.
|inactive|Aeon_Twins has 10 seconds left.
|inactive|Aeon_Twins has 5 seconds left.
|
|t:|1782604340
|switch|p1a: Basculegion|Basculegion, L50, M|100/100
|switch|p2b: Pelipper|Pelipper, L50, M|100/100
|-weather|RainDance|[from] ability: Drizzle|[of] p2b: Pelipper
|move|p1b: Garchomp|Dragon Claw|p2a: Swampert
|-damage|p2a: Swampert|1/100
|-damage|p1b: Garchomp|3/100 brn|[from] item: Life Orb
|move|p2a: Swampert|Wave Crash|p1a: Basculegion
|-resisted|p1a: Basculegion|1
|-damage|p1a: Basculegion|12/100
|-damage|p2a: Swampert|0 fnt|[from] Recoil
|faint|p2a: Swampert
|
|-weather|RainDance|[upkeep]
|-damage|p1b: Garchomp|0 fnt|[from] brn
|faint|p1b: Garchomp
|upkeep
|
|t:|1782604363
|switch|p1b: Charizard|Charizard-Mega-Y, L50, M|92/100
|switch|p2a: Archaludon|Archaludon, L50, F|100/100
|-weather|SunnyDay|[from] ability: Drought|[of] p1b: Charizard
|turn|5
|
|t:|1782604379
|move|p2a: Archaludon|Protect|p2a: Archaludon
|-singleturn|p2a: Archaludon|Protect
|move|p1a: Basculegion|Last Respects|p2b: Pelipper
|-damage|p2b: Pelipper|40/100
|-enditem|p2b: Pelipper|Sitrus Berry|[eat]
|-heal|p2b: Pelipper|65/100|[from] item: Sitrus Berry
|move|p1b: Charizard|Weather Ball|p2a: Archaludon
|-activate|p2a: Archaludon|move: Protect
|move|p2b: Pelipper|Weather Ball|p1a: Basculegion
|-resisted|p1a: Basculegion|1
|-damage|p1a: Basculegion|0 fnt
|faint|p1a: Basculegion
|
|-weather|SunnyDay|[upkeep]
|upkeep
|
|t:|1782604389
|switch|p1a: Whimsicott|Whimsicott, L50, M|100/100
|turn|6
|
|t:|1782604412
|switch|p2b: Sinistcha|Sinistcha, L50|96/100
|move|p2a: Archaludon|Protect||[still]
|-fail|p2a: Archaludon
|move|p1a: Whimsicott|Encore|p2a: Archaludon
|-start|p2a: Archaludon|Encore
|move|p1b: Charizard|Solar Beam||[still]
|-prepare|p1b: Charizard|Solar Beam
|-anim|p1b: Charizard|Solar Beam|p2b: Sinistcha
|-resisted|p2b: Sinistcha|1
|-damage|p2b: Sinistcha|71/100
|
|-weather|SunnyDay|[upkeep]
|upkeep
|turn|7
|
|t:|1782604429
|switch|p2a: Pelipper|Pelipper, L50, M|65/100
|-weather|RainDance|[from] ability: Drizzle|[of] p2a: Pelipper
|move|p1a: Whimsicott|Moonblast|p2a: Pelipper
|-damage|p2a: Pelipper|27/100
|move|p1b: Charizard|Heat Wave|p2a: Pelipper|[spread] p2a
|-miss|p1b: Charizard|p2b: Sinistcha
|-resisted|p2a: Pelipper|1
|-damage|p2a: Pelipper|14/100
|move|p2b: Sinistcha|Life Dew|p2b: Sinistcha|[spread] p2a,p2b
|-heal|p2a: Pelipper|39/100
|-heal|p2b: Sinistcha|96/100
|
|-weather|RainDance|[upkeep]
|upkeep
|turn|8
|inactive|Aeon_Twins has 30 seconds left.
|inactive|Aeon_Twins has 20 seconds left.
|inactive|Aeon_Twins has 15 seconds left.
|inactive|Aeon_Twins has 10 seconds left.
|inactive|Aeon_Twins has 5 seconds left.
|
|t:|1782604484
|move|p1a: Whimsicott|Protect|p1a: Whimsicott
|-singleturn|p1a: Whimsicott|Protect
|move|p1b: Charizard|Protect|p1b: Charizard
|-singleturn|p1b: Charizard|Protect
|move|p2a: Pelipper|Weather Ball|p1a: Whimsicott
|-activate|p1a: Whimsicott|move: Protect
|move|p2b: Sinistcha|Matcha Gotcha|p1a: Whimsicott|[spread] 
|-activate|p1a: Whimsicott|move: Protect
|-activate|p1b: Charizard|move: Protect
|
|-weather|RainDance|[upkeep]
|upkeep
|turn|9
|inactive|Aeon_Twins has 30 seconds left.
|inactive|Aeon_Twins has 20 seconds left.
|inactive|Aeon_Twins has 15 seconds left.
|
|t:|1782604526
|switch|p2a: Archaludon|Archaludon, L50, F|100/100
|move|p1a: Whimsicott|Moonblast|p2a: Archaludon
|-damage|p2a: Archaludon|66/100
|-unboost|p2a: Archaludon|spa|1
|-ability|p2a: Archaludon|Stamina|boost
|-boost|p2a: Archaludon|def|1
|move|p1b: Charizard|Heat Wave|p2a: Archaludon|[spread] p2b
|-miss|p1b: Charizard|p2a: Archaludon
|-supereffective|p2b: Sinistcha|1
|-damage|p2b: Sinistcha|46/100
|move|p2b: Sinistcha|Life Dew|p2b: Sinistcha|[spread] p2a,p2b
|-heal|p2a: Archaludon|91/100
|-heal|p2b: Sinistcha|71/100
|
|-weather|RainDance|[upkeep]
|-heal|p2a: Archaludon|97/100|[from] item: Leftovers
|upkeep
|turn|10
|inactive|Muichiro25 has 30 seconds left.
|inactive|Muichiro25 has 20 seconds left.
|
|t:|1782604562
|move|p1a: Whimsicott|Protect|p1a: Whimsicott
|-singleturn|p1a: Whimsicott|Protect
|move|p1b: Charizard|Protect|p1b: Charizard
|-singleturn|p1b: Charizard|Protect
|move|p2a: Archaludon|Electro Shot||[still]
|-prepare|p2a: Archaludon|Electro Shot
|-boost|p2a: Archaludon|spa|1
|-anim|p2a: Archaludon|Electro Shot|p1b: Charizard
|-activate|p1b: Charizard|move: Protect
|move|p2b: Sinistcha|Matcha Gotcha|p1a: Whimsicott|[spread] 
|-activate|p1a: Whimsicott|move: Protect
|-activate|p1b: Charizard|move: Protect
|
|-weather|RainDance|[upkeep]
|-heal|p2a: Archaludon|100/100|[from] item: Leftovers
|upkeep
|turn|11
|inactive|Muichiro25 has 30 seconds left.
|
|t:|1782604588
|move|p1b: Charizard|Protect||[still]
|-fail|p1b: Charizard
|move|p1a: Whimsicott|Encore|p2b: Sinistcha
|-start|p2b: Sinistcha|Encore
|move|p2a: Archaludon|Electro Shot||[still]
|-prepare|p2a: Archaludon|Electro Shot
|-boost|p2a: Archaludon|spa|1
|-anim|p2a: Archaludon|Electro Shot|p1b: Charizard
|-supereffective|p1b: Charizard|1
|-damage|p1b: Charizard|0 fnt
|faint|p1b: Charizard
|move|p2b: Sinistcha|Matcha Gotcha|p1a: Whimsicott|[miss]
|-miss|p2b: Sinistcha|p1a: Whimsicott
|
|-weather|none
|upkeep
|turn|12
|l| RBPW1
|inactive|Aeon_Twins has 30 seconds left.
|
|t:|1782604621
|move|p1a: Whimsicott|Encore|p2a: Archaludon
|-start|p2a: Archaludon|Encore
|move|p2a: Archaludon|Electro Shot||[still]
|-prepare|p2a: Archaludon|Electro Shot
|-boost|p2a: Archaludon|spa|1
|move|p2b: Sinistcha|Matcha Gotcha|p1a: Whimsicott
|-resisted|p1a: Whimsicott|1
|-damage|p1a: Whimsicott|72/100
|-heal|p2b: Sinistcha|82/100|[from] drain|[of] p1a: Whimsicott
|
|upkeep
|turn|13
|
|t:|1782604637
|switch|p2b: Pelipper|Pelipper, L50, M|39/100
|-weather|RainDance|[from] ability: Drizzle|[of] p2b: Pelipper
|move|p1a: Whimsicott|Protect|p1a: Whimsicott
|-singleturn|p1a: Whimsicott|Protect
|move|p2a: Archaludon|Electro Shot|p1a: Whimsicott|[from] lockedmove
|-activate|p1a: Whimsicott|move: Protect
|
|-weather|RainDance|[upkeep]
|upkeep
|turn|14
|
|t:|1782604645
|move|p2b: Pelipper|Protect|p2b: Pelipper
|-singleturn|p2b: Pelipper|Protect
|move|p1a: Whimsicott|Moonblast|p2b: Pelipper
|-activate|p2b: Pelipper|move: Protect
|move|p2a: Archaludon|Electro Shot||[still]
|-prepare|p2a: Archaludon|Electro Shot
|-boost|p2a: Archaludon|spa|1
|-anim|p2a: Archaludon|Electro Shot|p1a: Whimsicott
|-resisted|p1a: Whimsicott|1
|-damage|p1a: Whimsicott|0 fnt
|faint|p1a: Whimsicott
|
|win|Aeon_Twins
