|j|☆FlopsCouldNeva
|j|☆icedoutobama
|html|FlopsCouldNevaicedoutobama    
|uhtml|bestof|Game 2 of a best-of-3
|t:|1757001875
|gametype|doubles
|player|p1|FlopsCouldNeva|will|1000
|player|p2|icedoutobama|skier|1065
|gen|9
|tier|[Gen 9] VGC 2025 Reg H (Bo3)
|rated|
|rule|Species Clause: Limit one of each Pokémon
|rule|Item Clause: Limit 1 of each item
|clearpoke
|poke|p1|Pelipper, L50, F|
|poke|p1|Archaludon, L50, M|
|poke|p1|Sneasler, L50, M|
|poke|p1|Basculegion, L50, M|
|poke|p1|Indeedee, L50, M|
|poke|p1|Farigiraf, L50, F|
|poke|p2|Murkrow, L50, M|
|poke|p2|Abomasnow, L50, F|
|poke|p2|Indeedee, L50, M|
|poke|p2|Sneasler, L50, M|
|poke|p2|Gholdengo, L50|
|poke|p2|Basculegion, L50, M|
|teampreview|4
|showteam|p1|Pelipper||FocusSash|Drizzle|Hurricane,Protect,WeatherBall,Tailwind|||F|||50|,,,,,Ghost]Archaludon||AssaultVest|Stamina|BodyPress,DragonPulse,ElectroShot,FlashCannon|||M|||50|,,,,,Grass]Sneasler||PsychicSeed|Unburden|CloseCombat,DireClaw,Protect,ThroatChop|||M|||50|,,,,,Dark]Basculegion||LifeOrb|SwiftSwim|FlipTurn,LastRespects,Protect,WaveCrash|||M|||50|,,,,,Water]Indeedee||ChoiceScarf|PsychicSurge|ExpandingForce,TeraBlast,Psyshock,ShadowBall|||M|||50|,,,,,Ground]Farigiraf||ThroatSpray|ArmorTail|ExpandingForce,Protect,TrickRoom,HyperVoice|||F|||50|,,,,,Fairy
|showteam|p2|Murkrow||Eviolite|Prankster|FoulPlay,Tailwind,Haze,Protect|||M|||50|,,,,,Ghost]Abomasnow||AssaultVest|SnowWarning|Blizzard,LeafStorm,EarthPower,WeatherBall|||F|||50|,,,,,Fire]Indeedee||FocusSash|PsychicSurge|ExpandingForce,TeraBlast,Imprison,TrickRoom|||M|||50|,,,,,Fighting]Sneasler||PsychicSeed|Unburden|DireClaw,CloseCombat,ThroatChop,Protect|||M|||50|,,,,,Dark]Gholdengo||LifeOrb|GoodasGold|MakeItRain,ShadowBall,NastyPlot,Protect||||||50|,,,,,Steel]Basculegion||ChoiceScarf|Adaptability|WaveCrash,LastRespects,AquaJet,FlipTurn|||M|||50|,,,,,Grass
|inactive|Battle timer is ON: inactive players will automatically lose when time's up. (requested by icedoutobama)
|
|t:|1757001893
|teamsize|p1|4
|teamsize|p2|4
|start
|switch|p1a: Sneasler|Sneasler, L50, M|100/100
|switch|p1b: Indeedee|Indeedee, L50, M|100/100
|switch|p2a: Longclaw|Sneasler, L50, M, shiny|100/100
|switch|p2b: Brynden Rivers|Murkrow, L50, M|100/100
|-fieldstart|move: Psychic Terrain|[from] ability: Psychic Surge|[of] p1b: Indeedee
|-enditem|p2a: Longclaw|Psychic Seed
|-boost|p2a: Longclaw|spd|1|[from] item: Psychic Seed
|-enditem|p1a: Sneasler|Psychic Seed
|-boost|p1a: Sneasler|spd|1|[from] item: Psychic Seed
|turn|1
|inactive|FlopsCouldNeva has 30 seconds left.
|inactive|icedoutobama has 30 seconds left.
|inactive|FlopsCouldNeva has 20 seconds left.
|
|t:|1757001931
|move|p2b: Brynden Rivers|Tailwind|p2b: Brynden Rivers
|-sidestart|p2: icedoutobama|move: Tailwind
|move|p2a: Longclaw|Throat Chop|p1b: Indeedee
|-supereffective|p1b: Indeedee
|-damage|p1b: Indeedee|0 fnt
|faint|p1b: Indeedee
|move|p1a: Sneasler|Close Combat|p2a: Longclaw
|-resisted|p2a: Longclaw
|-damage|p2a: Longclaw|47/100
|-unboost|p1a: Sneasler|def|1
|-unboost|p1a: Sneasler|spd|1
|
|upkeep
|
|t:|1757001940
|switch|p1b: Pelipper|Pelipper, L50, F|100/100
|-weather|RainDance|[from] ability: Drizzle|[of] p1b: Pelipper
|turn|2
|inactive|FlopsCouldNeva has 30 seconds left.
|
|t:|1757001967
|move|p1a: Sneasler|Protect|p1a: Sneasler
|-singleturn|p1a: Sneasler|Protect
|move|p2a: Longclaw|Dire Claw|p1b: Pelipper
|-damage|p1b: Pelipper|42/100
|move|p2b: Brynden Rivers|Foul Play|p1b: Pelipper
|-damage|p1b: Pelipper|22/100
|move|p1b: Pelipper|Hurricane|p2a: Longclaw
|-supereffective|p2a: Longclaw
|-damage|p2a: Longclaw|0 fnt
|faint|p2a: Longclaw
|
|-weather|RainDance|[upkeep]
|upkeep
|
|t:|1757001991
|switch|p2a: Houndfish|Basculegion, L50, M, shiny|100/100
|turn|3
|
|t:|1757002006
|move|p1b: Pelipper|Protect|p1b: Pelipper
|-singleturn|p1b: Pelipper|Protect
|move|p2a: Houndfish|Flip Turn|p1b: Pelipper
|-activate|p1b: Pelipper|move: Protect
|move|p1a: Sneasler|Throat Chop|p2a: Houndfish
|-supereffective|p2a: Houndfish
|-damage|p2a: Houndfish|21/100
|-start|p2a: Houndfish|Throat Chop|[silent]
|move|p2b: Brynden Rivers|Foul Play|p1a: Sneasler
|-resisted|p1a: Sneasler
|-damage|p1a: Sneasler|42/100
|
|-weather|RainDance|[upkeep]
|upkeep
|turn|4
|
|t:|1757002027
|move|p2a: Houndfish|Flip Turn|p1a: Sneasler
|-damage|p1a: Sneasler|0 fnt
|faint|p1a: Sneasler
|
|t:|1757002030
|switch|p2a: Evergreen|Abomasnow, L50, F|100/100|[from] Flip Turn
|-weather|Snowscape|[from] ability: Snow Warning|[of] p2a: Evergreen
|move|p2b: Brynden Rivers|Foul Play|p1b: Pelipper
|-damage|p1b: Pelipper|4/100
|move|p1b: Pelipper|Hurricane|p2b: Brynden Rivers
|-damage|p2b: Brynden Rivers|46/100
|-start|p2b: Brynden Rivers|confusion
|
|-weather|Snowscape|[upkeep]
|-sideend|p2: icedoutobama|move: Tailwind
|upkeep
|
|t:|1757002040
|switch|p1a: Archaludon|Archaludon, L50, M|100/100
|turn|5
|inactive|FlopsCouldNeva has 30 seconds left.
|
|t:|1757002068
|-terastallize|p2a: Evergreen|Fire
|-activate|p2b: Brynden Rivers|confusion
|move|p2b: Brynden Rivers|Tailwind|p2b: Brynden Rivers
|-sidestart|p2: icedoutobama|move: Tailwind
|move|p2a: Evergreen|Blizzard|p1a: Archaludon|[spread] p1a,p1b
|-damage|p1a: Archaludon|79/100
|-damage|p1b: Pelipper|0 fnt
|-ability|p1a: Archaludon|Stamina|boost
|-boost|p1a: Archaludon|def|1
|faint|p1b: Pelipper
|move|p1a: Archaludon|Body Press|p2a: Evergreen
|-crit|p2a: Evergreen
|-damage|p2a: Evergreen|50/100
|
|-weather|Snowscape|[upkeep]
|-fieldend|move: Psychic Terrain
|upkeep
|turn|6
|
|t:|1757002089
|-terastallize|p1a: Archaludon|Grass
|-activate|p2b: Brynden Rivers|confusion
|-damage|p2b: Brynden Rivers|38/100|[from] confusion
|move|p2a: Evergreen|Blizzard|p1a: Archaludon
|-supereffective|p1a: Archaludon
|-damage|p1a: Archaludon|20/100
|-ability|p1a: Archaludon|Stamina|boost
|-boost|p1a: Archaludon|def|1
|move|p1a: Archaludon|Dragon Pulse|p2a: Evergreen
|-damage|p2a: Evergreen|19/100
|
|-weather|Snowscape|[upkeep]
|upkeep
|turn|7
|-message|FlopsCouldNeva forfeited.
|
|win|icedoutobama
||FlopsCouldNeva is ready for game 3.
