|j|☆cannibal lyrics
|j|☆Itami-san
|html|cannibal lyricsItami-san    
|uhtml|bestof|Game 3 of a best-of-3
|t:|1785208426
|gametype|doubles
|player|p1|cannibal lyrics|lady-gen4|
|player|p2|Itami-san|265|
|gen|9
|tier|[Gen 9 Champions] VGC 2026 Reg M-B (Bo3)
|rule|Species Clause: Limit one of each Pokémon
|rule|Item Clause: Limit 1 of each item
|clearpoke
|poke|p1|Froslass, L50, F|
|poke|p1|Sneasler, L50, F|
|poke|p1|Kingambit, L50, M|
|poke|p1|Basculegion, L50, M|
|poke|p1|Scovillain, L50, M|
|poke|p1|Lycanroc-Dusk, L50, F|
|poke|p2|Staraptor, L50, F, shiny|
|poke|p2|Vanilluxe, L50, M, shiny|
|poke|p2|Farigiraf, L50, F, shiny|
|poke|p2|Blastoise, L50, F, shiny|
|poke|p2|Kingambit, L50, F, shiny|
|poke|p2|Camerupt, L50, F, shiny|
|teampreview|4
|showteam|p1|Froslass||Froslassite|CursedBody|Protect,Blizzard,AuroraVeil,ShadowBall|Modest||F|||50|]Sneasler||WhiteHerb|Unburden|Protect,CloseCombat,FakeOut,GunkShot|Adamant||F|||50|]Kingambit||BlackGlasses|Defiant|Protect,KowtowCleave,SwordsDance,SuckerPunch|Adamant||M|||50|]Basculegion||SitrusBerry|Adaptability|Protect,WaveCrash,LastRespects,AquaJet|Adamant||M|||50|]Scovillain||Scovillainite|Moody|Protect,GigaDrain,Overheat,RagePowder|Bold||M|||50|]Lycanroc-Dusk||FocusSash|ToughClaws|Protect,Accelerock,RockSlide,CloseCombat|Adamant||F|||50|
|showteam|p2|Staraptor||ChoiceScarf|Intimidate|FinalGambit,BraveBird,CloseCombat,Uturn|Jolly||F|||50|]Vanilluxe||NeverMeltIce|SnowWarning|Blizzard,FreezeDry,Protect,IceShard|Quiet||M|||50|]Farigiraf||SitrusBerry|ArmorTail|PsychicFangs,HyperVoice,HelpingHand,TrickRoom|Relaxed||F|||50|]Blastoise||Blastoisinite|RainDish|FakeOut,WaterSpout,AuraSphere,DarkPulse|Quiet||F|||50|]Kingambit||LifeOrb|Defiant|KowtowCleave,IronHead,Protect,SuckerPunch|Brave||F|||50|]Camerupt||Cameruptite|SolidRock|HeatWave,EarthPower,Protect,AncientPower|Quiet||F|||50|
|j| 4090ti
|
|t:|1785208463
|teamsize|p1|4
|teamsize|p2|4
|start
|switch|p1a: Froslass|Froslass, L50, F|100/100
|switch|p1b: Basculegion|Basculegion, L50, M|100/100
|switch|p2a: Kingambit|Kingambit, L50, F, shiny|100/100
|switch|p2b: Blastoise|Blastoise, L50, F, shiny|100/100
|turn|1
|
|t:|1785208494
|switch|p1b: Kingambit|Kingambit, L50, M|100/100
|detailschange|p1a: Froslass|Froslass-Mega, L50, F
|-mega|p1a: Froslass|Froslass|Froslassite
|-weather|Snowscape|[from] ability: Snow Warning|[of] p1a: Froslass
|detailschange|p2b: Blastoise|Blastoise-Mega, L50, F, shiny
|-mega|p2b: Blastoise|Blastoise|Blastoisinite
|move|p2a: Kingambit|Sucker Punch||[still]
|-fail|p2a: Kingambit
|move|p1a: Froslass|Aurora Veil|p1a: Froslass
|-sidestart|p1: cannibal lyrics|move: Aurora Veil
|move|p2b: Blastoise|Dark Pulse|p1a: Froslass
|-supereffective|p1a: Froslass|1
|-damage|p1a: Froslass|40/100
|
|-weather|Snowscape|[upkeep]
|upkeep
|turn|2
|j| andres1006
|
|t:|1785208532
|switch|p1a: Sneasler|Sneasler, L50, F|100/100
|switch|p1b: Basculegion|Basculegion, L50, M|100/100
|move|p2a: Kingambit|Sucker Punch||[still]
|-fail|p2a: Kingambit
|move|p2b: Blastoise|Aura Sphere|p1b: Basculegion
|-immune|p1b: Basculegion
|
|-weather|Snowscape|[upkeep]
|upkeep
|turn|3
|c| andres1006|Hazle sucker
|c| 4090ti|👉👌💧
|c|☆cannibal lyrics|así se comunica mauro en grindr
|c| andres1006|(°•°)
|
|t:|1785208612
|move|p2a: Kingambit|Protect|p2a: Kingambit
|-singleturn|p2a: Kingambit|Protect
|move|p1a: Sneasler|Close Combat|p2b: Blastoise
|-damage|p2b: Blastoise|54/100
|-unboost|p1a: Sneasler|def|1
|-unboost|p1a: Sneasler|spd|1
|-enditem|p1a: Sneasler|White Herb
|-clearnegativeboost|p1a: Sneasler|[silent]
|move|p1b: Basculegion|Wave Crash|p2b: Blastoise
|-resisted|p2b: Blastoise|1
|-damage|p2b: Blastoise|24/100
|-damage|p1b: Basculegion|91/100|[from] Recoil
|move|p2b: Blastoise|Dark Pulse|p1b: Basculegion
|-supereffective|p1b: Basculegion|1
|-damage|p1b: Basculegion|25/100
|-enditem|p1b: Basculegion|Sitrus Berry|[eat]
|-heal|p1b: Basculegion|49/100|[from] item: Sitrus Berry
|
|-weather|Snowscape|[upkeep]
|upkeep
|turn|4
|c| 4090ti|Ni que fuera Andrés1006
|c| andres1006|Que hicieras sucker ps pendejo
|c| andres1006|Ya no tr coacheo
|c| 4090ti|Aqua jet y CC
|
|t:|1785208662
|switch|p1b: Kingambit|Kingambit, L50, M|100/100
|switch|p2a: Farigiraf|Farigiraf, L50, F, shiny|100/100
|move|p1a: Sneasler|Close Combat|p2a: Farigiraf
|-damage|p2a: Farigiraf|55/100
|-unboost|p1a: Sneasler|def|1
|-unboost|p1a: Sneasler|spd|1
|move|p2b: Blastoise|Dark Pulse|p1b: Kingambit
|-resisted|p1b: Kingambit|1
|-damage|p1b: Kingambit|84/100
|
|-weather|Snowscape|[upkeep]
|upkeep
|turn|5
|c| andres1006|No iba a hacer aqua jet la pta
|
|t:|1785208678
|move|p1a: Sneasler|Close Combat|p2b: Blastoise
|-damage|p2b: Blastoise|0 fnt
|-unboost|p1a: Sneasler|def|1
|-unboost|p1a: Sneasler|spd|1
|faint|p2b: Blastoise
|move|p1b: Kingambit|Kowtow Cleave|p2a: Farigiraf
|-supereffective|p2a: Farigiraf|1
|-damage|p2a: Farigiraf|0 fnt
|faint|p2a: Farigiraf
|
|-weather|none
|-sideend|p1: cannibal lyrics|move: Aurora Veil
|upkeep
|
|t:|1785208681
|switch|p2b: Camerupt|Camerupt, L50, F, shiny|100/100
|switch|p2a: Kingambit|Kingambit, L50, F, shiny|100/100
|turn|6
|
|t:|1785208698
|move|p1b: Kingambit|Sucker Punch|p2b: Camerupt
|-damage|p2b: Camerupt|38/100
|move|p2a: Kingambit|Sucker Punch|p1a: Sneasler
|-resisted|p1a: Sneasler|1
|-damage|p1a: Sneasler|42/100
|-damage|p2a: Kingambit|90/100|[from] item: Life Orb
|move|p1a: Sneasler|Close Combat|p2b: Camerupt
|-damage|p2b: Camerupt|0 fnt
|-unboost|p1a: Sneasler|def|1
|-unboost|p1a: Sneasler|spd|1
|faint|p2b: Camerupt
|
|upkeep
|turn|7
|
|t:|1785208718
|move|p1a: Sneasler|Protect|p1a: Sneasler
|-singleturn|p1a: Sneasler|Protect
|move|p2a: Kingambit|Sucker Punch||[still]
|-fail|p2a: Kingambit
|move|p1b: Kingambit|Swords Dance|p1b: Kingambit
|-boost|p1b: Kingambit|atk|2
|
|upkeep
|turn|8
|
|t:|1785208727
|move|p2a: Kingambit|Sucker Punch|p1a: Sneasler
|-resisted|p1a: Sneasler|1
|-damage|p1a: Sneasler|0 fnt
|faint|p1a: Sneasler
|-damage|p2a: Kingambit|80/100|[from] item: Life Orb
|move|p1b: Kingambit|Kowtow Cleave|p2a: Kingambit
|-resisted|p2a: Kingambit|1
|-damage|p2a: Kingambit|37/100
|
|upkeep
|
|t:|1785208737
|switch|p1a: Basculegion|Basculegion, L50, M|49/100
|turn|9
|
|t:|1785208742
|move|p1a: Basculegion|Aqua Jet|p2a: Kingambit
|-damage|p2a: Kingambit|18/100
|move|p1b: Kingambit|Kowtow Cleave|p2a: Kingambit
|-resisted|p2a: Kingambit|1
|-damage|p2a: Kingambit|0 fnt
|faint|p2a: Kingambit
|
|win|cannibal lyrics
|c|☆cannibal lyrics|gg
