|j|☆Linkmasterjr
|j|☆jonathan53332
|html|Linkmasterjrjonathan53332    
|uhtml|bestof|Game 3 of a best-of-3
|t:|1782465807
|gametype|doubles
|player|p1|Linkmasterjr|265|
|player|p2|jonathan53332|266|
|gen|9
|tier|[Gen 9 Champions] VGC 2026 Reg M-B (Bo3)
|rule|Species Clause: Limit one of each Pokémon
|rule|Item Clause: Limit 1 of each item
|clearpoke
|poke|p1|Tyranitar, L50, F|
|poke|p1|Garchomp, L50, F|
|poke|p1|Scizor, L50, F|
|poke|p1|Sandaconda, L50, M|
|poke|p1|Raichu, L50, F|
|poke|p1|Gengar, L50, F|
|poke|p2|Primarina, L50, M|
|poke|p2|Sinistcha-Masterpiece, L50, shiny|
|poke|p2|Pelipper, L50, F|
|poke|p2|Excadrill, L50, M|
|poke|p2|Golurk, L50|
|poke|p2|Eelektross, L50, F, shiny|
|teampreview|4
|showteam|p1|Tyranitar||BrightPowder|SandStream|RockSlide,Avalanche,Crunch,Protect|Adamant||F|||50|]Garchomp||MuscleBand|SandVeil|IronHead,Earthquake,Crunch,Protect|Jolly||F|||50|]Scizor||Scizorite|Technician|Tailwind,SwordsDance,DualWingbeat,CloseCombat|Adamant||F|||50|]Sandaconda||LifeOrb|SandSpit|Coil,Glare,Protect,Substitute|Timid||M|||50|]Raichu||RaichuniteY|LightningRod|FakeOut,AlluringVoice,ZapCannon,FocusBlast|Hasty||F|||50|]Gengar||Gengarite|CursedBody|ShadowBall,SludgeBomb,Thunder,DestinyBond|Timid||F|||50|
|showteam|p2|Primarina||Leftovers|LiquidVoice|HyperVoice,Blizzard,PerishSong,ShadowBall|Modest||M|||50|]Sinistcha-Masterpiece||SitrusBerry|Hospitality|MatchaGotcha,StrengthSap,ShadowBall,Scald|Modest|||||50|]Pelipper||FocusSash|Drizzle|Hurricane,WideGuard,IcyWind,Tailwind|Modest||F|||50|]Excadrill||Excadrite|MoldBreaker|Earthquake,IronHead,BrickBreak,Protect|Jolly||M|||50|]Golurk||Golurkite|NoGuard|DynamicPunch,FirePunch,HeadlongRush,Poltergeist|Adamant|||||50|]Eelektross||Eelektrossite|Levitate|Flamethrower,WildCharge,Crunch,Protect|Hasty||F|||50|
|
|t:|1782465825
|teamsize|p1|4
|teamsize|p2|4
|start
|switch|p1a: Sandaconda|Sandaconda, L50, M|100/100
|switch|p1b: Tyranitar|Tyranitar, L50, F|100/100
|switch|p2a: Sinistcha|Sinistcha-Masterpiece, L50, shiny|100/100
|switch|p2b: Primarina|Primarina, L50, M|100/100
|-weather|Sandstorm|[from] ability: Sand Stream|[of] p1b: Tyranitar
|turn|1
|
|t:|1782465850
|move|p1b: Tyranitar|Protect|p1b: Tyranitar
|-singleturn|p1b: Tyranitar|Protect
|move|p1a: Sandaconda|Glare|p2b: Primarina
|-status|p2b: Primarina|par
|move|p2a: Sinistcha|Matcha Gotcha|p1b: Tyranitar|[spread] p1a
|-activate|p1b: Tyranitar|move: Protect
|-supereffective|p1a: Sandaconda|1
|-damage|p1a: Sandaconda|11/100
|move|p2b: Primarina|Hyper Voice|p1b: Tyranitar|[spread] p1a
|-activate|p1b: Tyranitar|move: Protect
|-supereffective|p1a: Sandaconda|1
|-damage|p1a: Sandaconda|0 fnt
|faint|p1a: Sandaconda
|
|-weather|Sandstorm|[upkeep]
|-damage|p2a: Sinistcha|93/100|[from] Sandstorm
|-damage|p2b: Primarina|94/100 par|[from] Sandstorm
|-heal|p2b: Primarina|100/100 par|[from] item: Leftovers
|upkeep
|
|t:|1782465859
|switch|p1a: Garchomp|Garchomp, L50, F|100/100
|turn|2
|
|t:|1782465866
|move|p1a: Garchomp|Crunch|p2a: Sinistcha
|-supereffective|p2a: Sinistcha|1
|-damage|p2a: Sinistcha|35/100
|-enditem|p2a: Sinistcha|Sitrus Berry|[eat]
|-heal|p2a: Sinistcha|60/100|[from] item: Sitrus Berry
|move|p2a: Sinistcha|Matcha Gotcha|p1a: Garchomp|[spread] p1a,p1b
|-supereffective|p1b: Tyranitar|1
|-damage|p1a: Garchomp|62/100
|-heal|p2a: Sinistcha|79/100|[from] drain|[of] p1a: Garchomp
|-damage|p1b: Tyranitar|65/100
|-heal|p2a: Sinistcha|100/100|[from] drain|[of] p1b: Tyranitar
|move|p1b: Tyranitar|Crunch|p2a: Sinistcha
|-supereffective|p2a: Sinistcha|1
|-damage|p2a: Sinistcha|8/100
|move|p2b: Primarina|Blizzard|p1b: Tyranitar|[spread] 
|-miss|p2b: Primarina|p1a: Garchomp
|-miss|p2b: Primarina|p1b: Tyranitar
|
|-weather|Sandstorm|[upkeep]
|-damage|p2a: Sinistcha|2/100|[from] Sandstorm
|-damage|p2b: Primarina|94/100 par|[from] Sandstorm
|-heal|p2b: Primarina|100/100 par|[from] item: Leftovers
|upkeep
|turn|3
|
|t:|1782465890
|move|p1b: Tyranitar|Protect|p1b: Tyranitar
|-singleturn|p1b: Tyranitar|Protect
|move|p1a: Garchomp|Earthquake|p2b: Primarina|[spread] p2a,p2b
|-activate|p1b: Tyranitar|move: Protect
|-resisted|p2a: Sinistcha|1
|-damage|p2a: Sinistcha|0 fnt
|-damage|p2b: Primarina|32/100 par
|faint|p2a: Sinistcha
|move|p2b: Primarina|Hyper Voice|p1a: Garchomp|[spread] p1a
|-activate|p1b: Tyranitar|move: Protect
|-damage|p1a: Garchomp|23/100
|
|-weather|Sandstorm|[upkeep]
|-damage|p2b: Primarina|26/100 par|[from] Sandstorm
|-heal|p2b: Primarina|32/100 par|[from] item: Leftovers
|upkeep
|
|t:|1782465902
|switch|p2a: Pelipper|Pelipper, L50, F|100/100
|-weather|RainDance|[from] ability: Drizzle|[of] p2a: Pelipper
|turn|4
|
|t:|1782465919
|switch|p1b: Scizor|Scizor, L50, F|100/100
|move|p1a: Garchomp|Iron Head|p2b: Primarina
|-damage|p2b: Primarina|0 fnt
|faint|p2b: Primarina
|move|p2a: Pelipper|Icy Wind|p1b: Scizor|[spread] p1a,p1b
|-supereffective|p1a: Garchomp|2
|-resisted|p1b: Scizor|1
|-crit|p1b: Scizor
|-damage|p1a: Garchomp|0 fnt
|-damage|p1b: Scizor|88/100
|-unboost|p1b: Scizor|spe|1
|faint|p1a: Garchomp
|
|-weather|RainDance|[upkeep]
|upkeep
|
|t:|1782465928
|switch|p1a: Tyranitar|Tyranitar, L50, F|65/100
|switch|p2b: Excadrill|Excadrill, L50, M|100/100
|-ability|p2b: Excadrill|Mold Breaker
|-weather|Sandstorm|[from] ability: Sand Stream|[of] p1a: Tyranitar
|turn|5
|
|t:|1782465940
|detailschange|p2b: Excadrill|Excadrill-Mega, L50, M
|-mega|p2b: Excadrill|Excadrill|Excadrite
|detailschange|p1b: Scizor|Scizor-Mega, L50, F
|-mega|p1b: Scizor|Scizor|Scizorite
|move|p1a: Tyranitar|Protect|p1a: Tyranitar
|-singleturn|p1a: Tyranitar|Protect
|move|p2b: Excadrill|Brick Break|p1a: Tyranitar
|-supereffective|p1a: Tyranitar|2
|-ability|p2b: Excadrill|Piercing Drill
|-zbroken|p1a: Tyranitar
|-damage|p1a: Tyranitar|41/100
|move|p2a: Pelipper|Hurricane|p1b: Scizor
|-damage|p1b: Scizor|37/100
|move|p1b: Scizor|Tailwind|p1b: Scizor
|-sidestart|p1: Linkmasterjr|move: Tailwind
|
|-weather|Sandstorm|[upkeep]
|-damage|p2a: Pelipper|94/100|[from] Sandstorm
|upkeep
|turn|6
|
|t:|1782465973
|move|p2b: Excadrill|Brick Break|p1a: Tyranitar
|-supereffective|p1a: Tyranitar|2
|-damage|p1a: Tyranitar|0 fnt
|faint|p1a: Tyranitar
|move|p1b: Scizor|Close Combat|p2b: Excadrill
|-supereffective|p2b: Excadrill|1
|-damage|p2b: Excadrill|10/100
|-unboost|p1b: Scizor|def|1
|-unboost|p1b: Scizor|spd|1
|move|p2a: Pelipper|Hurricane|p1b: Scizor|[miss]
|-miss|p2a: Pelipper|p1b: Scizor
|
|-weather|Sandstorm|[upkeep]
|-damage|p2a: Pelipper|88/100|[from] Sandstorm
|upkeep
|turn|7
|
|t:|1782465996
|move|p2b: Excadrill|Earthquake|p1b: Scizor|[spread] p1b
|-immune|p2a: Pelipper
|-damage|p1b: Scizor|0 fnt
|faint|p1b: Scizor
|
|win|jonathan53332
