|j|☆BeatrizPinzon
|j|☆pawmifleet
|html|BeatrizPinzonpawmifleet    
|uhtml|bestof|Game 1 of a best-of-3
|t:|1784417161
|gametype|doubles
|player|p1|BeatrizPinzon|clerkf|1279
|player|p2|pawmifleet|fisherman-gen4|1201
|gen|9
|tier|[Gen 9 Champions] VGC 2026 Reg M-B (Bo3)
|rated|
|rule|Species Clause: Limit one of each Pokémon
|rule|Item Clause: Limit 1 of each item
|clearpoke
|poke|p1|Swampert, L50, F|
|poke|p1|Sableye, L50, F|
|poke|p1|Pelipper, L50, F|
|poke|p1|Archaludon, L50, F|
|poke|p1|Venusaur, L50, F|
|poke|p1|Gholdengo, L50|
|poke|p2|Incineroar, L50, M|
|poke|p2|Venusaur, L50, M|
|poke|p2|Charizard, L50, M|
|poke|p2|Garchomp, L50, M|
|poke|p2|Toxapex, L50, M|
|poke|p2|Annihilape, L50, F|
|teampreview|4
|showteam|p1|Swampert||Swampertite|Torrent|WaveCrash,HighHorsepower,IcePunch,Protect|Adamant||F|||50|]Sableye||RoseliBerry|Prankster|Encore,LightScreen,Reflect,RainDance|Sassy||F|||50|]Pelipper||SitrusBerry|Drizzle|Hurricane,WeatherBall,Tailwind,WideGuard|Modest||F|||50|]Archaludon||Leftovers|Stamina|DragonPulse,ElectroShot,FlashCannon,Protect|Calm||F|||50|]Venusaur||Venusaurite|Chlorophyll|SludgeBomb,GigaDrain,EarthPower,Protect|Modest||F|||50|]Gholdengo||LifeOrb|GoodasGold|MakeItRain,ShadowBall,PowerGem,Protect|Timid|||||50|
|showteam|p2|Incineroar||SitrusBerry|Intimidate|FakeOut,ThroatChop,FlareBlitz,PartingShot|Impish||M|||50|]Venusaur||LifeOrb|Chlorophyll|SolarBeam,SludgeBomb,EarthPower,Protect|Modest||M|||50|]Charizard||CharizarditeY|Blaze|HeatWave,WeatherBall,HelpingHand,Protect|Modest||M|||50|]Garchomp||ChoiceScarf|RoughSkin|DragonClaw,Earthquake,RockSlide,StompingTantrum|Adamant||M|||50|]Toxapex||Leftovers|Regenerator|Infestation,Toxic,BanefulBunker,WideGuard|Bold||M|||50|]Annihilape||FocusSash|Defiant|PhantomForce,CloseCombat,RockTomb,Protect|Jolly||F|||50|
|inactive|Battle timer is ON: inactive players will automatically lose when time's up. (requested by pawmifleet)
|
|t:|1784417202
|teamsize|p1|4
|teamsize|p2|4
|start
|switch|p1a: Top G|Sableye, L50, F|100/100
|switch|p1b: Gholdengo|Gholdengo, L50|100/100
|switch|p2a: Venusaur|Venusaur, L50, M|100/100
|switch|p2b: Charizard|Charizard, L50, M|100/100
|turn|1
|inactive|pawmifleet has 30 seconds left.
|
|t:|1784417230
|detailschange|p2b: Charizard|Charizard-Mega-Y, L50, M
|-mega|p2b: Charizard|Charizard|Charizardite Y
|-weather|SunnyDay|[from] ability: Drought|[of] p2b: Charizard
|move|p1a: Top G|Light Screen|p1a: Top G
|-sidestart|p1: BeatrizPinzon|move: Light Screen
|move|p2a: Venusaur|Earth Power|p1b: Gholdengo
|-supereffective|p1b: Gholdengo|1
|-damage|p1b: Gholdengo|42/100
|-damage|p2a: Venusaur|90/100|[from] item: Life Orb
|move|p1b: Gholdengo|Power Gem|p2b: Charizard
|-supereffective|p2b: Charizard|2
|-damage|p2b: Charizard|0 fnt
|faint|p2b: Charizard
|-damage|p1b: Gholdengo|32/100|[from] item: Life Orb
|
|-weather|SunnyDay|[upkeep]
|upkeep
|
|t:|1784417242
|switch|p2b: Garchomp|Garchomp, L50, M|100/100
|turn|2
|
|t:|1784417255
|move|p1b: Gholdengo|Protect|p1b: Gholdengo
|-singleturn|p1b: Gholdengo|Protect
|move|p1a: Top G|Reflect|p1a: Top G
|-sidestart|p1: BeatrizPinzon|Reflect
|move|p2a: Venusaur|Solar Beam||[still]
|-prepare|p2a: Venusaur|Solar Beam
|-anim|p2a: Venusaur|Solar Beam|p1a: Top G
|-damage|p1a: Top G|43/100
|-damage|p2a: Venusaur|80/100|[from] item: Life Orb
|move|p2b: Garchomp|Earthquake|p1b: Gholdengo|[spread] p2a,p1a
|-activate|p1b: Gholdengo|move: Protect
|-damage|p2a: Venusaur|27/100
|-damage|p1a: Top G|8/100
|
|-weather|SunnyDay|[upkeep]
|upkeep
|turn|3
|
|t:|1784417275
|switch|p1b: Ororo|Pelipper, L50, F|100/100
|-weather|RainDance|[from] ability: Drizzle|[of] p1b: Ororo
|move|p2a: Venusaur|Protect|p2a: Venusaur
|-singleturn|p2a: Venusaur|Protect
|move|p1a: Top G|Encore|p2b: Garchomp
|-start|p2b: Garchomp|Encore
|move|p2b: Garchomp|Earthquake|p1a: Top G|[spread] p1a
|-activate|p2a: Venusaur|move: Protect
|-immune|p1b: Ororo
|-damage|p1a: Top G|0 fnt
|faint|p1a: Top G
|
|-weather|RainDance|[upkeep]
|upkeep
|
|t:|1784417291
|switch|p1a: Trevor|Venusaur, L50, F|100/100
|turn|4
|
|t:|1784417304
|switch|p2b: Incineroar|Incineroar, L50, M|100/100
|-ability|p2b: Incineroar|Intimidate|boost
|-unboost|p1a: Trevor|atk|1
|-unboost|p1b: Ororo|atk|1
|detailschange|p1a: Trevor|Venusaur-Mega, L50, F
|-mega|p1a: Trevor|Venusaur|Venusaurite
|move|p2a: Venusaur|Sludge Bomb|p1a: Trevor
|-damage|p1a: Trevor|69/100
|-damage|p2a: Venusaur|17/100|[from] item: Life Orb
|move|p1a: Trevor|Giga Drain|p2b: Incineroar
|-resisted|p2b: Incineroar|1
|-damage|p2b: Incineroar|83/100
|-heal|p1a: Trevor|79/100|[from] drain|[of] p2b: Incineroar
|move|p1b: Ororo|Weather Ball|p2b: Incineroar
|-supereffective|p2b: Incineroar|1
|-damage|p2b: Incineroar|0 fnt
|faint|p2b: Incineroar
|
|-weather|RainDance|[upkeep]
|upkeep
|
|t:|1784417315
|switch|p2b: Garchomp|Garchomp, L50, M|100/100
|turn|5
|
|t:|1784417324
|move|p2b: Garchomp|Dragon Claw|p1a: Trevor
|-damage|p1a: Trevor|56/100
|move|p2a: Venusaur|Sludge Bomb|p1a: Trevor
|-damage|p1a: Trevor|22/100
|-damage|p2a: Venusaur|8/100|[from] item: Life Orb
|move|p1a: Trevor|Giga Drain|p2b: Garchomp
|-damage|p2b: Garchomp|57/100
|-heal|p1a: Trevor|46/100|[from] drain|[of] p2b: Garchomp
|move|p1b: Ororo|Tailwind|p1b: Ororo
|-sidestart|p1: BeatrizPinzon|move: Tailwind
|
|-weather|RainDance|[upkeep]
|-sideend|p1: BeatrizPinzon|move: Light Screen
|upkeep
|turn|6
|
|t:|1784417345
|move|p2b: Garchomp|Dragon Claw|p1a: Trevor
|-damage|p1a: Trevor|19/100
|move|p1a: Trevor|Giga Drain|p2b: Garchomp
|-damage|p2b: Garchomp|16/100
|-heal|p1a: Trevor|42/100|[from] drain|[of] p2b: Garchomp
|move|p1b: Ororo|Weather Ball|p2b: Garchomp
|-damage|p2b: Garchomp|0 fnt
|faint|p2b: Garchomp
|move|p2a: Venusaur|Sludge Bomb|p1a: Trevor
|-damage|p1a: Trevor|0 fnt
|faint|p1a: Trevor
|-damage|p2a: Venusaur|0 fnt|[from] item: Life Orb
|faint|p2a: Venusaur
|
|win|BeatrizPinzon
