|j|☆CrazyComet37
|j|☆HEDPEHDEH
|html|CrazyComet37HEDPEHDEH    
|uhtml|bestof|Game 1 of a best-of-3
|t:|1785951887
|gametype|doubles
|player|p1|CrazyComet37|flint|
|player|p2|HEDPEHDEH|170|
|gen|9
|tier|[Gen 9 Champions] VGC 2026 Reg M-B (Bo3)
|rule|Species Clause: Limit one of each Pokémon
|rule|Item Clause: Limit 1 of each item
|clearpoke
|poke|p1|Whimsicott, L50, M|
|poke|p1|Garchomp, L50, F|
|poke|p1|Charizard, L50, M|
|poke|p1|Floette-Eternal, L50, F|
|poke|p1|Kingambit, L50, F|
|poke|p1|Basculegion, L50, M|
|poke|p2|Vivillon, L50, F|
|poke|p2|Sinistcha, L50|
|poke|p2|Maushold, L50|
|poke|p2|Delphox, L50, F|
|poke|p2|Floette-Eternal, L50, F|
|poke|p2|Incineroar, L50, M|
|teampreview|4
|showteam|p1|Whimsicott||FocusSash|Prankster|Protect,Tailwind,Moonblast,Encore|Timid||M|||50|]Garchomp||LifeOrb|RoughSkin|Protect,Earthquake,DragonClaw,RockSlide|Jolly||F|||50|]Charizard||CharizarditeY|Blaze|Protect,HeatWave,WeatherBall,SolarBeam|Modest||M|||50|]Floette-Eternal||Floettite|FlowerVeil|Protect,LightofRuin,DazzlingGleam,Moonblast|Modest||F|||50|]Kingambit||ChopleBerry|Defiant|IronHead,SuckerPunch,KowtowCleave,LowKick|Adamant||F|||50|]Basculegion||MysticWater|Adaptability|Protect,AquaJet,LastRespects,WaveCrash|Adamant||M|||50|
|showteam|p2|Vivillon||ChoiceScarf|CompoundEyes|SleepPowder,Hurricane,RagePowder,Tailwind|Timid||F|||50|]Sinistcha||KasibBerry|Hospitality|MatchaGotcha,RagePowder,LifeDew,Protect|Bold|||||50|]Maushold||ChopleBerry|FriendGuard|FollowMe,SuperFang,Feint,Protect|Impish|||||50|]Delphox||Delphoxite|Blaze|HeatWave,Psychic,NastyPlot,Protect|Modest||F|||50|]Floette-Eternal||Floettite|FlowerVeil|Moonblast,DrainingKiss,CalmMind,Protect|Modest||F|||50|]Incineroar||PasshoBerry|Intimidate|PartingShot,FakeOut,ThroatChop,FlareBlitz|Careful||M|||50|
|c|☆HEDPEHDEH|there we are
|c|☆HEDPEHDEH|gl hf!
|inactive|Battle timer is ON: inactive players will automatically lose when time's up. (requested by HEDPEHDEH)
|c|☆CrazyComet37|Glhf!
|inactive|CrazyComet37 has 60 seconds left.
|
|t:|1785951939
|teamsize|p1|4
|teamsize|p2|4
|start
|switch|p1a: Whimsicott|Whimsicott, L50, M|100/100
|switch|p1b: Garchomp|Garchomp, L50, F|100/100
|switch|p2a: Maushold|Maushold, L50|100/100
|switch|p2b: Floette|Floette-Eternal, L50, F|100/100
|turn|1
|inactive|CrazyComet37 has 30 seconds left.
|inactive|HEDPEHDEH has 30 seconds left.
|
|t:|1785951969
|detailschange|p2b: Floette|Floette-Mega, L50, F
|-mega|p2b: Floette|Floette|Floettite
|-ability|p2b: Floette|Fairy Aura
|move|p1a: Whimsicott|Tailwind|p1a: Whimsicott
|-sidestart|p1: CrazyComet37|move: Tailwind
|move|p1b: Garchomp|Earthquake|p2a: Maushold|[spread] p1a,p2a,p2b
|-resisted|p1a: Whimsicott|1
|-damage|p1a: Whimsicott|59/100
|-damage|p2a: Maushold|50/100g
|-damage|p2b: Floette|59/100
|-damage|p1b: Garchomp|90/100|[from] item: Life Orb
|move|p2b: Floette|Moonblast|p1b: Garchomp
|-supereffective|p1b: Garchomp|1
|-damage|p1b: Garchomp|0 fnt
|faint|p1b: Garchomp
|move|p2a: Maushold|Super Fang|p1a: Whimsicott|[miss]
|-miss|p2a: Maushold|p1a: Whimsicott
|
|upkeep
|
|t:|1785951987
|switch|p1b: Basculegion|Basculegion, L50, M|100/100
|turn|2
|
|t:|1785952006
|switch|p2a: Incineroar|Incineroar, L50, M|100/100
|-ability|p2a: Incineroar|Intimidate|boost
|-unboost|p1a: Whimsicott|atk|1
|-unboost|p1b: Basculegion|atk|1
|move|p2b: Floette|Protect|p2b: Floette
|-singleturn|p2b: Floette|Protect
|move|p1a: Whimsicott|Moonblast|p2a: Incineroar
|-damage|p2a: Incineroar|65/100
|move|p1b: Basculegion|Wave Crash|p2b: Floette
|-activate|p2b: Floette|move: Protect
|
|upkeep
|turn|3
|inactive|CrazyComet37 has 30 seconds left.
|
|t:|1785952039
|switch|p1b: Floette|Floette-Eternal, L50, F|100/100
|move|p2a: Incineroar|Fake Out|p1a: Whimsicott
|-damage|p1a: Whimsicott|43/100
|cant|p1a: Whimsicott|flinch
|move|p2b: Floette|Draining Kiss|p1b: Floette
|-crit|p1b: Floette
|-damage|p1b: Floette|47/100
|-heal|p2b: Floette|98/100|[from] drain|[of] p1b: Floette
|
|upkeep
|turn|4
|
|t:|1785952062
|switch|p2b: Sinistcha|Sinistcha, L50|100/100
|-heal|p2a: Incineroar|90/100|[from] ability: Hospitality|[of] p2b: Sinistcha
|detailschange|p1b: Floette|Floette-Mega, L50, F
|-mega|p1b: Floette|Floette|Floettite
|-ability|p1b: Floette|Fairy Aura
|move|p1a: Whimsicott|Moonblast|p2a: Incineroar
|-damage|p2a: Incineroar|52/100
|-unboost|p2a: Incineroar|spa|1
|move|p1b: Floette|Dazzling Gleam|p2b: Sinistcha|[spread] p2a,p2b
|-damage|p2a: Incineroar|14/100
|-damage|p2b: Sinistcha|43/100
|move|p2a: Incineroar|Flare Blitz|p1a: Whimsicott
|-supereffective|p1a: Whimsicott|1
|-damage|p1a: Whimsicott|0 fnt
|faint|p1a: Whimsicott
|-damage|p2a: Incineroar|5/100|[from] Recoil
|
|-sideend|p1: CrazyComet37|move: Tailwind
|upkeep
|
|t:|1785952077
|switch|p1a: Basculegion|Basculegion, L50, M|100/100
|turn|5
|
|t:|1785952094
|switch|p2a: Maushold|Maushold, L50|50/100g
|move|p1b: Floette|Dazzling Gleam|p2a: Maushold|[spread] p2a,p2b
|-damage|p2a: Maushold|0 fnt
|-damage|p2b: Sinistcha|0 fnt
|faint|p2a: Maushold
|faint|p2b: Sinistcha
|move|p1a: Basculegion|Last Respects|p2: Maushold|[notarget]
|-fail|p1a: Basculegion
|
|upkeep
|
|t:|1785952100
|switch|p2a: Floette|Floette-Mega, L50, F|98/100
|switch|p2b: Incineroar|Incineroar, L50, M|5/100
|-ability|p2a: Floette|Fairy Aura
|-ability|p2b: Incineroar|Intimidate|boost
|-unboost|p1a: Basculegion|atk|1
|-unboost|p1b: Floette|atk|1
|turn|6
|
|t:|1785952118
|move|p1b: Floette|Protect|p1b: Floette
|-singleturn|p1b: Floette|Protect
|move|p2b: Incineroar|Fake Out|p1b: Floette
|-activate|p1b: Floette|move: Protect
|move|p1a: Basculegion|Aqua Jet|p2b: Incineroar
|-supereffective|p2b: Incineroar|1
|-enditem|p2b: Incineroar|Passho Berry|[eat]
|-enditem|p2b: Incineroar|Passho Berry|[weaken]
|-damage|p2b: Incineroar|0 fnt
|faint|p2b: Incineroar
|move|p2a: Floette|Calm Mind|p2a: Floette
|-boost|p2a: Floette|spa|1
|-boost|p2a: Floette|spd|1
|
|upkeep
|turn|7
|inactive|CrazyComet37 has 30 seconds left.
|
|t:|1785952150
|move|p2a: Floette|Draining Kiss|p1a: Basculegion
|-damage|p1a: Basculegion|30/100
|-heal|p2a: Floette|100/100|[from] drain|[of] p1a: Basculegion
|move|p1b: Floette|Light of Ruin|p2a: Floette
|-crit|p2a: Floette
|-damage|p2a: Floette|0 fnt
|faint|p2a: Floette
|-damage|p1b: Floette|0 fnt|[from] Recoil
|faint|p1b: Floette
|
|win|CrazyComet37
||HEDPEHDEH is ready for game 2.
||CrazyComet37 is ready for game 2.
|uhtml|next|Next: Game 2 of 3
|l|☆HEDPEHDEH
|player|p2|
