|j|☆Shahrozkhan096
|j|☆omg_pokemon_wow
|html|Shahrozkhan096omg_pokemon_wow    
|uhtml|bestof|Game 3 of a best-of-3
|t:|1783269216
|gametype|doubles
|player|p1|Shahrozkhan096|102|
|player|p2|omg_pokemon_wow|2|
|gen|9
|tier|[Gen 9 Champions] VGC 2026 Reg M-B (Bo3)
|rule|Species Clause: Limit one of each Pokémon
|rule|Item Clause: Limit 1 of each item
|clearpoke
|poke|p1|Charizard, L50, F, shiny|
|poke|p1|Tyrantrum, L50, F, shiny|
|poke|p1|Talonflame, L50, F|
|poke|p1|Sinistcha, L50|
|poke|p1|Milotic, L50, M, shiny|
|poke|p1|Machamp, L50, M|
|poke|p2|Lucario, L50, F|
|poke|p2|Incineroar, L50, M|
|poke|p2|Gholdengo, L50|
|poke|p2|Snorlax, L50, M|
|poke|p2|Rotom-Wash, L50|
|poke|p2|Corviknight, L50, F|
|teampreview|4
|showteam|p1|Charizard||CharizarditeY|Blaze|HeatWave,WeatherBall,SolarBeam,Protect|Modest||F|||50|]Tyrantrum||ChoiceScarf|RockHead|HeadSmash,RockSlide,DragonClaw,Crunch|Jolly||F|||50|]Talonflame||FocusSash|GaleWings|Tailwind,BraveBird,FlareBlitz,Protect|Adamant||F|||50|]Sinistcha||SitrusBerry|Hospitality|MatchaGotcha,RagePowder,Protect,StrengthSap|Bold|||||50|]Milotic||Leftovers|Competitive|Scald,IceBeam,Protect,Recover|Modest||M|||50|]Machamp||QuickClaw|NoGuard|DynamicPunch,Detect,BulkUp,DarkestLariat|Adamant||M|||50|
|showteam|p2|Lucario||Lucarionite|Steadfast|BulletPunch,CloseCombat,RockSlide,Protect|Jolly||F|||50|]Incineroar||SitrusBerry|Intimidate|FakeOut,PartingShot,FlareBlitz,Protect|Careful||M|||50|]Gholdengo||LifeOrb|GoodasGold|MakeItRain,ShadowBall,PowerGem,Protect|Timid|||||50|]Snorlax||BrightPowder|ThickFat|BodySlam,RockSlide,ThunderPunch,Curse|Adamant||M|||50|]Rotom-Wash||Leftovers|Levitate|VoltSwitch,HydroPump,Thunderbolt,Protect|Modest|||||50|]Corviknight||MetalCoat|MirrorArmor|IronHead,Tailwind,Protect,BraveBird|Impish||F|||50|
|j| babayaga27
|j| Aynvl1
|
|t:|1783269294
|teamsize|p1|4
|teamsize|p2|4
|start
|switch|p1a: Machamp|Machamp, L50, M|100/100
|switch|p1b: Talonflame|Talonflame, L50, F|100/100
|switch|p2a: Rotom|Rotom-Wash, L50|100/100
|switch|p2b: Snorlax|Snorlax, L50, M|100/100
|turn|1
|c| Aynvl1|Zzz
|
|t:|1783269465
|move|p1b: Talonflame|Tailwind|p1b: Talonflame
|-sidestart|p1: Shahrozkhan096|move: Tailwind
|move|p1a: Machamp|Bulk Up|p1a: Machamp
|-boost|p1a: Machamp|atk|1
|-boost|p1a: Machamp|def|1
|move|p2a: Rotom|Thunderbolt|p1b: Talonflame
|-supereffective|p1b: Talonflame|1
|-enditem|p1b: Talonflame|Focus Sash
|-damage|p1b: Talonflame|1/100
|move|p2b: Snorlax|Body Slam|p1a: Machamp
|-damage|p1a: Machamp|70/100
|
|upkeep
|turn|2
|
|t:|1783269495
|move|p1b: Talonflame|Protect|p1b: Talonflame
|-singleturn|p1b: Talonflame|Protect
|move|p2a: Rotom|Protect|p2a: Rotom
|-singleturn|p2a: Rotom|Protect
|move|p1a: Machamp|Dynamic Punch|p2b: Snorlax
|-supereffective|p2b: Snorlax|1
|-damage|p2b: Snorlax|0 fnt
|faint|p2b: Snorlax
|
|upkeep
|c| babayaga27|nice read
|
|t:|1783269517
|switch|p2b: Lucario|Lucario, L50, F|100/100
|turn|3
|
|t:|1783269555
|detailschange|p2b: Lucario|Lucario-Mega, L50, F
|-mega|p2b: Lucario|Lucario|Lucarionite
|move|p2b: Lucario|Protect|p2b: Lucario
|-singleturn|p2b: Lucario|Protect
|move|p1b: Talonflame|Brave Bird|p2b: Lucario
|-activate|p2b: Lucario|move: Protect
|move|p1a: Machamp|Dynamic Punch|p2a: Rotom
|-damage|p2a: Rotom|6/100
|-start|p2a: Rotom|confusion
|-activate|p2a: Rotom|confusion
|move|p2a: Rotom|Volt Switch|p1b: Talonflame
|-supereffective|p1b: Talonflame|1
|-damage|p1b: Talonflame|0 fnt
|faint|p1b: Talonflame
|
|t:|1783269570
|switch|p2a: Incineroar|Incineroar, L50, M|100/100|[from] Volt Switch
|-ability|p2a: Incineroar|Intimidate|boost
|-unboost|p1a: Machamp|atk|1
|
|upkeep
|
|t:|1783269582
|switch|p1b: Charizard|Charizard, L50, F, shiny|100/100
|turn|4
|
|t:|1783269714
|move|p1b: Charizard|Protect|p1b: Charizard
|-singleturn|p1b: Charizard|Protect
|move|p2a: Incineroar|Fake Out|p1b: Charizard
|-activate|p1b: Charizard|move: Protect
|move|p2b: Lucario|Rock Slide|p1b: Charizard|[spread] p1a
|-activate|p1b: Charizard|move: Protect
|-resisted|p1a: Machamp|1
|-damage|p1a: Machamp|63/100
|cant|p1a: Machamp|flinch
|
|-sideend|p1: Shahrozkhan096|move: Tailwind
|upkeep
|turn|5
|
|t:|1783269757
|detailschange|p1b: Charizard|Charizard-Mega-Y, L50, F, shiny
|-mega|p1b: Charizard|Charizard|Charizardite Y
|-weather|SunnyDay|[from] ability: Drought|[of] p1b: Charizard
|move|p2b: Lucario|Rock Slide|p1b: Charizard|[spread] p1a
|-miss|p2b: Lucario|p1b: Charizard
|-resisted|p1a: Machamp|1
|-damage|p1a: Machamp|55/100
|move|p1b: Charizard|Heat Wave|p2a: Incineroar|[spread] p2a,p2b
|-resisted|p2a: Incineroar|1
|-supereffective|p2b: Lucario|1
|-damage|p2a: Incineroar|73/100
|-damage|p2b: Lucario|0 fnt
|faint|p2b: Lucario
|move|p2a: Incineroar|Flare Blitz|p1a: Machamp
|-damage|p1a: Machamp|1/100
|-damage|p2a: Incineroar|58/100|[from] Recoil
|cant|p1a: Machamp|flinch
|
|-weather|SunnyDay|[upkeep]
|upkeep
|
|t:|1783269773
|switch|p2b: Rotom|Rotom-Wash, L50|6/100
|turn|6
|
|t:|1783269829
|move|p2b: Rotom|Protect|p2b: Rotom
|-singleturn|p2b: Rotom|Protect
|move|p2a: Incineroar|Protect|p2a: Incineroar
|-singleturn|p2a: Incineroar|Protect
|move|p1b: Charizard|Heat Wave|p2b: Rotom|[spread] 
|-activate|p2a: Incineroar|move: Protect
|-activate|p2b: Rotom|move: Protect
|move|p1a: Machamp|Dynamic Punch|p2a: Incineroar
|-activate|p2a: Incineroar|move: Protect
|
|-weather|SunnyDay|[upkeep]
|-heal|p2b: Rotom|12/100|[from] item: Leftovers
|upkeep
|turn|7
|j| asbdsp
|l| Aynvl1
|
|t:|1783269874
|move|p1b: Charizard|Heat Wave|p2b: Rotom|[spread] p2a,p2b
|-resisted|p2a: Incineroar|1
|-resisted|p2b: Rotom|1
|-damage|p2a: Incineroar|30/100
|-damage|p2b: Rotom|0 fnt
|-enditem|p2a: Incineroar|Sitrus Berry|[eat]
|-heal|p2a: Incineroar|54/100|[from] item: Sitrus Berry
|faint|p2b: Rotom
|move|p2a: Incineroar|Flare Blitz|p1a: Machamp
|-damage|p1a: Machamp|0 fnt
|faint|p1a: Machamp
|-damage|p2a: Incineroar|54/100|[from] Recoil
|
|-weather|SunnyDay|[upkeep]
|upkeep
|
|t:|1783269886
|switch|p1a: Sinistcha|Sinistcha, L50|100/100
|turn|8
|
|t:|1783269908
|move|p1b: Charizard|Weather Ball|p2a: Incineroar
|-resisted|p2a: Incineroar|1
|-damage|p2a: Incineroar|12/100
|move|p1a: Sinistcha|Strength Sap|p2a: Incineroar
|-unboost|p2a: Incineroar|atk|1
|move|p2a: Incineroar|Flare Blitz|p1a: Sinistcha
|-supereffective|p1a: Sinistcha|1
|-crit|p1a: Sinistcha
|-damage|p1a: Sinistcha|0 fnt
|faint|p1a: Sinistcha
|-damage|p2a: Incineroar|0 fnt|[from] Recoil
|faint|p2a: Incineroar
|
|win|Shahrozkhan096
|j| Aynvl1
