|j|☆LyssanTM
|j|☆yarep
|html|LyssanTMyarep    
|uhtml|bestof|Game 1 of a best-of-3
|t:|1785248546
|gametype|doubles
|player|p1|LyssanTM|veteran|
|player|p2|yarep|volkner|
|gen|9
|tier|[Gen 9 Champions] VGC 2026 Reg M-B (Bo3)
|rule|Species Clause: Limit one of each Pokémon
|rule|Item Clause: Limit 1 of each item
|clearpoke
|poke|p1|Blastoise, L50, F|
|poke|p1|Delphox, L50, M|
|poke|p1|Sneasler, L50, M|
|poke|p1|Mimikyu, L50, M|
|poke|p1|Sinistcha, L50|
|poke|p1|Incineroar, L50, M|
|poke|p2|Pelipper, L50, M|
|poke|p2|Archaludon, L50, F|
|poke|p2|Dragonite, L50, F|
|poke|p2|Incineroar, L50, M|
|poke|p2|Basculegion, L50, M|
|poke|p2|Scizor, L50, F|
|teampreview|4
|showteam|p1|Blastoise||Blastoisinite|Torrent|WaterSpout,ShellSmash,DarkPulse,Protect|Modest||F|||50|]Delphox||Delphoxite|Blaze|HeatWave,NastyPlot,Psyshock,Protect|Timid||M|||50|]Sneasler||FocusSash|PoisonTouch|DireClaw,FakeOut,QuickGuard,CloseCombat|Jolly||M|||50|]Mimikyu||LifeOrb|Disguise|PlayRough,SwordsDance,ShadowSneak,Protect|Adamant||M|||50|]Sinistcha||KasibBerry|Hospitality|MatchaGotcha,RagePowder,TrickRoom,Protect|Bold|||||50|]Incineroar||SitrusBerry|Intimidate|FakeOut,FlareBlitz,PartingShot,ThroatChop|Careful||M|||50|
|showteam|p2|Pelipper||FocusSash|Drizzle|Hurricane,WeatherBall,Tailwind,Protect|Modest||M|||50|]Archaludon||Leftovers|Stamina|ElectroShot,DragonPulse,AuraSphere,Protect|Bold||F|||50|]Dragonite||Dragoninite|Multiscale|Flamethrower,DragonPulse,Tailwind,Protect|Modest||F|||50|]Incineroar||SitrusBerry|Intimidate|ThroatChop,FakeOut,FlareBlitz,PartingShot|Careful||M|||50|]Basculegion||ChoiceScarf|Adaptability|WaveCrash,FlipTurn,LastRespects,AquaJet|Jolly||M|||50|]Scizor||Scizorite|Technician|BulletPunch,SwordsDance,Protect,CloseCombat|Adamant||F|||50|
|j| MeteorPlayz_
|c| MeteorPlayz_|Bienvenidos sean a la llave de Cuartos de Final!
|
|t:|1785248627
|teamsize|p1|4
|teamsize|p2|4
|start
|switch|p1a: Sneasler|Sneasler, L50, M|100/100
|switch|p1b: Mimikyu|Mimikyu, L50, M|100/100
|switch|p2a: Incineroar|Incineroar, L50, M|100/100
|switch|p2b: Archaludon|Archaludon, L50, F|100/100
|-ability|p2a: Incineroar|Intimidate|boost
|-unboost|p1a: Sneasler|atk|1
|-unboost|p1b: Mimikyu|atk|1
|turn|1
|
|t:|1785248648
|switch|p2b: Pelipper|Pelipper, L50, M|100/100
|-weather|RainDance|[from] ability: Drizzle|[of] p2b: Pelipper
|move|p1a: Sneasler|Fake Out|p2a: Incineroar
|-damage|p2a: Incineroar|91/100
|move|p1b: Mimikyu|Swords Dance|p1b: Mimikyu
|-boost|p1b: Mimikyu|atk|2
|cant|p2a: Incineroar|flinch
|
|-weather|RainDance|[upkeep]
|upkeep
|turn|2
|
|t:|1785248664
|move|p2b: Pelipper|Protect|p2b: Pelipper
|-singleturn|p2b: Pelipper|Protect
|move|p1a: Sneasler|Dire Claw|p2b: Pelipper
|-activate|p2b: Pelipper|move: Protect
|move|p1b: Mimikyu|Play Rough|p2b: Pelipper
|-activate|p2b: Pelipper|move: Protect
|move|p2a: Incineroar|Throat Chop|p1b: Mimikyu
|-activate|p1b: Mimikyu|ability: Disguise
|-damage|p1b: Mimikyu|100/100
|-start|p1b: Mimikyu|Throat Chop|[silent]
|detailschange|p1b: Mimikyu|Mimikyu-Busted, L50, M
|-damage|p1b: Mimikyu|87/100|[from] pokemon: Mimikyu-Busted
|
|-weather|RainDance|[upkeep]
|upkeep
|turn|3
|
|t:|1785248691
|switch|p2a: Basculegion|Basculegion, L50, M|100/100
|move|p1a: Sneasler|Close Combat|p2a: Basculegion
|-immune|p2a: Basculegion
|move|p1b: Mimikyu|Play Rough|p2b: Pelipper
|-crit|p2b: Pelipper
|-enditem|p2b: Pelipper|Focus Sash
|-damage|p2b: Pelipper|1/100
|-damage|p1b: Mimikyu|78/100|[from] item: Life Orb
|move|p2b: Pelipper|Tailwind|p2b: Pelipper
|-sidestart|p2: yarep|move: Tailwind
|
|-weather|RainDance|[upkeep]
|-end|p1b: Mimikyu|Throat Chop|[silent]
|upkeep
|turn|4
|
|t:|1785248722
|switch|p1a: Incineroar|Incineroar, L50, M|100/100
|-ability|p1a: Incineroar|Intimidate|boost
|-unboost|p2a: Basculegion|atk|1
|-unboost|p2b: Pelipper|atk|1
|move|p2a: Basculegion|Aqua Jet|p1b: Mimikyu
|-damage|p1b: Mimikyu|37/100
|move|p1b: Mimikyu|Shadow Sneak|p2b: Pelipper
|-damage|p2b: Pelipper|0 fnt
|faint|p2b: Pelipper
|-damage|p1b: Mimikyu|27/100|[from] item: Life Orb
|
|-weather|RainDance|[upkeep]
|upkeep
|
|t:|1785248734
|switch|p2b: Archaludon|Archaludon, L50, F|100/100
|turn|5
|
|t:|1785248749
|move|p1b: Mimikyu|Protect|p1b: Mimikyu
|-singleturn|p1b: Mimikyu|Protect
|move|p2a: Basculegion|Aqua Jet|p1b: Mimikyu
|-activate|p1b: Mimikyu|move: Protect
|move|p2b: Archaludon|Electro Shot||[still]
|-prepare|p2b: Archaludon|Electro Shot
|-boost|p2b: Archaludon|spa|1
|-anim|p2b: Archaludon|Electro Shot|p1a: Incineroar
|-damage|p1a: Incineroar|57/100
|move|p1a: Incineroar|Parting Shot|p2b: Archaludon
|-unboost|p2b: Archaludon|atk|1
|-unboost|p2b: Archaludon|spa|1
|
|t:|1785248765
|switch|p1a: Sneasler|Sneasler, L50, M|100/100|[from] Parting Shot
|
|-weather|none
|upkeep
|turn|6
|
|t:|1785248799
|switch|p2a: Incineroar|Incineroar, L50, M|91/100
|-ability|p2a: Incineroar|Intimidate|boost
|-unboost|p1a: Sneasler|atk|1
|-unboost|p1b: Mimikyu|atk|1
|switch|p1b: Incineroar|Incineroar, L50, M|57/100
|-ability|p1b: Incineroar|Intimidate|boost
|-unboost|p2a: Incineroar|atk|1
|-unboost|p2b: Archaludon|atk|1
|move|p2b: Archaludon|Dragon Pulse|p1a: Sneasler
|-damage|p1a: Sneasler|45/100
|move|p1a: Sneasler|Close Combat|p2b: Archaludon
|-supereffective|p2b: Archaludon|1
|-damage|p2b: Archaludon|45/100
|-unboost|p1a: Sneasler|def|1
|-unboost|p1a: Sneasler|spd|1
|-ability|p2b: Archaludon|Stamina|boost
|-boost|p2b: Archaludon|def|1
|
|-heal|p2b: Archaludon|51/100|[from] item: Leftovers
|-sideend|p2: yarep|move: Tailwind
|upkeep
|turn|7
|
|t:|1785248871
|move|p1b: Incineroar|Fake Out|p2a: Incineroar
|-damage|p2a: Incineroar|82/100
|cant|p2a: Incineroar|flinch
|move|p1a: Sneasler|Close Combat|p2b: Archaludon
|-supereffective|p2b: Archaludon|1
|-damage|p2b: Archaludon|16/100
|-unboost|p1a: Sneasler|def|1
|-unboost|p1a: Sneasler|spd|1
|-ability|p2b: Archaludon|Stamina|boost
|-boost|p2b: Archaludon|def|1
|move|p2b: Archaludon|Dragon Pulse|p1a: Sneasler
|-damage|p1a: Sneasler|0 fnt
|faint|p1a: Sneasler
|
|-heal|p2b: Archaludon|22/100|[from] item: Leftovers
|upkeep
|
|t:|1785248886
|switch|p1a: Delphox|Delphox, L50, M|100/100
|turn|8
|
|t:|1785248911
|detailschange|p1a: Delphox|Delphox-Mega, L50, M
|-mega|p1a: Delphox|Delphox|Delphoxite
|move|p2b: Archaludon|Protect|p2b: Archaludon
|-singleturn|p2b: Archaludon|Protect
|move|p1a: Delphox|Heat Wave|p2a: Incineroar|[spread] p2a
|-activate|p2b: Archaludon|move: Protect
|-resisted|p2a: Incineroar|1
|-damage|p2a: Incineroar|67/100
|move|p2a: Incineroar|Throat Chop|p1b: Incineroar
|-resisted|p1b: Incineroar|1
|-damage|p1b: Incineroar|49/100
|-start|p1b: Incineroar|Throat Chop|[silent]
|-enditem|p1b: Incineroar|Sitrus Berry|[eat]
|-heal|p1b: Incineroar|74/100|[from] item: Sitrus Berry
|move|p1b: Incineroar|Flare Blitz|p2a: Incineroar
|-resisted|p2a: Incineroar|1
|-damage|p2a: Incineroar|47/100
|-enditem|p2a: Incineroar|Sitrus Berry|[eat]
|-heal|p2a: Incineroar|72/100|[from] item: Sitrus Berry
|-damage|p1b: Incineroar|67/100|[from] Recoil
|
|-heal|p2b: Archaludon|28/100|[from] item: Leftovers
|upkeep
|turn|9
|
|t:|1785248938
|move|p1a: Delphox|Protect|p1a: Delphox
|-singleturn|p1a: Delphox|Protect
|move|p2b: Archaludon|Protect||[still]
|-fail|p2b: Archaludon
|move|p1b: Incineroar|Flare Blitz|p2b: Archaludon
|-damage|p2b: Archaludon|12/100
|-ability|p2b: Archaludon|Stamina|boost
|-boost|p2b: Archaludon|def|1
|-damage|p1b: Incineroar|62/100|[from] Recoil
|move|p2a: Incineroar|Parting Shot|p1a: Delphox
|-activate|p1a: Delphox|move: Protect
|
|-heal|p2b: Archaludon|18/100|[from] item: Leftovers
|-end|p1b: Incineroar|Throat Chop|[silent]
|upkeep
|turn|10
|
|t:|1785248956
|move|p1a: Delphox|Nasty Plot|p1a: Delphox
|-boost|p1a: Delphox|spa|2
|move|p2b: Archaludon|Aura Sphere|p1b: Incineroar
|-supereffective|p1b: Incineroar|1
|-damage|p1b: Incineroar|28/100
|move|p2a: Incineroar|Parting Shot|p1a: Delphox
|-unboost|p1a: Delphox|atk|1
|-unboost|p1a: Delphox|spa|1
|
|t:|1785248963
|switch|p2a: Basculegion|Basculegion, L50, M|100/100|[from] Parting Shot
|move|p1b: Incineroar|Parting Shot|p2a: Basculegion
|-unboost|p2a: Basculegion|atk|1
|-unboost|p2a: Basculegion|spa|1
|
|t:|1785248968
|switch|p1b: Mimikyu|Mimikyu-Busted, L50, M|27/100|[from] Parting Shot
|
|-heal|p2b: Archaludon|24/100|[from] item: Leftovers
|upkeep
|turn|11
|
|t:|1785248991
|switch|p2a: Incineroar|Incineroar, L50, M|72/100
|-ability|p2a: Incineroar|Intimidate|boost
|-unboost|p1a: Delphox|atk|1
|-unboost|p1b: Mimikyu|atk|1
|move|p1b: Mimikyu|Shadow Sneak|p2a: Incineroar
|-resisted|p2a: Incineroar|1
|-damage|p2a: Incineroar|65/100
|-damage|p1b: Mimikyu|18/100|[from] item: Life Orb
|move|p1a: Delphox|Heat Wave|p2b: Archaludon|[spread] p2a,p2b
|-resisted|p2a: Incineroar|1
|-damage|p2a: Incineroar|39/100
|-damage|p2b: Archaludon|0 fnt
|faint|p2b: Archaludon
|
|upkeep
|
|t:|1785249001
|switch|p2b: Basculegion|Basculegion, L50, M|100/100
|turn|12
|
|t:|1785249023
|switch|p1b: Incineroar|Incineroar, L50, M|28/100
|-ability|p1b: Incineroar|Intimidate|boost
|-unboost|p2a: Incineroar|atk|1
|-unboost|p2b: Basculegion|atk|1
|move|p1a: Delphox|Protect|p1a: Delphox
|-singleturn|p1a: Delphox|Protect
|move|p2a: Incineroar|Fake Out|p1a: Delphox
|-activate|p1a: Delphox|move: Protect
|move|p2b: Basculegion|Wave Crash|p1b: Incineroar
|-supereffective|p1b: Incineroar|1
|-damage|p1b: Incineroar|0 fnt
|faint|p1b: Incineroar
|-damage|p2b: Basculegion|90/100|[from] Recoil
|
|upkeep
|
|t:|1785249033
|switch|p1b: Mimikyu|Mimikyu-Busted, L50, M|18/100
|turn|13
|
|t:|1785249047
|move|p1a: Delphox|Protect||[still]
|-fail|p1a: Delphox
|move|p1b: Mimikyu|Shadow Sneak|p2b: Basculegion
|-supereffective|p2b: Basculegion|1
|-damage|p2b: Basculegion|28/100
|-damage|p1b: Mimikyu|8/100|[from] item: Life Orb
|move|p2b: Basculegion|Wave Crash|p1a: Delphox
|-supereffective|p1a: Delphox|1
|-damage|p1a: Delphox|0 fnt
|faint|p1a: Delphox
|-damage|p2b: Basculegion|1/100|[from] Recoil
|move|p2a: Incineroar|Throat Chop|p1b: Mimikyu
|-damage|p1b: Mimikyu|0 fnt
|faint|p1b: Mimikyu
|
|win|yarep
||LyssanTM is ready for game 2.
|inactive|yarep has 30 seconds to confirm battle start!
||yarep is ready for game 2.
|uhtml|next|Next: Game 2 of 3
