|j|☆lettitripppp
|j|☆HADES055
|html|lettitrippppHADES055    
|uhtml|bestof|Game 2 of a best-of-3
|t:|1784238230
|gametype|doubles
|player|p1|lettitripppp|lucas|1239
|player|p2|HADES055|pokemaniac|1141
|gen|9
|tier|[Gen 9 Champions] VGC 2026 Reg M-B (Bo3)
|rated|
|rule|Species Clause: Limit one of each Pokémon
|rule|Item Clause: Limit 1 of each item
|clearpoke
|poke|p1|Charizard, L50, F, shiny|
|poke|p1|Basculegion, L50, M, shiny|
|poke|p1|Pelipper, L50, F|
|poke|p1|Venusaur, L50, M|
|poke|p1|Archaludon, L50, F|
|poke|p1|Grimmsnarl, L50, M, shiny|
|poke|p2|Sinistcha, L50|
|poke|p2|Sneasler, L50, M|
|poke|p2|Incineroar, L50, M|
|poke|p2|Blastoise, L50, M|
|poke|p2|Kommo-o, L50, M|
|poke|p2|Metagross, L50|
|teampreview|4
|showteam|p1|Charizard||CharizarditeY|Blaze|WeatherBall,SolarBeam,HeatWave,Protect|Modest||F|||50|]Basculegion||ChoiceScarf|Adaptability|LastRespects,WaveCrash,FlipTurn,AquaJet|Jolly||M|||50|]Pelipper||SitrusBerry|Drizzle|WeatherBall,WideGuard,Hurricane,Tailwind|Modest||F|||50|]Venusaur||FocusSash|Chlorophyll|SleepPowder,SludgeBomb,EarthPower,Protect|Modest||M|||50|]Archaludon||Leftovers|Stamina|FlashCannon,DragonPulse,ElectroShot,Protect|Calm||F|||50|]Grimmsnarl||LightClay|Prankster|PartingShot,LightScreen,SpiritBreak,Reflect|Relaxed||M|||50|
|showteam|p2|Sinistcha||KasibBerry|Hospitality|MatchaGotcha,RagePowder,TrickRoom,Imprison|Bold|||||50|]Sneasler||WhiteHerb|Unburden|FakeOut,CloseCombat,RainDance,GunkShot|Jolly||M|||50|]Incineroar||SitrusBerry|Intimidate|FakeOut,FlareBlitz,PartingShot,ThroatChop|Careful||M|||50|]Blastoise||Blastoisinite|RainDish|Protect,WaterSpout,DarkPulse,ShellSmash|Modest||M|||50|]Kommo-o||Leftovers|Overcoat|Protect,ClangingScales,AuraSphere,ClangorousSoul|Modest||M|||50|]Metagross||Metagrossite|ClearBody|Protect,PsychicFangs,MeteorMash,BulletPunch|Jolly|||||50|
|inactive|Battle timer is ON: inactive players will automatically lose when time's up. (requested by lettitripppp)
|inactive|HADES055 has 60 seconds left.
|
|t:|1784238280
|teamsize|p1|4
|teamsize|p2|4
|start
|switch|p1a: WET-BEAK|Pelipper, L50, F|100/100
|switch|p1b: GHOSTWAVE|Basculegion, L50, M, shiny|100/100
|switch|p2a: Incineroar|Incineroar, L50, M|100/100
|switch|p2b: Kommo-o|Kommo-o, L50, M|100/100
|-weather|RainDance|[from] ability: Drizzle|[of] p1a: WET-BEAK
|-ability|p2a: Incineroar|Intimidate|boost
|-unboost|p1a: WET-BEAK|atk|1
|-unboost|p1b: GHOSTWAVE|atk|1
|turn|1
|
|t:|1784238290
|switch|p2a: Sinistcha|Sinistcha, L50|100/100
|move|p1b: GHOSTWAVE|Wave Crash|p2a: Sinistcha
|-resisted|p2a: Sinistcha|1
|-damage|p2a: Sinistcha|71/100
|-damage|p1b: GHOSTWAVE|91/100|[from] Recoil
|move|p2b: Kommo-o|Clangorous Soul|p2b: Kommo-o
|-boost|p2b: Kommo-o|atk|1
|-boost|p2b: Kommo-o|def|1
|-boost|p2b: Kommo-o|spa|1
|-boost|p2b: Kommo-o|spd|1
|-boost|p2b: Kommo-o|spe|1
|-damage|p2b: Kommo-o|67/100
|move|p1a: WET-BEAK|Hurricane|p2b: Kommo-o
|-supereffective|p2b: Kommo-o|1
|-damage|p2b: Kommo-o|19/100
|-start|p2b: Kommo-o|confusion
|
|-weather|RainDance|[upkeep]
|-heal|p2b: Kommo-o|25/100|[from] item: Leftovers
|upkeep
|turn|2
|
|t:|1784238310
|switch|p2a: Incineroar|Incineroar, L50, M|100/100
|-ability|p2a: Incineroar|Intimidate|boost
|-unboost|p1a: WET-BEAK|atk|1
|-unboost|p1b: GHOSTWAVE|atk|1
|-activate|p2b: Kommo-o|confusion
|move|p2b: Kommo-o|Protect|p2b: Kommo-o
|-singleturn|p2b: Kommo-o|Protect
|move|p1b: GHOSTWAVE|Wave Crash|p2b: Kommo-o
|-activate|p2b: Kommo-o|move: Protect
|move|p1a: WET-BEAK|Hurricane|p2a: Incineroar
|-damage|p2a: Incineroar|61/100
|
|-weather|RainDance|[upkeep]
|-heal|p2b: Kommo-o|31/100|[from] item: Leftovers
|upkeep
|turn|3
|inactive|HADES055 has 30 seconds left.
|
|t:|1784238340
|switch|p2a: Sinistcha|Sinistcha, L50|71/100
|-heal|p2b: Kommo-o|56/100|[from] ability: Hospitality|[of] p2a: Sinistcha
|move|p1b: GHOSTWAVE|Wave Crash|p2a: Sinistcha
|-resisted|p2a: Sinistcha|1
|-damage|p2a: Sinistcha|48/100
|-damage|p1b: GHOSTWAVE|84/100|[from] Recoil
|-activate|p2b: Kommo-o|confusion
|move|p2b: Kommo-o|Aura Sphere|p1a: WET-BEAK
|-resisted|p1a: WET-BEAK|1
|-damage|p1a: WET-BEAK|62/100
|move|p1a: WET-BEAK|Hurricane|p2b: Kommo-o
|-supereffective|p2b: Kommo-o|1
|-damage|p2b: Kommo-o|3/100
|
|-weather|RainDance|[upkeep]
|-heal|p2b: Kommo-o|9/100|[from] item: Leftovers
|upkeep
|turn|4
|
|t:|1784238361
|move|p2a: Sinistcha|Rage Powder|p2a: Sinistcha
|-singleturn|p2a: Sinistcha|move: Rage Powder
|move|p1b: GHOSTWAVE|Wave Crash|p2a: Sinistcha
|-resisted|p2a: Sinistcha|1
|-damage|p2a: Sinistcha|25/100
|-damage|p1b: GHOSTWAVE|77/100|[from] Recoil
|-activate|p2b: Kommo-o|confusion
|move|p2b: Kommo-o|Clanging Scales|p1b: GHOSTWAVE|[spread] p1a,p1b
|-damage|p1a: WET-BEAK|0 fnt
|-damage|p1b: GHOSTWAVE|16/100
|faint|p1a: WET-BEAK
|-unboost|p2b: Kommo-o|def|1
|
|-weather|RainDance|[upkeep]
|-heal|p2b: Kommo-o|15/100|[from] item: Leftovers
|upkeep
|
|t:|1784238373
|switch|p1a: AGNI|Charizard, L50, F, shiny|100/100
|turn|5
|
|t:|1784238389
|switch|p1b: SOFT-SLEEP|Venusaur, L50, M|100/100
|switch|p2a: Incineroar|Incineroar, L50, M|61/100
|-ability|p2a: Incineroar|Intimidate|boost
|-unboost|p1a: AGNI|atk|1
|-unboost|p1b: SOFT-SLEEP|atk|1
|detailschange|p1a: AGNI|Charizard-Mega-Y, L50, F, shiny
|-mega|p1a: AGNI|Charizard|Charizardite Y
|-weather|SunnyDay|[from] ability: Drought|[of] p1a: AGNI
|-end|p2b: Kommo-o|confusion
|move|p2b: Kommo-o|Protect|p2b: Kommo-o
|-singleturn|p2b: Kommo-o|Protect
|move|p1a: AGNI|Heat Wave|p2b: Kommo-o|[spread] p2a
|-activate|p2b: Kommo-o|move: Protect
|-resisted|p2a: Incineroar|1
|-damage|p2a: Incineroar|37/100
|-enditem|p2a: Incineroar|Sitrus Berry|[eat]
|-heal|p2a: Incineroar|62/100|[from] item: Sitrus Berry
|
|-weather|SunnyDay|[upkeep]
|-heal|p2b: Kommo-o|21/100|[from] item: Leftovers
|upkeep
|turn|6
|inactive|lettitripppp has 30 seconds left.
|inactive|HADES055 has 30 seconds left.
|inactive|HADES055 has 20 seconds left.
|
|t:|1784238427
|move|p1b: SOFT-SLEEP|Earth Power|p2b: Kommo-o
|-damage|p2b: Kommo-o|4/100
|move|p2b: Kommo-o|Clanging Scales|p1a: AGNI|[spread] p1a,p1b
|-damage|p1a: AGNI|54/100
|-damage|p1b: SOFT-SLEEP|42/100
|-unboost|p2b: Kommo-o|def|1
|move|p1a: AGNI|Weather Ball|p2b: Kommo-o
|-resisted|p2b: Kommo-o|1
|-damage|p2b: Kommo-o|0 fnt
|faint|p2b: Kommo-o
|move|p2a: Incineroar|Flare Blitz|p1b: SOFT-SLEEP
|-supereffective|p1b: SOFT-SLEEP|1
|-damage|p1b: SOFT-SLEEP|0 fnt
|faint|p1b: SOFT-SLEEP
|-damage|p2a: Incineroar|51/100|[from] Recoil
|
|-weather|SunnyDay|[upkeep]
|upkeep
|inactive|HADES055 has 30 seconds left.
|
|t:|1784238460
|switch|p1b: GHOSTWAVE|Basculegion, L50, M, shiny|16/100
|switch|p2b: Metagross|Metagross, L50|100/100
|turn|7
|
|t:|1784238478
|move|p2b: Metagross|Protect|p2b: Metagross
|-singleturn|p2b: Metagross|Protect
|move|p1b: GHOSTWAVE|Last Respects|p2a: Incineroar
|-resisted|p2a: Incineroar|1
|-damage|p2a: Incineroar|8/100
|move|p1a: AGNI|Weather Ball|p2a: Incineroar
|-resisted|p2a: Incineroar|1
|-damage|p2a: Incineroar|0 fnt
|faint|p2a: Incineroar
|
|-weather|SunnyDay|[upkeep]
|upkeep
|
|t:|1784238486
|switch|p2a: Sinistcha|Sinistcha, L50|25/100
|turn|8
|
|t:|1784238500
|detailschange|p2b: Metagross|Metagross-Mega, L50
|-mega|p2b: Metagross|Metagross|Metagrossite
|move|p1b: GHOSTWAVE|Last Respects|p2a: Sinistcha
|-supereffective|p2a: Sinistcha|1
|-enditem|p2a: Sinistcha|Kasib Berry|[eat]
|-enditem|p2a: Sinistcha|Kasib Berry|[weaken]
|-damage|p2a: Sinistcha|0 fnt
|faint|p2a: Sinistcha
|move|p2b: Metagross|Psychic Fangs|p1a: AGNI
|-damage|p1a: AGNI|0 fnt
|faint|p1a: AGNI
|
|-weather|SunnyDay|[upkeep]
|upkeep
|turn|9
|
|t:|1784238512
|move|p2b: Metagross|Bullet Punch|p1b: GHOSTWAVE
|-resisted|p1b: GHOSTWAVE|1
|-damage|p1b: GHOSTWAVE|0 fnt
|faint|p1b: GHOSTWAVE
|
|win|HADES055
