|j|☆Liney stiney
|j|☆p1ch1pichi
|html|Liney stineyp1ch1pichi    
|uhtml|bestof|Game 1 of a best-of-3
|t:|1785147541
|gametype|doubles
|player|p1|Liney stiney|101|1060
|player|p2|p1ch1pichi|n|1125
|gen|9
|tier|[Gen 9 Champions] VGC 2026 Reg M-B (Bo3)
|rated|
|rule|Species Clause: Limit one of each Pokémon
|rule|Item Clause: Limit 1 of each item
|clearpoke
|poke|p1|Blaziken, L50, M|
|poke|p1|Gholdengo, L50|
|poke|p1|Dragonite, L50, F, shiny|
|poke|p1|Mudsdale, L50, M|
|poke|p1|Sylveon, L50, F, shiny|
|poke|p1|Meowscarada, L50, M, shiny|
|poke|p2|Raichu, L50, M, shiny|
|poke|p2|Meganium, L50, M, shiny|
|poke|p2|Pelipper, L50, M|
|poke|p2|Archaludon, L50, M|
|poke|p2|Sableye, L50, M|
|poke|p2|Basculegion, L50, M|
|teampreview|4
|showteam|p1|Blaziken||Blazikenite|SpeedBoost|CloseCombat,Protect,FlareBlitz,RockSlide|Lonely||M|||50|]Gholdengo||ChoiceScarf|GoodasGold|MakeItRain,ShadowBall,PowerGem,Surf|Modest|||||50|]Dragonite||WhiteHerb|Multiscale|Superpower,DragonClaw,DragonDance,Protect|Brave||F|||50|]Mudsdale||SitrusBerry|InnerFocus|Curse,Earthquake,Protect,HeavySlam|Brave||M|||50|]Sylveon||FocusSash|Pixilate|Protect,HyperVoice,QuickAttack,MysticalFire|Sassy||F|||50|]Meowscarada||LifeOrb|Protean|SuckerPunch,FlowerTrick,TripleAxel,Protect|Jolly||M|||50|
|showteam|p2|Raichu||RaichuniteX|LightningRod|Protect,FakeOut,VoltSwitch,RisingVoltage|Timid||M|||50|]Meganium||Meganiumite|Overgrow|Protect,SolarBeam,WeatherBall,DazzlingGleam|Modest||M|||50|]Pelipper||FocusSash|Drizzle|Soak,Tailwind,Hurricane,WeatherBall|Timid||M|||50|]Archaludon||Leftovers|Stamina|ElectroShot,AuraSphere,DracoMeteor,Protect|Modest||M|||50|]Sableye||RoseliBerry|Prankster|Quash,Reflect,LightScreen,RainDance|Bold||M|||50|]Basculegion||ChoiceScarf|Adaptability|FlipTurn,WaveCrash,AquaJet,LastRespects|Jolly||M|||50|
|inactive|Battle timer is ON: inactive players will automatically lose when time's up. (requested by p1ch1pichi)
|inactive|Liney stiney has 60 seconds left.
|
|t:|1785147593
|teamsize|p1|4
|teamsize|p2|4
|start
|switch|p1a: Dragonite|Dragonite, L50, F, shiny|100/100
|switch|p1b: Mudsdale|Mudsdale, L50, M|100/100
|switch|p2a: High Tide|Basculegion, L50, M|100/100
|switch|p2b: San Juanico|Archaludon, L50, M|100/100
|turn|1
|inactive|p1ch1pichi has 30 seconds left.
|
|t:|1785147619
|switch|p2b: Bougainville|Meganium, L50, M, shiny|100/100
|move|p2a: High Tide|Flip Turn|p1a: Dragonite
|-resisted|p1a: Dragonite|1
|-damage|p1a: Dragonite|89/100
|
|t:|1785147630
|switch|p2a: Inidoro|Pelipper, L50, M|100/100|[from] Flip Turn
|-weather|RainDance|[from] ability: Drizzle|[of] p2a: Inidoro
|move|p1a: Dragonite|Dragon Dance|p1a: Dragonite
|-boost|p1a: Dragonite|atk|1
|-boost|p1a: Dragonite|spe|1
|move|p1b: Mudsdale|Curse|p1b: Mudsdale
|-unboost|p1b: Mudsdale|spe|1
|-boost|p1b: Mudsdale|atk|1
|-boost|p1b: Mudsdale|def|1
|
|-weather|RainDance|[upkeep]
|upkeep
|turn|2
|inactive|Liney stiney has 30 seconds left.
|
|t:|1785147662
|detailschange|p2b: Bougainville|Meganium-Mega, L50, M, shiny
|-mega|p2b: Bougainville|Meganium|Meganiumite
|move|p1b: Mudsdale|Protect|p1b: Mudsdale
|-singleturn|p1b: Mudsdale|Protect
|move|p1a: Dragonite|Superpower|p2b: Bougainville
|-resisted|p2b: Bougainville|1
|-damage|p2b: Bougainville|71/100
|-unboost|p1a: Dragonite|atk|1
|-unboost|p1a: Dragonite|def|1
|-enditem|p1a: Dragonite|White Herb
|-clearnegativeboost|p1a: Dragonite|[silent]
|move|p2a: Inidoro|Tailwind|p2a: Inidoro
|-sidestart|p2: p1ch1pichi|move: Tailwind
|move|p2b: Bougainville|Solar Beam||[still]
|-prepare|p2b: Bougainville|Solar Beam
|-activate|p2b: Bougainville|ability: Mega Sol
|-anim|p2b: Bougainville|Solar Beam|p1b: Mudsdale
|-activate|p1b: Mudsdale|move: Protect
|
|-weather|RainDance|[upkeep]
|upkeep
|turn|3
|inactive|Liney stiney has 30 seconds left.
|
|t:|1785147693
|switch|p1b: Sylveon|Sylveon, L50, F, shiny|100/100
|move|p2a: Inidoro|Weather Ball|p1b: Sylveon
|-damage|p1b: Sylveon|58/100
|move|p2b: Bougainville|Dazzling Gleam|p1a: Dragonite|[spread] p1a,p1b
|-supereffective|p1a: Dragonite|1
|-damage|p1a: Dragonite|31/100
|-damage|p1b: Sylveon|34/100
|move|p1a: Dragonite|Dragon Dance|p1a: Dragonite
|-boost|p1a: Dragonite|atk|1
|-boost|p1a: Dragonite|spe|1
|
|-weather|RainDance|[upkeep]
|upkeep
|turn|4
|
|t:|1785147712
|move|p1a: Dragonite|Protect|p1a: Dragonite
|-singleturn|p1a: Dragonite|Protect
|move|p2a: Inidoro|Hurricane|p1b: Sylveon
|-damage|p1b: Sylveon|4/100
|-start|p1b: Sylveon|confusion
|move|p2b: Bougainville|Dazzling Gleam|p1a: Dragonite|[spread] p1b
|-activate|p1a: Dragonite|move: Protect
|-damage|p1b: Sylveon|0 fnt
|faint|p1b: Sylveon
|
|-weather|RainDance|[upkeep]
|upkeep
|
|t:|1785147729
|switch|p1b: Blaziken|Blaziken, L50, M|100/100
|turn|5
|
|t:|1785147741
|move|p1b: Blaziken|Protect|p1b: Blaziken
|-singleturn|p1b: Blaziken|Protect
|move|p2a: Inidoro|Soak|p1a: Dragonite
|-start|p1a: Dragonite|typechange|Water
|move|p2b: Bougainville|Solar Beam||[still]
|-prepare|p2b: Bougainville|Solar Beam
|-activate|p2b: Bougainville|ability: Mega Sol
|-anim|p2b: Bougainville|Solar Beam|p1a: Dragonite
|-supereffective|p1a: Dragonite|1
|-damage|p1a: Dragonite|0 fnt
|faint|p1a: Dragonite
|
|-weather|none
|-sideend|p2: p1ch1pichi|move: Tailwind
|-ability|p1b: Blaziken|Speed Boost|boost
|-boost|p1b: Blaziken|spe|1
|upkeep
|
|t:|1785147757
|switch|p1a: Mudsdale|Mudsdale, L50, M|100/100
|turn|6
|
|t:|1785147780
|detailschange|p1b: Blaziken|Blaziken-Mega, L50, M
|-mega|p1b: Blaziken|Blaziken|Blazikenite
|move|p2b: Bougainville|Protect|p2b: Bougainville
|-singleturn|p2b: Bougainville|Protect
|move|p1b: Blaziken|Flare Blitz|p2a: Inidoro
|-resisted|p2a: Inidoro|1
|-damage|p2a: Inidoro|47/100
|-damage|p1b: Blaziken|84/100|[from] Recoil
|move|p2a: Inidoro|Tailwind|p2a: Inidoro
|-sidestart|p2: p1ch1pichi|move: Tailwind
|move|p1a: Mudsdale|Heavy Slam|p2b: Bougainville
|-activate|p2b: Bougainville|move: Protect
|
|-ability|p1b: Blaziken|Speed Boost|boost
|-boost|p1b: Blaziken|spe|1
|upkeep
|turn|7
|
|t:|1785147804
|move|p1b: Blaziken|Flare Blitz|p2b: Bougainville
|-supereffective|p2b: Bougainville|1
|-damage|p2b: Bougainville|0 fnt
|faint|p2b: Bougainville
|-damage|p1b: Blaziken|58/100|[from] Recoil
|move|p2a: Inidoro|Soak|p1b: Blaziken
|-start|p1b: Blaziken|typechange|Water
|move|p1a: Mudsdale|Heavy Slam|p2a: Inidoro
|-resisted|p2a: Inidoro|1
|-damage|p2a: Inidoro|19/100
|
|-ability|p1b: Blaziken|Speed Boost|boost
|-boost|p1b: Blaziken|spe|1
|upkeep
|
|t:|1785147817
|switch|p2b: High Tide|Basculegion, L50, M|100/100
|turn|8
|
|t:|1785147832
|switch|p2a: San Juanico|Archaludon, L50, M|100/100
|move|p1a: Mudsdale|Protect|p1a: Mudsdale
|-singleturn|p1a: Mudsdale|Protect
|move|p2b: High Tide|Flip Turn|p1a: Mudsdale
|-activate|p1a: Mudsdale|move: Protect
|move|p1b: Blaziken|Rock Slide|p2a: San Juanico|[spread] p2a,p2b
|-resisted|p2a: San Juanico|1
|-damage|p2a: San Juanico|90/100
|-damage|p2b: High Tide|68/100
|-ability|p2a: San Juanico|Stamina|boost
|-boost|p2a: San Juanico|def|1
|
|-heal|p2a: San Juanico|96/100|[from] item: Leftovers
|-ability|p1b: Blaziken|Speed Boost|boost
|-boost|p1b: Blaziken|spe|1
|upkeep
|turn|9
|inactive|Liney stiney has 30 seconds left.
|
|t:|1785147859
|move|p1b: Blaziken|Close Combat|p2a: San Juanico
|-supereffective|p2a: San Juanico|1
|-damage|p2a: San Juanico|43/100
|-unboost|p1b: Blaziken|def|1
|-unboost|p1b: Blaziken|spd|1
|-ability|p2a: San Juanico|Stamina|boost
|-boost|p2a: San Juanico|def|1
|move|p2b: High Tide|Flip Turn|p1a: Mudsdale
|-supereffective|p1a: Mudsdale|1
|-damage|p1a: Mudsdale|38/100
|-enditem|p1a: Mudsdale|Sitrus Berry|[eat]
|-heal|p1a: Mudsdale|63/100|[from] item: Sitrus Berry
|
|t:|1785147870
|switch|p2b: Inidoro|Pelipper, L50, M|19/100|[from] Flip Turn
|-weather|RainDance|[from] ability: Drizzle|[of] p2b: Inidoro
|move|p2a: San Juanico|Electro Shot||[still]
|-prepare|p2a: San Juanico|Electro Shot
|-boost|p2a: San Juanico|spa|1
|-anim|p2a: San Juanico|Electro Shot|p1b: Blaziken
|-supereffective|p1b: Blaziken|1
|-damage|p1b: Blaziken|0 fnt
|faint|p1b: Blaziken
|move|p1a: Mudsdale|Curse|p1a: Mudsdale
|-unboost|p1a: Mudsdale|spe|1
|-boost|p1a: Mudsdale|atk|1
|-boost|p1a: Mudsdale|def|1
|
|-weather|RainDance|[upkeep]
|-heal|p2a: San Juanico|49/100|[from] item: Leftovers
|-sideend|p2: p1ch1pichi|move: Tailwind
|upkeep
|turn|10
|
|t:|1785147891
|move|p2b: Inidoro|Weather Ball|p1a: Mudsdale
|-supereffective|p1a: Mudsdale|1
|-damage|p1a: Mudsdale|0 fnt
|faint|p1a: Mudsdale
|
|win|p1ch1pichi
|l|☆Liney stiney
|player|p1|
|inactive|Liney stiney has 30 seconds to confirm battle start!
|inactive|p1ch1pichi has 30 seconds to confirm battle start!
||p1ch1pichi is ready for game 2.
