|j|☆water3820357
|j|☆Pilot_Shibs
|html|water3820357Pilot_Shibs    
|uhtml|bestof|Game 1 of a best-of-3
|t:|1783776601
|gametype|doubles
|player|p1|water3820357|lucas|1027
|player|p2|Pilot_Shibs|doctor|1000
|gen|9
|tier|[Gen 9 Champions] VGC 2026 Reg M-B (Bo3)
|rated|
|rule|Species Clause: Limit one of each Pokémon
|rule|Item Clause: Limit 1 of each item
|clearpoke
|poke|p1|Hawlucha, L50, F, shiny|
|poke|p1|Snorlax, L50, F, shiny|
|poke|p1|Sinistcha-Masterpiece, L50, shiny|
|poke|p1|Gengar, L50, M, shiny|
|poke|p1|Politoed, L50, F, shiny|
|poke|p1|Incineroar, L50, M, shiny|
|poke|p2|Drampa, L50, M, shiny|
|poke|p2|Excadrill, L50, F|
|poke|p2|Farigiraf, L50, M|
|poke|p2|Incineroar, L50, F|
|poke|p2|Hippowdon, L50, F, shiny|
|poke|p2|Whimsicott, L50, M|
|teampreview|4
|showteam|p1|Hawlucha||Hawluchanite|Limber|Entrainment,Detect,CloseCombat,BraveBird|Jolly||F|||50|]Snorlax||Leftovers|ThickFat|Protect,BodyPress,Stockpile,Fissure|Careful||F|||50|]Sinistcha-Masterpiece||KasibBerry|Hospitality|MatchaGotcha,TrickRoom,Protect,RagePowder|Relaxed|||||50|]Gengar||Gengarite|CursedBody|Protect,ShadowBall,PerishSong,Disable|Timid||M|||50|]Politoed||SitrusBerry|Drizzle|Protect,WeatherBall,PerishSong,Encore|Calm||F|||50|]Incineroar||PasshoBerry|Intimidate|FakeOut,PartingShot,Protect,ThroatChop|Careful||M|||50|
|showteam|p2|Drampa||Drampanite|Berserk|HyperVoice,Protect,Thunderbolt,HeatWave|Modest||M|||50|]Excadrill||WideLens|SandRush|Fissure,IronHead,Protect,BrickBreak|Adamant||F|||50|]Farigiraf||MentalHerb|ArmorTail|Psyshock,Protect,TrickRoom,HyperVoice|Calm||M|||50|]Incineroar||SitrusBerry|Intimidate|FlareBlitz,PartingShot,FakeOut,Protect|Careful||F|||50|]Hippowdon||Leftovers|SandStream|Whirlwind,SlackOff,Earthquake,Yawn|Impish||F|||50|]Whimsicott||FocusSash|Prankster|Tailwind,Moonblast,Taunt,EnergyBall|Timid||M|||50|
|
|t:|1783776619
|teamsize|p1|4
|teamsize|p2|4
|start
|switch|p1a: Hawlucha|Hawlucha, L50, F, shiny|100/100
|switch|p1b: Snorlax|Snorlax, L50, F, shiny|100/100
|switch|p2a: Hippowdon|Hippowdon, L50, F, shiny|100/100
|switch|p2b: Excadrill|Excadrill, L50, F|100/100
|-weather|Sandstorm|[from] ability: Sand Stream|[of] p2a: Hippowdon
|turn|1
|
|t:|1783776646
|detailschange|p1a: Hawlucha|Hawlucha-Mega, L50, F, shiny
|-mega|p1a: Hawlucha|Hawlucha|Hawluchanite
|move|p2b: Excadrill|Fissure|p1b: Snorlax|[miss]
|-miss|p2b: Excadrill|p1b: Snorlax
|move|p1a: Hawlucha|Entrainment|p1b: Snorlax
|-ability|p1b: Snorlax|No Guard|Thick Fat|[from] move: Entrainment|[of] p1a: Hawlucha
|move|p2a: Hippowdon|Yawn|p1a: Hawlucha
|-start|p1a: Hawlucha|move: Yawn|[of] p2a: Hippowdon
|move|p1b: Snorlax|Fissure|p2b: Excadrill
|-damage|p2b: Excadrill|0 fnt
|faint|p2b: Excadrill
|-ohko
|
|-weather|Sandstorm|[upkeep]
|-damage|p1a: Hawlucha|94/100|[from] Sandstorm
|-damage|p1b: Snorlax|94/100|[from] Sandstorm
|-heal|p1b: Snorlax|100/100|[from] item: Leftovers
|upkeep
|
|t:|1783776664
|switch|p2b: Farigiraf|Farigiraf, L50, M|100/100
|turn|2
|
|t:|1783776685
|move|p2b: Farigiraf|Protect|p2b: Farigiraf
|-singleturn|p2b: Farigiraf|Protect
|move|p1a: Hawlucha|Close Combat|p2a: Hippowdon
|-damage|p2a: Hippowdon|69/100
|-unboost|p1a: Hawlucha|def|1
|-unboost|p1a: Hawlucha|spd|1
|move|p1b: Snorlax|Fissure|p2b: Farigiraf
|-activate|p2b: Farigiraf|move: Protect
|move|p2a: Hippowdon|Whirlwind|p1b: Snorlax
|drag|p1b: Incineroar|Incineroar, L50, M, shiny|100/100
|-ability|p1b: Incineroar|Intimidate|boost
|-unboost|p2a: Hippowdon|atk|1
|-unboost|p2b: Farigiraf|atk|1
|
|-weather|Sandstorm|[upkeep]
|-damage|p1a: Hawlucha|88/100|[from] Sandstorm
|-damage|p2b: Farigiraf|93/100|[from] Sandstorm
|-damage|p1b: Incineroar|94/100|[from] Sandstorm
|-heal|p2a: Hippowdon|75/100|[from] item: Leftovers
|-end|p1a: Hawlucha|move: Yawn|[silent]
|-status|p1a: Hawlucha|slp
|upkeep
|turn|3
|
|t:|1783776719
|move|p1b: Incineroar|Fake Out||[still]
|cant|p2b: Farigiraf|ability: Armor Tail|Fake Out|[of] p1b: Incineroar
|cant|p1a: Hawlucha|slp
|move|p2b: Farigiraf|Psyshock|p1a: Hawlucha
|-supereffective|p1a: Hawlucha|1
|-damage|p1a: Hawlucha|0 fnt
|faint|p1a: Hawlucha
|move|p2a: Hippowdon|Yawn|p1b: Incineroar
|-start|p1b: Incineroar|move: Yawn|[of] p2a: Hippowdon
|
|-weather|Sandstorm|[upkeep]
|-damage|p2b: Farigiraf|87/100|[from] Sandstorm
|-damage|p1b: Incineroar|88/100|[from] Sandstorm
|-heal|p2a: Hippowdon|81/100|[from] item: Leftovers
|upkeep
|
|t:|1783776734
|switch|p1a: Snorlax|Snorlax, L50, F, shiny|100/100
|turn|4
|
|t:|1783776744
|move|p1b: Incineroar|Protect|p1b: Incineroar
|-singleturn|p1b: Incineroar|Protect
|move|p2b: Farigiraf|Psyshock|p1a: Snorlax
|-damage|p1a: Snorlax|69/100
|move|p2a: Hippowdon|Yawn|p1a: Snorlax
|-start|p1a: Snorlax|move: Yawn|[of] p2a: Hippowdon
|move|p1a: Snorlax|Stockpile|p1a: Snorlax
|-start|p1a: Snorlax|stockpile1
|-boost|p1a: Snorlax|def|1
|-boost|p1a: Snorlax|spd|1
|
|-weather|Sandstorm|[upkeep]
|-damage|p2b: Farigiraf|81/100|[from] Sandstorm
|-damage|p1b: Incineroar|82/100|[from] Sandstorm
|-damage|p1a: Snorlax|63/100|[from] Sandstorm
|-heal|p2a: Hippowdon|87/100|[from] item: Leftovers
|-heal|p1a: Snorlax|69/100|[from] item: Leftovers
|-end|p1b: Incineroar|move: Yawn|[silent]
|-status|p1b: Incineroar|slp
|upkeep
|turn|5
|
|t:|1783776764
|move|p2b: Farigiraf|Hyper Voice|p1b: Incineroar|[spread] p1a,p1b
|-damage|p1a: Snorlax|60/100
|-damage|p1b: Incineroar|61/100 slp
|cant|p1b: Incineroar|slp
|move|p1a: Snorlax|Fissure|p2b: Farigiraf|[miss]
|-miss|p1a: Snorlax|p2b: Farigiraf
|move|p2a: Hippowdon|Whirlwind|p1a: Snorlax
|drag|p1a: Sinistcha|Sinistcha-Masterpiece, L50, shiny|100/100
|-heal|p1b: Incineroar|86/100 slp|[from] ability: Hospitality|[of] p1a: Sinistcha
|
|-weather|none
|-heal|p2a: Hippowdon|93/100|[from] item: Leftovers
|upkeep
|turn|6
|
|t:|1783776792
|switch|p2a: Drampa|Drampa, L50, M, shiny|100/100
|cant|p1b: Incineroar|slp
|move|p2b: Farigiraf|Trick Room|p2b: Farigiraf
|-fieldstart|move: Trick Room|[of] p2b: Farigiraf
|move|p1a: Sinistcha|Trick Room|p1a: Sinistcha
|-fieldend|move: Trick Room
|
|upkeep
|turn|7
|
|t:|1783776806
|detailschange|p2a: Drampa|Drampa-Mega, L50, M, shiny
|-mega|p2a: Drampa|Drampa|Drampanite
|move|p2b: Farigiraf|Psyshock|p1a: Sinistcha
|-damage|p1a: Sinistcha|74/100
|move|p1a: Sinistcha|Matcha Gotcha|p2a: Drampa|[spread] p2a,p2b
|-resisted|p2a: Drampa|1
|-damage|p2a: Drampa|90/100
|-heal|p1a: Sinistcha|79/100|[from] drain|[of] p2a: Drampa
|-damage|p2b: Farigiraf|61/100
|-heal|p1a: Sinistcha|91/100|[from] drain|[of] p2b: Farigiraf
|-curestatus|p1b: Incineroar|slp|[msg]
|move|p1b: Incineroar|Throat Chop|p2b: Farigiraf
|-supereffective|p2b: Farigiraf|1
|-damage|p2b: Farigiraf|0 fnt
|faint|p2b: Farigiraf
|move|p2a: Drampa|Heat Wave|p1b: Incineroar|[spread] p1a,p1b
|-supereffective|p1a: Sinistcha|1
|-resisted|p1b: Incineroar|1
|-damage|p1a: Sinistcha|13/100
|-damage|p1b: Incineroar|74/100
|
|upkeep
|
|t:|1783776825
|switch|p2b: Hippowdon|Hippowdon, L50, F, shiny|93/100
|-weather|Sandstorm|[from] ability: Sand Stream|[of] p2b: Hippowdon
|turn|8
|
|t:|1783776838
|move|p1b: Incineroar|Parting Shot|p2a: Drampa
|-unboost|p2a: Drampa|atk|1
|-unboost|p2a: Drampa|spa|1
|
|t:|1783776843
|switch|p1b: Snorlax|Snorlax, L50, F, shiny|60/100|[from] Parting Shot
|move|p2b: Hippowdon|Slack Off|p2b: Hippowdon
|-heal|p2b: Hippowdon|100/100
|move|p2a: Drampa|Heat Wave|p1b: Snorlax|[spread] p1a,p1b
|-supereffective|p1a: Sinistcha|1
|-damage|p1a: Sinistcha|0 fnt
|-damage|p1b: Snorlax|55/100
|faint|p1a: Sinistcha
|
|-weather|Sandstorm|[upkeep]
|-damage|p2a: Drampa|84/100|[from] Sandstorm
|-damage|p1b: Snorlax|49/100|[from] Sandstorm
|-heal|p1b: Snorlax|55/100|[from] item: Leftovers
|upkeep
|
|t:|1783776855
|switch|p1a: Incineroar|Incineroar, L50, M, shiny|74/100
|-ability|p1a: Incineroar|Intimidate|boost
|-unboost|p2a: Drampa|atk|1
|-unboost|p2b: Hippowdon|atk|1
|turn|9
|
|t:|1783776869
|move|p2a: Drampa|Protect|p2a: Drampa
|-singleturn|p2a: Drampa|Protect
|move|p1a: Incineroar|Throat Chop|p2b: Hippowdon
|-damage|p2b: Hippowdon|81/100
|-start|p2b: Hippowdon|Throat Chop|[silent]
|move|p2b: Hippowdon|Yawn|p1b: Snorlax
|-start|p1b: Snorlax|move: Yawn|[of] p2b: Hippowdon
|move|p1b: Snorlax|Body Press|p2a: Drampa
|-activate|p2a: Drampa|move: Protect
|
|-weather|Sandstorm|[upkeep]
|-damage|p1a: Incineroar|68/100|[from] Sandstorm
|-damage|p2a: Drampa|78/100|[from] Sandstorm
|-damage|p1b: Snorlax|49/100|[from] Sandstorm
|-heal|p2b: Hippowdon|87/100|[from] item: Leftovers
|-heal|p1b: Snorlax|55/100|[from] item: Leftovers
|upkeep
|turn|10
|
|t:|1783776901
|move|p1a: Incineroar|Parting Shot|p2a: Drampa
|-unboost|p2a: Drampa|atk|1
|-unboost|p2a: Drampa|spa|1
|move|p2b: Hippowdon|Yawn|p1a: Incineroar
|-start|p1a: Incineroar|move: Yawn|[of] p2b: Hippowdon
|move|p2a: Drampa|Hyper Voice|p1b: Snorlax|[spread] p1a,p1b
|-damage|p1a: Incineroar|53/100
|-damage|p1b: Snorlax|46/100
|move|p1b: Snorlax|Body Press|p2a: Drampa
|-supereffective|p2a: Drampa|1
|-damage|p2a: Drampa|54/100
|
|-weather|Sandstorm|[upkeep]
|-damage|p1a: Incineroar|48/100|[from] Sandstorm
|-damage|p2a: Drampa|49/100|[from] Sandstorm
|-damage|p1b: Snorlax|40/100|[from] Sandstorm
|-heal|p2b: Hippowdon|93/100|[from] item: Leftovers
|-heal|p1b: Snorlax|46/100|[from] item: Leftovers
|-end|p2b: Hippowdon|Throat Chop|[silent]
|-end|p1b: Snorlax|move: Yawn|[silent]
|-status|p1b: Snorlax|slp
|upkeep
|turn|11
|
|t:|1783776927
|move|p2a: Drampa|Protect|p2a: Drampa
|-singleturn|p2a: Drampa|Protect
|cant|p1b: Snorlax|slp
|move|p1a: Incineroar|Throat Chop|p2a: Drampa
|-activate|p2a: Drampa|move: Protect
|move|p2b: Hippowdon|Earthquake|p1b: Snorlax|[spread] p1a,p1b
|-activate|p2a: Drampa|move: Protect
|-supereffective|p1a: Incineroar|1
|-damage|p1a: Incineroar|11/100
|-damage|p1b: Snorlax|26/100 slp
|
|-weather|Sandstorm|[upkeep]
|-damage|p1a: Incineroar|5/100|[from] Sandstorm
|-damage|p2a: Drampa|43/100|[from] Sandstorm
|-damage|p1b: Snorlax|20/100y slp|[from] Sandstorm
|-heal|p2b: Hippowdon|99/100|[from] item: Leftovers
|-heal|p1b: Snorlax|26/100 slp|[from] item: Leftovers
|-end|p1a: Incineroar|move: Yawn|[silent]
|-status|p1a: Incineroar|slp
|upkeep
|turn|12
|
|t:|1783776944
|cant|p1a: Incineroar|slp
|cant|p1b: Snorlax|slp
|move|p2b: Hippowdon|Earthquake|p1b: Snorlax|[spread] p2a,p1a,p1b
|-supereffective|p1a: Incineroar|1
|-damage|p2a: Drampa|25/100
|-damage|p1a: Incineroar|0 fnt
|-damage|p1b: Snorlax|9/100 slp
|faint|p1a: Incineroar
|move|p2a: Drampa|Hyper Voice|p1b: Snorlax
|-damage|p1b: Snorlax|0 fnt
|faint|p1b: Snorlax
|
|win|Pilot_Shibs
|inactive|water3820357 has 30 seconds to confirm battle start!
|inactive|Pilot_Shibs has 30 seconds to confirm battle start!
