|j|☆Gastrosophilipp
|j|☆xDesert98
|html|GastrosophilippxDesert98    
|uhtml|bestof|Game 1 of a best-of-3
|t:|1784920054
|gametype|doubles
|player|p1|Gastrosophilipp|juan|
|player|p2|xDesert98|266|
|gen|9
|tier|[Gen 9 Champions] VGC 2026 Reg M-B (Bo3)
|rule|Species Clause: Limit one of each Pokémon
|rule|Item Clause: Limit 1 of each item
|clearpoke
|poke|p1|Charizard, L50, M|
|poke|p1|Espathra, L50, F|
|poke|p1|Basculegion, L50, M|
|poke|p1|Raichu, L50, M|
|poke|p1|Kingambit, L50, M, shiny|
|poke|p1|Whimsicott, L50, F|
|poke|p2|Venusaur, L50, M|
|poke|p2|Charizard, L50, M|
|poke|p2|Grimmsnarl, L50, M|
|poke|p2|Archaludon, L50, F|
|poke|p2|Basculegion, L50, M|
|poke|p2|Pelipper, L50, F|
|teampreview|4
|showteam|p1|Charizard||CharizarditeY|Blaze|WeatherBall,HeatWave,SolarBeam,Protect|Modest||M|||50|]Espathra||LifeOrb|SpeedBoost|LuminaCrash,EnergyBall,LightScreen,Protect|Timid||F|||50|]Basculegion||MysticWater|Adaptability|WaveCrash,LastRespects,AquaJet,Protect|Adamant||M|||50|]Raichu||RaichuniteY|LightningRod|ZapCannon,FocusBlast,FakeOut,Protect|Timid||M|||50|]Kingambit||ChopleBerry|Defiant|KowtowCleave,SuckerPunch,LowKick,Protect|Adamant||M|||50|]Whimsicott||FairyFeather|Prankster|Moonblast,Encore,Tailwind,Protect|Timid||F|||50|
|showteam|p2|Venusaur||FocusSash|Chlorophyll|SludgeBomb,EarthPower,SleepPowder,Protect|Modest||M|||50|]Charizard||CharizarditeY|Blaze|Protect,HeatWave,SolarBeam,WeatherBall|Modest||M|||50|]Grimmsnarl||LightClay|Prankster|SpiritBreak,LightScreen,Reflect,PartingShot|Sassy||M|||50|]Archaludon||Leftovers|Stamina|ElectroShot,DragonPulse,FlashCannon,Protect|Calm||F|||50|]Basculegion||ChoiceScarf|Adaptability|WaveCrash,LastRespects,AquaJet,FlipTurn|Jolly||M|||50|]Pelipper||SitrusBerry|Drizzle|Hurricane,WeatherBall,Tailwind,WideGuard|Modest||F|||50|
|inactive|Battle timer is ON: inactive players will automatically lose when time's up. (requested by Gastrosophilipp)
|c|☆Gastrosophilipp|glhf :)
|inactive|Gastrosophilipp has 60 seconds left.
|inactive|xDesert98 has 60 seconds left.
|c|☆xDesert98|u2
|inactive|xDesert98 has 30 seconds left.
|inactive|xDesert98 has 20 seconds left.
|
|t:|1784920127
|teamsize|p1|4
|teamsize|p2|4
|start
|switch|p1a: Raichu|Raichu, L50, M|100/100
|switch|p1b: Espathra|Espathra, L50, F|100/100
|switch|p2a: Grimmsnarl|Grimmsnarl, L50, M|100/100
|switch|p2b: Archaludon|Archaludon, L50, F|100/100
|turn|1
|inactive|Gastrosophilipp has 30 seconds left.
|inactive|xDesert98 has 30 seconds left.
|inactive|Gastrosophilipp has 20 seconds left.
|inactive|xDesert98 has 20 seconds left.
|inactive|xDesert98 has 15 seconds left.
|inactive|xDesert98 has 10 seconds left.
|
|t:|1784920174
|detailschange|p1a: Raichu|Raichu-Mega-Y, L50, M
|-mega|p1a: Raichu|Raichu|Raichunite Y
|move|p1a: Raichu|Fake Out|p2a: Grimmsnarl
|-damage|p2a: Grimmsnarl|90/100
|cant|p2a: Grimmsnarl|flinch
|move|p1b: Espathra|Lumina Crash|p2b: Archaludon
|-resisted|p2b: Archaludon|1
|-damage|p2b: Archaludon|80/100
|-unboost|p2b: Archaludon|spd|2
|-ability|p2b: Archaludon|Stamina|boost
|-boost|p2b: Archaludon|def|1
|-damage|p1b: Espathra|90/100|[from] item: Life Orb
|move|p2b: Archaludon|Dragon Pulse|p1a: Raichu
|-damage|p1a: Raichu|50/100g
|
|-heal|p2b: Archaludon|86/100|[from] item: Leftovers
|-ability|p1b: Espathra|Speed Boost|boost
|-boost|p1b: Espathra|spe|1
|upkeep
|turn|2
|inactive|Gastrosophilipp has 30 seconds left.
|inactive|xDesert98 has 30 seconds left.
|inactive|xDesert98 has 20 seconds left.
|inactive|xDesert98 has 15 seconds left.
|
|t:|1784920217
|switch|p2b: Pelipper|Pelipper, L50, F|100/100
|-weather|RainDance|[from] ability: Drizzle|[of] p2b: Pelipper
|move|p2a: Grimmsnarl|Parting Shot|p1a: Raichu
|-unboost|p1a: Raichu|atk|1
|-unboost|p1a: Raichu|spa|1
|
|t:|1784920224
|switch|p2a: Archaludon|Archaludon, L50, F|86/100|[from] Parting Shot
|move|p1b: Espathra|Light Screen|p1b: Espathra
|-sidestart|p1: Gastrosophilipp|move: Light Screen
|move|p1a: Raichu|Focus Blast|p2b: Pelipper
|-resisted|p2b: Pelipper|1
|-damage|p2b: Pelipper|80/100
|-unboost|p2b: Pelipper|spd|1
|
|-weather|RainDance|[upkeep]
|-heal|p2a: Archaludon|92/100|[from] item: Leftovers
|-ability|p1b: Espathra|Speed Boost|boost
|-boost|p1b: Espathra|spe|1
|upkeep
|turn|3
|inactive|xDesert98 has 30 seconds left.
|inactive|xDesert98 has 20 seconds left.
|
|t:|1784920264
|switch|p2b: Grimmsnarl|Grimmsnarl, L50, M|90/100
|move|p1b: Espathra|Lumina Crash|p2a: Archaludon
|-resisted|p2a: Archaludon|1
|-damage|p2a: Archaludon|73/100
|-unboost|p2a: Archaludon|spd|2
|-ability|p2a: Archaludon|Stamina|boost
|-boost|p2a: Archaludon|def|1
|-damage|p1b: Espathra|80/100|[from] item: Life Orb
|move|p1a: Raichu|Zap Cannon|p2b: Grimmsnarl
|-damage|p2b: Grimmsnarl|54/100
|-status|p2b: Grimmsnarl|par
|move|p2a: Archaludon|Electro Shot||[still]
|-prepare|p2a: Archaludon|Electro Shot
|-boost|p2a: Archaludon|spa|1
|-anim|p2a: Archaludon|Electro Shot|p1a: Raichu
|-resisted|p1a: Raichu|1
|-damage|p1a: Raichu|26/100
|
|-weather|RainDance|[upkeep]
|-heal|p2a: Archaludon|79/100|[from] item: Leftovers
|-ability|p1b: Espathra|Speed Boost|boost
|-boost|p1b: Espathra|spe|1
|upkeep
|turn|4
|inactive|Gastrosophilipp has 30 seconds left.
|inactive|xDesert98 has 30 seconds left.
|
|t:|1784920297
|switch|p1a: Whimsicott|Whimsicott, L50, F|100/100
|move|p2a: Archaludon|Protect|p2a: Archaludon
|-singleturn|p2a: Archaludon|Protect
|move|p2b: Grimmsnarl|Light Screen|p2b: Grimmsnarl
|-sidestart|p2: xDesert98|move: Light Screen
|move|p1b: Espathra|Lumina Crash|p2a: Archaludon
|-activate|p2a: Archaludon|move: Protect
|
|-weather|RainDance|[upkeep]
|-heal|p2a: Archaludon|85/100|[from] item: Leftovers
|-ability|p1b: Espathra|Speed Boost|boost
|-boost|p1b: Espathra|spe|1
|upkeep
|turn|5
|inactive|xDesert98 has 30 seconds left.
|inactive|xDesert98 has 20 seconds left.
|inactive|xDesert98 has 15 seconds left.
|inactive|xDesert98 has 10 seconds left.
|inactive|xDesert98 has 5 seconds left.
|
|t:|1784920347
|switch|p2a: Pelipper|Pelipper, L50, F|80/100
|move|p1a: Whimsicott|Encore||[still]
|-fail|p1a: Whimsicott
|move|p1b: Espathra|Lumina Crash|p2a: Pelipper
|-damage|p2a: Pelipper|37/100
|-unboost|p2a: Pelipper|spd|2
|-enditem|p2a: Pelipper|Sitrus Berry|[eat]
|-heal|p2a: Pelipper|61/100|[from] item: Sitrus Berry
|-damage|p1b: Espathra|70/100|[from] item: Life Orb
|cant|p2b: Grimmsnarl|par
|
|-weather|RainDance|[upkeep]
|-ability|p1b: Espathra|Speed Boost|boost
|-boost|p1b: Espathra|spe|1
|upkeep
|turn|6
|inactive|Gastrosophilipp has 30 seconds left.
|inactive|xDesert98 has 30 seconds left.
|inactive|xDesert98 has 20 seconds left.
|inactive|xDesert98 has 15 seconds left.
|
|t:|1784920388
|move|p1b: Espathra|Lumina Crash|p2a: Pelipper
|-damage|p2a: Pelipper|0 fnt
|faint|p2a: Pelipper
|-damage|p1b: Espathra|61/100|[from] item: Life Orb
|move|p1a: Whimsicott|Moonblast|p2b: Grimmsnarl
|-supereffective|p2b: Grimmsnarl|1
|-damage|p2b: Grimmsnarl|12/100 par
|move|p2b: Grimmsnarl|Spirit Break|p1b: Espathra
|-damage|p1b: Espathra|18/100
|-unboost|p1b: Espathra|spa|1
|
|-weather|none
|-sideend|p1: Gastrosophilipp|move: Light Screen
|-ability|p1b: Espathra|Speed Boost|boost
|-boost|p1b: Espathra|spe|1
|upkeep
|
|t:|1784920409
|switch|p2a: Charizard|Charizard, L50, M|100/100
|turn|7
|inactive|Gastrosophilipp has 30 seconds left.
|inactive|xDesert98 has 30 seconds left.
|inactive|Gastrosophilipp has 20 seconds left.
|inactive|Gastrosophilipp has 15 seconds left.
|inactive|Gastrosophilipp has 10 seconds left.
|
|t:|1784920456
|switch|p2b: Archaludon|Archaludon, L50, F|85/100
|detailschange|p2a: Charizard|Charizard-Mega-Y, L50, M
|-mega|p2a: Charizard|Charizard|Charizardite Y
|-weather|SunnyDay|[from] ability: Drought|[of] p2a: Charizard
|move|p1b: Espathra|Protect|p1b: Espathra
|-singleturn|p1b: Espathra|Protect
|move|p1a: Whimsicott|Moonblast|p2b: Archaludon
|-damage|p2b: Archaludon|62/100
|-ability|p2b: Archaludon|Stamina|boost
|-boost|p2b: Archaludon|def|1
|move|p2a: Charizard|Heat Wave|p1b: Espathra|[spread] p1a
|-activate|p1b: Espathra|move: Protect
|-supereffective|p1a: Whimsicott|1
|-damage|p1a: Whimsicott|0 fnt
|faint|p1a: Whimsicott
|
|-weather|SunnyDay|[upkeep]
|-heal|p2b: Archaludon|68/100|[from] item: Leftovers
|upkeep
|
|t:|1784920473
|switch|p1a: Raichu|Raichu-Mega-Y, L50, M|26/100
|turn|8
|inactive|Gastrosophilipp has 30 seconds left.
|inactive|xDesert98 has 30 seconds left.
|inactive|Gastrosophilipp has 20 seconds left.
|inactive|xDesert98 has 20 seconds left.
|inactive|Gastrosophilipp has 15 seconds left.
|inactive|Gastrosophilipp has 10 seconds left.
|inactive|Gastrosophilipp has 5 seconds left.
|
|t:|1784920527
|move|p2a: Charizard|Protect|p2a: Charizard
|-singleturn|p2a: Charizard|Protect
|move|p2b: Archaludon|Protect|p2b: Archaludon
|-singleturn|p2b: Archaludon|Protect
|move|p1b: Espathra|Lumina Crash|p2b: Archaludon
|-activate|p2b: Archaludon|move: Protect
|move|p1a: Raichu|Zap Cannon|p2a: Charizard
|-activate|p2a: Charizard|move: Protect
|
|-weather|SunnyDay|[upkeep]
|-heal|p2b: Archaludon|74/100|[from] item: Leftovers
|upkeep
|turn|9
|inactive|Gastrosophilipp has 30 seconds left.
|inactive|xDesert98 has 30 seconds left.
|inactive|xDesert98 has 20 seconds left.
|inactive|xDesert98 has 15 seconds left.
|
|t:|1784920572
|switch|p2a: Grimmsnarl|Grimmsnarl, L50, M|12/100 par
|move|p1b: Espathra|Light Screen|p1b: Espathra
|-sidestart|p1: Gastrosophilipp|move: Light Screen
|move|p1a: Raichu|Focus Blast|p2b: Archaludon
|-supereffective|p2b: Archaludon|1
|-damage|p2b: Archaludon|25/100
|-ability|p2b: Archaludon|Stamina|boost
|-boost|p2b: Archaludon|def|1
|move|p2b: Archaludon|Dragon Pulse|p1a: Raichu
|-damage|p1a: Raichu|0 fnt
|faint|p1a: Raichu
|
|-weather|SunnyDay|[upkeep]
|-heal|p2b: Archaludon|31/100|[from] item: Leftovers
|upkeep
|
|t:|1784920585
|switch|p1a: Basculegion|Basculegion, L50, M|100/100
|turn|10
|
|t:|1784920602
|move|p1a: Basculegion|Aqua Jet|p2a: Grimmsnarl
|-damage|p2a: Grimmsnarl|0 fnt
|faint|p2a: Grimmsnarl
|move|p1b: Espathra|Lumina Crash|p2b: Archaludon
|-resisted|p2b: Archaludon|1
|-damage|p2b: Archaludon|23/100
|-unboost|p2b: Archaludon|spd|2
|-ability|p2b: Archaludon|Stamina|boost
|-boost|p2b: Archaludon|def|1
|-damage|p1b: Espathra|8/100|[from] item: Life Orb
|move|p2b: Archaludon|Dragon Pulse|p1a: Basculegion
|-damage|p1a: Basculegion|75/100
|
|-weather|SunnyDay|[upkeep]
|-heal|p2b: Archaludon|29/100|[from] item: Leftovers
|upkeep
|inactive|xDesert98 has 30 seconds left.
|
|t:|1784920616
|switch|p2a: Charizard|Charizard-Mega-Y, L50, M|100/100
|turn|11
|inactive|xDesert98 has 30 seconds left this turn.
|inactive|xDesert98 has 20 seconds left.
|inactive|xDesert98 has 15 seconds left.
|inactive|xDesert98 has 10 seconds left.
|inactive|xDesert98 has 5 seconds left.
|
|t:|1784920645
|move|p1b: Espathra|Protect|p1b: Espathra
|-singleturn|p1b: Espathra|Protect
|move|p1a: Basculegion|Protect|p1a: Basculegion
|-singleturn|p1a: Basculegion|Protect
|move|p2a: Charizard|Solar Beam||[still]
|-prepare|p2a: Charizard|Solar Beam
|-anim|p2a: Charizard|Solar Beam|p1a: Basculegion
|-activate|p1a: Basculegion|move: Protect
|move|p2b: Archaludon|Electro Shot||[still]
|-prepare|p2b: Archaludon|Electro Shot
|-boost|p2b: Archaludon|spa|1
|
|-weather|none
|-heal|p2b: Archaludon|35/100|[from] item: Leftovers
|-sideend|p2: xDesert98|move: Light Screen
|upkeep
|turn|12
|inactive|xDesert98 has 5 seconds left this turn.
|-message|xDesert98 lost due to inactivity.
|
|win|Gastrosophilipp
|inactive|Gastrosophilipp has 30 seconds to confirm battle start!
|inactive|xDesert98 has 30 seconds to confirm battle start!
||Gastrosophilipp is ready for game 2.
|inactive|xDesert98 has 20 seconds to confirm battle start!
||xDesert98 is ready for game 2.
|uhtml|next|Next: Game 2 of 3
