|j|☆Lord_of_Ewoks
|j|☆SilverCityBruisin
|html|Lord_of_EwoksSilverCityBruisin    
|uhtml|bestof|Game 2 of a best-of-3
|t:|1756242785
|gametype|doubles
|player|p1|Lord_of_Ewoks|2|1090
|player|p2|SilverCityBruisin|acetrainersnowf|1050
|gen|9
|tier|[Gen 9] VGC 2025 Reg H (Bo3)
|rated|
|rule|Species Clause: Limit one of each Pokémon
|rule|Item Clause: Limit 1 of each item
|clearpoke
|poke|p1|Blaziken, L50, F|
|poke|p1|Primarina, L50, F|
|poke|p1|Serperior, L50, M|
|poke|p1|Rillaboom, L50, M|
|poke|p1|Electabuzz, L50, M|
|poke|p1|Kingambit, L50, F|
|poke|p2|Kingambit, L50, M|
|poke|p2|Sneasler, L50, F|
|poke|p2|Rillaboom, L50, M|
|poke|p2|Incineroar, L50, F|
|poke|p2|Clefable, L50, F|
|poke|p2|Gholdengo, L50|
|teampreview|4
|showteam|p1|Blaziken||ClearAmulet|SpeedBoost|FirePledge,CloseCombat,RockSlide,Protect|||F|||50|,,,,,Ghost]Primarina||LifeOrb|LiquidVoice|HyperVoice,Moonblast,WaterPledge,Protect|||F|||50|,,,,,Poison]Serperior||FocusSash|Contrary|LeafStorm,TeraBlast,GrassPledge,Protect|||M|||50|,,,,,Stellar]Rillaboom||AssaultVest|GrassySurge|DrumBeating,GrassPledge,FakeOut,Uturn|||M|||50|,,,,,Fire]Electabuzz||Eviolite|VitalSpirit|Electroweb,VoltSwitch,FollowMe,Protect|||M|||50|,,,,,Ghost]Kingambit||BlackGlasses|Defiant|KowtowCleave,SuckerPunch,SwordsDance,Protect|||F|||50|,,,,,Dark
|showteam|p2|Kingambit||SafetyGoggles|Defiant|KowtowCleave,SuckerPunch,SwordsDance,Protect|||M|||50|,,,,,Dark]Sneasler||GrassySeed|Unburden|CloseCombat,Acrobatics,DireClaw,Coaching|||F|||50|,,,,,Flying]Rillaboom||MeadowPlate|GrassySurge|FakeOut,WoodHammer,GrassyGlide,HighHorsepower|||M|||50|,,,,,Poison]Incineroar||CovertCloak|Intimidate|FakeOut,Taunt,KnockOff,PartingShot|||F|||50|,,,,,Ghost]Clefable||SitrusBerry|Unaware|FollowMe,HealPulse,Moonblast,Protect|||F|||50|,,,,,Poison]Gholdengo||Leftovers|GoodasGold|MakeItRain,NastyPlot,ShadowBall,Protect||||||50|,,,,,Dragon
|inactive|Battle timer is ON: inactive players will automatically lose when time's up. (requested by Lord_of_Ewoks)
|
|t:|1756242809
|teamsize|p1|4
|teamsize|p2|4
|start
|switch|p1a: Serperior|Serperior, L50, M|100/100
|switch|p1b: Primarina|Primarina, L50, F|100/100
|switch|p2a: Weasler|Sneasler, L50, F|100/100
|switch|p2b: DK|Rillaboom, L50, M|100/100
|-fieldstart|move: Grassy Terrain|[from] ability: Grassy Surge|[of] p2b: DK
|-enditem|p2a: Weasler|Grassy Seed
|-boost|p2a: Weasler|def|1|[from] item: Grassy Seed
|turn|1
|
|t:|1756242823
|move|p1a: Serperior|Protect|p1a: Serperior
|-singleturn|p1a: Serperior|Protect
|move|p1b: Primarina|Protect|p1b: Primarina
|-singleturn|p1b: Primarina|Protect
|move|p2b: DK|Fake Out|p1b: Primarina
|-activate|p1b: Primarina|move: Protect
|move|p2a: Weasler|Dire Claw|p1a: Serperior
|-activate|p1a: Serperior|move: Protect
|
|upkeep
|turn|2
|
|t:|1756242840
|-terastallize|p1b: Primarina|Poison
|move|p2b: DK|Grassy Glide|p1a: Serperior
|-resisted|p1a: Serperior
|-damage|p1a: Serperior|74/100
|move|p2a: Weasler|Dire Claw|p1a: Serperior
|-supereffective|p1a: Serperior
|-damage|p1a: Serperior|0 fnt
|faint|p1a: Serperior
|move|p1b: Primarina|Water Pledge|p2a: Weasler
|-damage|p2a: Weasler|15/100
|-damage|p1b: Primarina|91/100|[from] item: Life Orb
|
|-heal|p2a: Weasler|21/100|[from] Grassy Terrain
|-heal|p1b: Primarina|97/100|[from] Grassy Terrain
|upkeep
|
|t:|1756242846
|switch|p1a: Rillaboom|Rillaboom, L50, M|100/100
|turn|3
|
|t:|1756242863
|move|p1a: Rillaboom|Fake Out|p2b: DK
|-crit|p2b: DK
|-damage|p2b: DK|81/100
|move|p2a: Weasler|Coaching|p2b: DK
|-boost|p2b: DK|atk|1
|-boost|p2b: DK|def|1
|cant|p2b: DK|flinch
|move|p1b: Primarina|Hyper Voice|p2b: DK|[spread] p2a,p2b
|-resisted|p2b: DK
|-damage|p2a: Weasler|0 fnt
|-damage|p2b: DK|58/100
|faint|p2a: Weasler
|-damage|p1b: Primarina|88/100|[from] item: Life Orb
|
|-heal|p2b: DK|64/100|[from] Grassy Terrain
|-heal|p1b: Primarina|94/100|[from] Grassy Terrain
|upkeep
|
|t:|1756242870
|switch|p2a: Clefare|Clefable, L50, F|100/100
|turn|4
|
|t:|1756242880
|move|p1a: Rillaboom|Grass Pledge|p2a: Clefare
|-waiting|p1a: Rillaboom|p1b: Primarina
|move|p1b: Primarina|Water Pledge|p2a: Clefare|[from] move: Grass Pledge
|-combine
|-damage|p2a: Clefare|0 fnt
|-sidestart|p2: SilverCityBruisin|Grass Pledge
|faint|p2a: Clefare
|-damage|p1b: Primarina|84/100|[from] item: Life Orb
|move|p2b: DK|High Horsepower|p1b: Primarina
|-supereffective|p1b: Primarina
|-damage|p1b: Primarina|0 fnt
|faint|p1b: Primarina
|
|-heal|p2b: DK|70/100|[from] Grassy Terrain
|upkeep
|
|t:|1756242891
|switch|p1b: Blaziken|Blaziken, L50, F|100/100
|switch|p2a: Kingambino|Kingambit, L50, M|100/100
|turn|5
|
|t:|1756242899
|-terastallize|p2b: DK|Poison
|move|p2a: Kingambino|Protect|p2a: Kingambino
|-singleturn|p2a: Kingambino|Protect
|move|p1a: Rillaboom|Grass Pledge|p2b: DK
|-waiting|p1a: Rillaboom|p1b: Blaziken
|move|p1b: Blaziken|Fire Pledge|p2b: DK|[from] move: Grass Pledge
|-combine
|-damage|p2b: DK|13/100
|-sidestart|p2: SilverCityBruisin|Fire Pledge
|move|p2b: DK|High Horsepower|p1b: Blaziken
|-supereffective|p1b: Blaziken
|-damage|p1b: Blaziken|0 fnt
|faint|p1b: Blaziken
|
|-damage|p2b: DK|1/100|[from] Fire Pledge
|-heal|p2b: DK|7/100|[from] Grassy Terrain
|-damage|p2a: Kingambino|88/100|[from] Fire Pledge
|-heal|p2a: Kingambino|94/100|[from] Grassy Terrain
|-fieldend|move: Grassy Terrain
|upkeep
|turn|6
|
|t:|1756242918
|move|p1a: Rillaboom|U-turn|p2a: Kingambino
|-damage|p2a: Kingambino|76/100
|move|p2b: DK|Wood Hammer|p1a: Rillaboom
|-resisted|p1a: Rillaboom
|-damage|p1a: Rillaboom|39/100
|-damage|p2b: DK|0 fnt|[from] Recoil
|faint|p2b: DK
|move|p2a: Kingambino|Swords Dance|p2a: Kingambino
|-boost|p2a: Kingambino|atk|2
|
|-damage|p2a: Kingambino|64/100|[from] Fire Pledge
|upkeep
|turn|7
|
|t:|1756242928
|move|p1a: Rillaboom|U-turn|p2a: Kingambino
|-crit|p2a: Kingambino
|-damage|p2a: Kingambino|40/100
|move|p2a: Kingambino|Kowtow Cleave|p1a: Rillaboom
|-damage|p1a: Rillaboom|0 fnt
|faint|p1a: Rillaboom
|
|win|SilverCityBruisin
|raw|Lord_of_Ewoks's rating: 1090 → 1064(-26 for losing)
|raw|SilverCityBruisin's rating: 1050 → 1086(+36 for winning)
|l|☆Lord_of_Ewoks
|player|p1|
