|j|☆vilan333
|j|☆StuvStuv VGC
|html|vilan333StuvStuv VGC    
|uhtml|bestof|Game 1 of a best-of-3
|t:|1783447960
|gametype|doubles
|player|p1|vilan333|marshal|1203
|player|p2|StuvStuv VGC|caitlin|1144
|gen|9
|tier|[Gen 9 Champions] VGC 2026 Reg M-B (Bo3)
|rated|
|rule|Species Clause: Limit one of each Pokémon
|rule|Item Clause: Limit 1 of each item
|clearpoke
|poke|p1|Charizard, L50, F|
|poke|p1|Mawile, L50, M|
|poke|p1|Basculegion, L50, M|
|poke|p1|Garchomp, L50, F|
|poke|p1|Whimsicott, L50, M|
|poke|p1|Farigiraf, L50, F|
|poke|p2|Garchomp, L50, F|
|poke|p2|Incineroar, L50, M|
|poke|p2|Milotic, L50, M|
|poke|p2|Sinistcha, L50|
|poke|p2|Tyranitar, L50, M|
|poke|p2|Venusaur, L50, F|
|teampreview|4
|showteam|p1|Charizard||CharizarditeY|Blaze|WeatherBall,HeatWave,SolarBeam,Protect|Timid||F|||50|]Mawile||Mawilite|HyperCutter|PlayRough,SuckerPunch,RockSlide,Protect|Adamant||M|||50|]Basculegion||MysticWater|Adaptability|WaveCrash,LastRespects,AquaJet,Protect|Adamant||M|||50|]Garchomp||LifeOrb|RoughSkin|Earthquake,DragonClaw,RockSlide,Protect|Jolly||F|||50|]Whimsicott||FocusSash|Prankster|Moonblast,Encore,Tailwind,Protect|Timid||M|||50|]Farigiraf||SitrusBerry|ArmorTail|TwinBeam,Thunderbolt,TrickRoom,HelpingHand|Bold||F|||50|
|showteam|p2|Garchomp||LifeOrb|RoughSkin|DragonClaw,StompingTantrum,RockSlide,Protect|Jolly||F|||50|]Incineroar||SitrusBerry|Intimidate|FakeOut,FlareBlitz,ThroatChop,PartingShot|Adamant||M|||50|]Milotic||Leftovers|Competitive|MuddyWater,Coil,Hypnosis,Protect|Bold||M|||50|]Sinistcha||KasibBerry|Hospitality|MatchaGotcha,RagePowder,Imprison,TrickRoom|Relaxed|||||50|]Tyranitar||Tyranitarite|SandStream|RockSlide,KnockOff,DragonDance,Protect|Adamant||M|||50|]Venusaur||Venusaurite|Chlorophyll|SludgeBomb,GigaDrain,EarthPower,Protect|Calm||F|||50|
|l|☆vilan333
|player|p1|
|
|t:|1783448021
|teamsize|p1|4
|teamsize|p2|4
|start
|switch|p1a: Garchomp|Garchomp, L50, F|100/100
|switch|p1b: Whimsicott|Whimsicott, L50, M|100/100
|switch|p2a: Milotic|Milotic, L50, M|100/100
|switch|p2b: Garchomp|Garchomp, L50, F|100/100
|turn|1
|j|☆vilan333
|player|p1|vilan333|marshal|
|
|t:|1783448072
|switch|p2b: Incineroar|Incineroar, L50, M|100/100
|-ability|p2b: Incineroar|Intimidate|boost
|-unboost|p1a: Garchomp|atk|1
|-unboost|p1b: Whimsicott|atk|1
|move|p1b: Whimsicott|Protect|p1b: Whimsicott
|-singleturn|p1b: Whimsicott|Protect
|move|p1a: Garchomp|Dragon Claw|p2b: Incineroar
|-damage|p2b: Incineroar|70/100
|-damage|p1a: Garchomp|90/100|[from] item: Life Orb
|move|p2a: Milotic|Coil|p2a: Milotic
|-boost|p2a: Milotic|atk|1
|-boost|p2a: Milotic|def|1
|-boost|p2a: Milotic|accuracy|1
|
|upkeep
|turn|2
|
|t:|1783448103
|move|p2b: Incineroar|Fake Out|p1b: Whimsicott
|-damage|p1b: Whimsicott|82/100
|cant|p1b: Whimsicott|flinch
|move|p1a: Garchomp|Earthquake|p2a: Milotic|[spread] p1b,p2a,p2b
|-resisted|p1b: Whimsicott|1
|-supereffective|p2b: Incineroar|1
|-damage|p1b: Whimsicott|59/100
|-damage|p2a: Milotic|80/100
|-damage|p2b: Incineroar|7/100
|-enditem|p2b: Incineroar|Sitrus Berry|[eat]
|-heal|p2b: Incineroar|32/100|[from] item: Sitrus Berry
|-damage|p1a: Garchomp|80/100|[from] item: Life Orb
|move|p2a: Milotic|Hypnosis|p1b: Whimsicott
|-status|p1b: Whimsicott|slp|[from] move: Hypnosis
|
|-heal|p2a: Milotic|86/100|[from] item: Leftovers
|upkeep
|turn|3
|
|t:|1783448126
|cant|p1b: Whimsicott|slp
|move|p1a: Garchomp|Earthquake|p2a: Milotic|[spread] p1b,p2a,p2b
|-resisted|p1b: Whimsicott|1
|-supereffective|p2b: Incineroar|1
|-damage|p1b: Whimsicott|34/100 slp
|-damage|p2a: Milotic|68/100
|-damage|p2b: Incineroar|0 fnt
|faint|p2b: Incineroar
|-damage|p1a: Garchomp|71/100|[from] item: Life Orb
|move|p2a: Milotic|Coil|p2a: Milotic
|-boost|p2a: Milotic|atk|1
|-boost|p2a: Milotic|def|1
|-boost|p2a: Milotic|accuracy|1
|
|-heal|p2a: Milotic|74/100|[from] item: Leftovers
|upkeep
|
|t:|1783448129
|switch|p2b: Tyranitar|Tyranitar, L50, M|100/100
|-weather|Sandstorm|[from] ability: Sand Stream|[of] p2b: Tyranitar
|turn|4
|
|t:|1783448151
|cant|p1b: Whimsicott|slp
|move|p2a: Milotic|Protect|p2a: Milotic
|-singleturn|p2a: Milotic|Protect
|move|p1a: Garchomp|Dragon Claw|p2b: Tyranitar
|-damage|p2b: Tyranitar|71/100
|-damage|p1a: Garchomp|61/100|[from] item: Life Orb
|move|p2b: Tyranitar|Rock Slide|p1a: Garchomp|[spread] p1a,p1b
|-resisted|p1a: Garchomp|1
|-damage|p1a: Garchomp|49/100
|-damage|p1b: Whimsicott|0 fnt
|faint|p1b: Whimsicott
|
|-weather|Sandstorm|[upkeep]
|-damage|p2a: Milotic|68/100|[from] Sandstorm
|-heal|p2a: Milotic|74/100|[from] item: Leftovers
|upkeep
|
|t:|1783448170
|switch|p1b: Mawile|Mawile, L50, M|100/100
|turn|5
|
|t:|1783448182
|switch|p2b: Garchomp|Garchomp, L50, F|100/100
|detailschange|p1b: Mawile|Mawile-Mega, L50, M
|-mega|p1b: Mawile|Mawile|Mawilite
|move|p1a: Garchomp|Rock Slide|p2b: Garchomp|[spread] p2b
|-miss|p1a: Garchomp|p2a: Milotic
|-resisted|p2b: Garchomp|1
|-damage|p2b: Garchomp|92/100
|-damage|p1a: Garchomp|40/100|[from] item: Life Orb
|move|p2a: Milotic|Hypnosis|p1b: Mawile
|-status|p1b: Mawile|slp|[from] move: Hypnosis
|cant|p1b: Mawile|slp
|
|-weather|Sandstorm|[upkeep]
|-damage|p2a: Milotic|68/100|[from] Sandstorm
|-heal|p2a: Milotic|74/100|[from] item: Leftovers
|upkeep
|turn|6
|
|t:|1783448206
|move|p1a: Garchomp|Dragon Claw|p2b: Garchomp
|-supereffective|p2b: Garchomp|1
|-damage|p2b: Garchomp|34/100
|-damage|p1a: Garchomp|28/100|[from] ability: Rough Skin|[of] p2b: Garchomp
|-damage|p1a: Garchomp|18/100|[from] item: Life Orb
|move|p2b: Garchomp|Stomping Tantrum|p1b: Mawile
|-supereffective|p1b: Mawile|1
|-damage|p1b: Mawile|15/100 slp
|-damage|p2b: Garchomp|24/100|[from] item: Life Orb
|move|p2a: Milotic|Muddy Water|p1a: Garchomp|[spread] p1a,p1b
|-damage|p1a: Garchomp|0 fnt
|-damage|p1b: Mawile|0 fnt
|faint|p1a: Garchomp
|faint|p1b: Mawile
|
|-weather|Sandstorm|[upkeep]
|-damage|p2a: Milotic|68/100|[from] Sandstorm
|-heal|p2a: Milotic|74/100|[from] item: Leftovers
|upkeep
|-message|vilan333 forfeited.
|
|win|StuvStuv VGC
|l|☆vilan333
|player|p1|
||vilan333 is ready for game 2.
|inactive|StuvStuv VGC has 30 seconds to confirm battle start!
||StuvStuv VGC is ready for game 2.
|uhtml|next|Next: Game 2 of 3
|l|☆StuvStuv VGC
|player|p2|
|j|☆vilan333
|player|p1|vilan333|marshal|
