|j|‽bathoven
|j|☆new mental
|html|bathovennew mental    
|uhtml|bestof|Game 2 of a best-of-3
|t:|1784371679
|gametype|doubles
|player|p1|bathoven|pokemaniac|1124
|player|p2|new mental|volkner|1168
|gen|9
|tier|[Gen 9 Champions] VGC 2026 Reg M-B (Bo3)
|rated|
|rule|Species Clause: Limit one of each Pokémon
|rule|Item Clause: Limit 1 of each item
|clearpoke
|poke|p1|Typhlosion, L50, M|
|poke|p1|Froslass, L50, F|
|poke|p1|Aerodactyl, L50, F|
|poke|p1|Raichu, L50, M|
|poke|p1|Tsareena, L50, F|
|poke|p1|Basculegion, L50, M|
|poke|p2|Charizard, L50, F|
|poke|p2|Kingambit, L50, F|
|poke|p2|Sylveon, L50, F|
|poke|p2|Garchomp, L50, M|
|poke|p2|Aerodactyl, L50, F|
|poke|p2|Farigiraf, L50, M|
|teampreview|4
|showteam|p1|Typhlosion||ChoiceScarf|FlashFire|FocusBlast,ShadowBall,HeatWave,Eruption|Modest||M|||50|]Froslass||Froslassite|CursedBody|ShadowBall,AuroraVeil,Protect,Blizzard|Timid||F|||50|]Aerodactyl||Aerodactylite|Unnerve|Tailwind,RockSlide,DualWingbeat,Protect|Jolly||F|||50|]Raichu||FocusSash|LightningRod|FakeOut,HelpingHand,Encore,Thunderbolt|Hasty||M|||50|]Tsareena||SitrusBerry|QueenlyMajesty|Uturn,TropKick,Taunt,TripleAxel|Adamant||F|||50|]Basculegion||LifeOrb|Adaptability|Protect,LastRespects,WaveCrash,AquaJet|Adamant||M|||50|
|showteam|p2|Charizard||CharizarditeY|SolarPower|Protect,HeatWave,SolarBeam,WeatherBall|Modest||F|||50|]Kingambit||FocusSash|Defiant|IronHead,SuckerPunch,KowtowCleave,LowKick|Adamant||F|||50|]Sylveon||FairyFeather|Pixilate|Detect,HyperVoice,HyperBeam,QuickAttack|Modest||F|||50|]Garchomp||LifeOrb|RoughSkin|Protect,DragonClaw,Earthquake,RockSlide|Jolly||M|||50|]Aerodactyl||Aerodactylite|Unnerve|IceFang,RockSlide,Tailwind,DualWingbeat|Jolly||F|||50|]Farigiraf||SitrusBerry|ArmorTail|TrickRoom,Psychic,Thunderbolt,Roar|Bold||M|||50|
|inactive|Battle timer is ON: inactive players will automatically lose when time's up. (requested by bathoven)
|
|t:|1784371703
|teamsize|p1|4
|teamsize|p2|4
|start
|switch|p1a: Tsareena|Tsareena, L50, F|100/100
|switch|p1b: Basculegion|Basculegion, L50, M|100/100
|switch|p2a: Sylveon|Sylveon, L50, F|100/100
|switch|p2b: Farigiraf|Farigiraf, L50, M|100/100
|turn|1
|
|t:|1784371718
|move|p2a: Sylveon|Detect|p2a: Sylveon
|-singleturn|p2a: Sylveon|Protect
|move|p1a: Tsareena|Taunt|p2b: Farigiraf
|-start|p2b: Farigiraf|move: Taunt
|move|p1b: Basculegion|Wave Crash|p2a: Sylveon
|-activate|p2a: Sylveon|move: Protect
|move|p2b: Farigiraf|Thunderbolt|p1b: Basculegion
|-supereffective|p1b: Basculegion|1
|-damage|p1b: Basculegion|46/100
|
|upkeep
|turn|2
|
|t:|1784371732
|switch|p2a: Kingambit|Kingambit, L50, F|100/100
|move|p1a: Tsareena|Trop Kick|p2a: Kingambit
|-resisted|p2a: Kingambit|1
|-damage|p2a: Kingambit|83/100
|-unboost|p2a: Kingambit|atk|1
|-ability|p2a: Kingambit|Defiant|boost
|-boost|p2a: Kingambit|atk|2
|move|p1b: Basculegion|Wave Crash|p2a: Kingambit
|-damage|p2a: Kingambit|0 fnt
|faint|p2a: Kingambit
|-damage|p1b: Basculegion|22/100|[from] Recoil
|-damage|p1b: Basculegion|12/100|[from] item: Life Orb
|move|p2b: Farigiraf|Thunderbolt|p1b: Basculegion
|-supereffective|p1b: Basculegion|1
|-damage|p1b: Basculegion|0 fnt
|faint|p1b: Basculegion
|
|upkeep
|
|t:|1784371747
|switch|p1b: Typhlosion|Typhlosion, L50, M|100/100
|switch|p2a: Charizard|Charizard, L50, F|100/100
|turn|3
|
|t:|1784371756
|detailschange|p2a: Charizard|Charizard-Mega-Y, L50, F
|-mega|p2a: Charizard|Charizard|Charizardite Y
|-weather|SunnyDay|[from] ability: Drought|[of] p2a: Charizard
|move|p1b: Typhlosion|Eruption|p2a: Charizard|[spread] p2a,p2b
|-resisted|p2a: Charizard|1
|-damage|p2a: Charizard|59/100
|-damage|p2b: Farigiraf|27/100
|-enditem|p2b: Farigiraf|Sitrus Berry|[eat]
|-heal|p2b: Farigiraf|52/100|[from] item: Sitrus Berry
|move|p2a: Charizard|Weather Ball|p1a: Tsareena
|-supereffective|p1a: Tsareena|1
|-damage|p1a: Tsareena|0 fnt
|faint|p1a: Tsareena
|move|p2b: Farigiraf|Psychic|p1b: Typhlosion
|-damage|p1b: Typhlosion|57/100
|
|-weather|SunnyDay|[upkeep]
|-end|p2b: Farigiraf|move: Taunt
|upkeep
|
|t:|1784371767
|switch|p1a: Froslass|Froslass, L50, F|100/100
|turn|4
|
|t:|1784371772
|switch|p2a: Sylveon|Sylveon, L50, F|100/100
|detailschange|p1a: Froslass|Froslass-Mega, L50, F
|-mega|p1a: Froslass|Froslass|Froslassite
|-weather|Snowscape|[from] ability: Snow Warning|[of] p1a: Froslass
|move|p1b: Typhlosion|Eruption|p2a: Sylveon|[spread] p2a,p2b
|-damage|p2a: Sylveon|74/100
|-damage|p2b: Farigiraf|23/100
|move|p1a: Froslass|Blizzard|p2a: Sylveon|[spread] p2a,p2b
|-damage|p2a: Sylveon|37/100
|-damage|p2b: Farigiraf|0 fnt
|faint|p2b: Farigiraf
|
|-weather|Snowscape|[upkeep]
|upkeep
|
|t:|1784371782
|switch|p2b: Charizard|Charizard-Mega-Y, L50, F|59/100
|-weather|SunnyDay|[from] ability: Drought|[of] p2b: Charizard
|turn|5
|
|t:|1784371792
|move|p1a: Froslass|Protect|p1a: Froslass
|-singleturn|p1a: Froslass|Protect
|move|p1b: Typhlosion|Eruption|p2b: Charizard|[spread] p2a,p2b
|-resisted|p2b: Charizard|1
|-damage|p2a: Sylveon|0 fnt
|-damage|p2b: Charizard|39/100
|faint|p2a: Sylveon
|move|p2b: Charizard|Weather Ball|p1a: Froslass
|-activate|p1a: Froslass|move: Protect
|
|-weather|SunnyDay|[upkeep]
|upkeep
|turn|6
|
|t:|1784371803
|move|p1b: Typhlosion|Eruption|p2b: Charizard
|-resisted|p2b: Charizard|1
|-damage|p2b: Charizard|13/100
|move|p1a: Froslass|Shadow Ball|p2b: Charizard
|-damage|p2b: Charizard|0 fnt
|faint|p2b: Charizard
|
|win|bathoven
