|j|☆hungry hillo
|j|☆Daniw9
|html|hungry hilloDaniw9    
|uhtml|bestof|Game 1 of a best-of-3
|t:|1756149139
|gametype|doubles
|player|p1|hungry hillo|n|1126
|player|p2|Daniw9|170|1169
|gen|9
|tier|[Gen 9] VGC 2025 Reg H (Bo3)
|rated|
|rule|Species Clause: Limit one of each Pokémon
|rule|Item Clause: Limit 1 of each item
|clearpoke
|poke|p1|Sneasler, L50, F|
|poke|p1|Clefable, L50, F|
|poke|p1|Gholdengo, L50|
|poke|p1|Magmar, L50, F|
|poke|p1|Dragapult, L50, M|
|poke|p1|Rillaboom, L50, M|
|poke|p2|Ursaluna-Bloodmoon, L50, M|
|poke|p2|Basculegion, L50, M|
|poke|p2|Talonflame, L50, F|
|poke|p2|Rillaboom, L50, F|
|poke|p2|Maushold, L50|
|poke|p2|Farigiraf, L50, M|
|teampreview|4
|showteam|p1|Sneasler||FocusSash|Unburden|CloseCombat,DireClaw,Protect,ThroatChop|||F|||50|,,,,,Dark]Clefable||RockyHelmet|Unaware|Moonblast,IcyWind,FollowMe,Protect|||F|||50|,,,,,Steel]Gholdengo||LifeOrb|GoodasGold|MakeItRain,ShadowBall,NastyPlot,Protect||||||50|,,,,,Water]Magmar||Eviolite|VitalSpirit|Taunt,Overheat,FollowMe,Protect|||F|||50|,,,,,Ghost]Dragapult||ChoiceSpecs|ClearBody|Flamethrower,ShadowBall,DracoMeteor,Thunderbolt|||M|||50|,,,,,Fire]Rillaboom||AssaultVest|GrassySurge|WoodHammer,GrassyGlide,HighHorsepower,FakeOut|||M|||50|,,,,,Fire
|showteam|p2|Ursaluna-Bloodmoon||LifeOrb|MindsEye|EarthPower,BloodMoon,HyperVoice,Protect|||M|||50|,,,,,Normal]Basculegion||ChoiceScarf|Adaptability|WaveCrash,FlipTurn,AquaJet,LastRespects|||M|||50|,,,,,Water]Talonflame||CovertCloak|GaleWings|Tailwind,DualWingbeat,FlareBlitz,WillOWisp|||F|||50|,,,,,Flying]Rillaboom||AssaultVest|GrassySurge|HighHorsepower,WoodHammer,GrassyGlide,FakeOut|||F|||50|,,,,,Fire]Maushold||WideLens|Technician|PopulationBomb,Taunt,FollowMe,Protect||||||50|,,,,,Ghost]Farigiraf||SitrusBerry|ArmorTail|TeraBlast,Psychic,TrickRoom,HelpingHand|||M|||50|,,,,,Water
|inactive|Battle timer is ON: inactive players will automatically lose when time's up. (requested by hungry hillo)
|
|t:|1756149179
|teamsize|p1|4
|teamsize|p2|4
|start
|switch|p1a: Wisper|Dragapult, L50, M|100/100
|switch|p1b: ƁºƁ|Sneasler, L50, F|100/100
|switch|p2a: Talonflame|Talonflame, L50, F|100/100
|switch|p2b: Basculegion|Basculegion, L50, M|100/100
|turn|1
|
|t:|1756149193
|switch|p2b: Ursaluna|Ursaluna-Bloodmoon, L50, M|100/100
|-terastallize|p1b: ƁºƁ|Dark
|move|p2a: Talonflame|Dual Wingbeat|p1b: ƁºƁ
|-damage|p1b: ƁºƁ|71/100
|-damage|p1b: ƁºƁ|42/100
|-hitcount|p1b: ƁºƁ|2
|move|p1a: Wisper|Thunderbolt|p2a: Talonflame
|-supereffective|p2a: Talonflame
|-damage|p2a: Talonflame|0 fnt
|faint|p2a: Talonflame
|move|p1b: ƁºƁ|Throat Chop|p2b: Ursaluna
|-damage|p2b: Ursaluna|63/100
|-start|p2b: Ursaluna|Throat Chop|[silent]
|
|upkeep
|
|t:|1756149203
|switch|p2a: Basculegion|Basculegion, L50, M|100/100
|turn|2
|
|t:|1756149221
|switch|p1b: Devil|Clefable, L50, F, shiny|100/100
|move|p1a: Wisper|Thunderbolt|p2a: Basculegion
|-supereffective|p2a: Basculegion
|-damage|p2a: Basculegion|0 fnt
|faint|p2a: Basculegion
|move|p2b: Ursaluna|Blood Moon|p1a: Wisper
|-damage|p1a: Wisper|0 fnt
|faint|p1a: Wisper
|-damage|p2b: Ursaluna|54/100|[from] item: Life Orb
|
|-end|p2b: Ursaluna|Throat Chop|[silent]
|upkeep
|
|t:|1756149230
|switch|p1a: ƁºƁ|Sneasler, L50, F, tera:Dark|42/100
|switch|p2a: Farigiraf|Farigiraf, L50, M|100/100
|turn|3
|
|t:|1756149246
|-terastallize|p2a: Farigiraf|Water
|move|p2b: Ursaluna|Protect|p2b: Ursaluna
|-singleturn|p2b: Ursaluna|Protect
|move|p1b: Devil|Follow Me|p1b: Devil
|-singleturn|p1b: Devil|move: Follow Me
|move|p1a: ƁºƁ|Throat Chop|p2a: Farigiraf
|-damage|p2a: Farigiraf|55/100
|-start|p2a: Farigiraf|Throat Chop|[silent]
|move|p2a: Farigiraf|Trick Room|p2a: Farigiraf
|-fieldstart|move: Trick Room|[of] p2a: Farigiraf
|
|upkeep
|turn|4
|
|t:|1756149260
|move|p1a: ƁºƁ|Protect|p1a: ƁºƁ
|-singleturn|p1a: ƁºƁ|Protect
|move|p1b: Devil|Moonblast|p2b: Ursaluna
|-damage|p2b: Ursaluna|16/100
|move|p2a: Farigiraf|Tera Blast|p1b: Devil|[anim] Tera Blast Water
|-damage|p1b: Devil|72/100
|move|p2b: Ursaluna|Hyper Voice|p1b: Devil|[spread] p1b
|-activate|p1a: ƁºƁ|move: Protect
|-damage|p1b: Devil|25/100
|-damage|p2b: Ursaluna|6/100|[from] item: Life Orb
|
|-end|p2a: Farigiraf|Throat Chop|[silent]
|upkeep
|turn|5
|
|t:|1756149279
|move|p2b: Ursaluna|Protect|p2b: Ursaluna
|-singleturn|p2b: Ursaluna|Protect
|move|p1b: Devil|Moonblast|p2b: Ursaluna
|-activate|p2b: Ursaluna|move: Protect
|move|p2a: Farigiraf|Tera Blast|p1b: Devil|[anim] Tera Blast Water
|-damage|p1b: Devil|0 fnt
|faint|p1b: Devil
|move|p1a: ƁºƁ|Dire Claw|p2a: Farigiraf
|-damage|p2a: Farigiraf|10/100
|-status|p2a: Farigiraf|slp
|-enditem|p2a: Farigiraf|Sitrus Berry|[eat]
|-heal|p2a: Farigiraf|34/100 slp|[from] item: Sitrus Berry
|
|upkeep
|
|t:|1756149288
|switch|p1b: Mr krabe|Gholdengo, L50|100/100
|turn|6
|
|t:|1756149298
|move|p1b: Mr krabe|Protect|p1b: Mr krabe
|-singleturn|p1b: Mr krabe|Protect
|cant|p2a: Farigiraf|slp
|move|p2b: Ursaluna|Earth Power|p1b: Mr krabe
|-activate|p1b: Mr krabe|move: Protect
|move|p1a: ƁºƁ|Close Combat|p2a: Farigiraf
|-damage|p2a: Farigiraf|0 fnt
|-unboost|p1a: ƁºƁ|def|1
|-unboost|p1a: ƁºƁ|spd|1
|faint|p2a: Farigiraf
|
|upkeep
|turn|7
|
|t:|1756149312
|move|p2b: Ursaluna|Earth Power|p1b: Mr krabe
|-supereffective|p1b: Mr krabe
|-crit|p1b: Mr krabe
|-damage|p1b: Mr krabe|0 fnt
|faint|p1b: Mr krabe
|-damage|p2b: Ursaluna|0 fnt|[from] item: Life Orb
|faint|p2b: Ursaluna
|
|win|hungry hillo
||Daniw9 is ready for game 2.
||hungry hillo is ready for game 2.
|uhtml|next|Next: Game 2 of 3
|l|☆Daniw9
|player|p2|
