|j|☆Raichu y fan
|j|☆Kuronohwei
|html|Raichu y fanKuronohwei    
|uhtml|bestof|Game 1 of a best-of-3
|t:|1782320558
|gametype|doubles
|player|p1|Raichu y fan|101|
|player|p2|Kuronohwei|shauntal|
|gen|9
|tier|[Gen 9 Champions] VGC 2026 Reg M-B (Bo3)
|rule|Species Clause: Limit one of each Pokémon
|rule|Item Clause: Limit 1 of each item
|clearpoke
|poke|p1|Venusaur, L50, M|
|poke|p1|Incineroar, L50, F|
|poke|p1|Alcremie, L50, F|
|poke|p1|Kingambit, L50, M|
|poke|p1|Sinistcha, L50|
|poke|p1|Altaria, L50, F|
|poke|p2|Froslass, L50, F|
|poke|p2|Incineroar, L50, M|
|poke|p2|Gholdengo, L50|
|poke|p2|Basculegion, L50, M|
|poke|p2|Kingambit, L50, F|
|poke|p2|Arcanine-Hisui, L50, F|
|teampreview|4
|showteam|p1|Venusaur||Venusaurite|Chlorophyll|GigaDrain,EarthPower,SludgeBomb,Protect|Modest||M|||50|]Incineroar||SitrusBerry|Intimidate|FlareBlitz,FakeOut,BatonPass,Protect|Careful||F|||50|]Alcremie||KebiaBerry|AromaVeil|DazzlingGleam,Decorate,HelpingHand,Protect|Calm||F|||50|]Kingambit||Leftovers|Defiant|KowtowCleave,IronHead,SuckerPunch,Protect|Adamant||M|||50|]Sinistcha||CobaBerry|Hospitality|MatchaGotcha,RagePowder,TrickRoom,Protect|Relaxed|||||50|]Altaria||Altarianite|CloudNine|HyperVoice,Roost,PowerSwap,Protect|Calm||F|||50|
|showteam|p2|Froslass||Froslassite|CursedBody|Blizzard,ShadowBall,AuroraVeil,Protect|Timid||F|||50|]Incineroar||SitrusBerry|Intimidate|PartingShot,FakeOut,ThroatChop,FlareBlitz|Impish||M|||50|]Gholdengo||LifeOrb|GoodasGold|MakeItRain,ShadowBall,NastyPlot,Protect|Timid|||||50|]Basculegion||MysticWater|Adaptability|LastRespects,AquaJet,WaveCrash,Protect|Adamant||M|||50|]Kingambit||BlackGlasses|Defiant|KowtowCleave,SwordsDance,SuckerPunch,Protect|Adamant||F|||50|]Arcanine-Hisui||FocusSash|RockHead|RockSlide,HeadSmash,FlareBlitz,Protect|Jolly||F|||50|
|inactive|Battle timer is ON: inactive players will automatically lose when time's up. (requested by Kuronohwei)
|c|☆Kuronohwei|hf
|inactive|Raichu y fan has 60 seconds left.
|inactive|Kuronohwei has 60 seconds left.
|
|t:|1782320602
|teamsize|p1|4
|teamsize|p2|4
|start
|switch|p1a: Incineroar|Incineroar, L50, F|100/100
|switch|p1b: Alcremie|Alcremie, L50, F|100/100
|switch|p2a: Froslass|Froslass, L50, F|100/100
|switch|p2b: Arcanine|Arcanine-Hisui, L50, F|100/100
|-ability|p1a: Incineroar|Intimidate|boost
|-unboost|p2a: Froslass|atk|1
|-unboost|p2b: Arcanine|atk|1
|turn|1
|inactive|Raichu y fan has 30 seconds left.
|inactive|Raichu y fan has 20 seconds left.
|inactive|Raichu y fan has 15 seconds left.
|inactive|Raichu y fan has 10 seconds left.
|
|t:|1782320649
|switch|p1b: Venusaur|Venusaur, L50, M|100/100
|move|p2a: Froslass|Protect|p2a: Froslass
|-singleturn|p2a: Froslass|Protect
|move|p1a: Incineroar|Fake Out|p2b: Arcanine
|-resisted|p2b: Arcanine|1
|-damage|p2b: Arcanine|94/100
|cant|p2b: Arcanine|flinch
|
|upkeep
|turn|2
|
|t:|1782320668
|switch|p1a: Kingambit|Kingambit, L50, M|100/100
|detailschange|p2a: Froslass|Froslass-Mega, L50, F
|-mega|p2a: Froslass|Froslass|Froslassite
|-weather|Snowscape|[from] ability: Snow Warning|[of] p2a: Froslass
|detailschange|p1b: Venusaur|Venusaur-Mega, L50, M
|-mega|p1b: Venusaur|Venusaur|Venusaurite
|move|p2a: Froslass|Blizzard|p1a: Kingambit|[spread] p1a,p1b
|-resisted|p1a: Kingambit|1
|-supereffective|p1b: Venusaur|1
|-damage|p1a: Kingambit|84/100
|-damage|p1b: Venusaur|64/100
|move|p2b: Arcanine|Rock Slide|p1b: Venusaur|[spread] p1a,p1b
|-resisted|p1a: Kingambit|1
|-damage|p1a: Kingambit|78/100
|-damage|p1b: Venusaur|50/100g
|move|p1b: Venusaur|Earth Power|p2b: Arcanine
|-supereffective|p2b: Arcanine|2
|-damage|p2b: Arcanine|0 fnt
|faint|p2b: Arcanine
|
|-weather|Snowscape|[upkeep]
|-heal|p1a: Kingambit|84/100|[from] item: Leftovers
|upkeep
|
|t:|1782320684
|switch|p2b: Incineroar|Incineroar, L50, M|100/100
|-ability|p2b: Incineroar|Intimidate|boost
|-unboost|p1a: Kingambit|atk|1
|-ability|p1a: Kingambit|Defiant|boost
|-boost|p1a: Kingambit|atk|2
|-unboost|p1b: Venusaur|atk|1
|turn|3
|
|t:|1782320694
|switch|p1b: Incineroar|Incineroar, L50, F|100/100
|-ability|p1b: Incineroar|Intimidate|boost
|-unboost|p2a: Froslass|atk|1
|-unboost|p2b: Incineroar|atk|1
|move|p1a: Kingambit|Protect|p1a: Kingambit
|-singleturn|p1a: Kingambit|Protect
|move|p2a: Froslass|Aurora Veil|p2a: Froslass
|-sidestart|p2: Kuronohwei|move: Aurora Veil
|move|p2b: Incineroar|Flare Blitz|p1a: Kingambit
|-activate|p1a: Kingambit|move: Protect
|
|-weather|Snowscape|[upkeep]
|-heal|p1a: Kingambit|89/100|[from] item: Leftovers
|upkeep
|turn|4
|
|t:|1782320711
|switch|p2b: Basculegion|Basculegion, L50, M|100/100
|move|p2a: Froslass|Protect|p2a: Froslass
|-singleturn|p2a: Froslass|Protect
|move|p1b: Incineroar|Fake Out|p2b: Basculegion
|-immune|p2b: Basculegion
|move|p1a: Kingambit|Kowtow Cleave|p2a: Froslass
|-activate|p2a: Froslass|move: Protect
|
|-weather|Snowscape|[upkeep]
|-heal|p1a: Kingambit|95/100|[from] item: Leftovers
|upkeep
|turn|5
|
|t:|1782320722
|move|p1a: Kingambit|Protect|p1a: Kingambit
|-singleturn|p1a: Kingambit|Protect
|move|p2a: Froslass|Blizzard|p1b: Incineroar|[spread] p1b
|-activate|p1a: Kingambit|move: Protect
|-resisted|p1b: Incineroar|1
|-damage|p1b: Incineroar|84/100
|move|p2b: Basculegion|Wave Crash|p1b: Incineroar
|-supereffective|p1b: Incineroar|1
|-damage|p1b: Incineroar|0 fnt
|faint|p1b: Incineroar
|-damage|p2b: Basculegion|71/100|[from] Recoil
|
|-weather|Snowscape|[upkeep]
|-heal|p1a: Kingambit|100/100|[from] item: Leftovers
|upkeep
|
|t:|1782320733
|switch|p1b: Alcremie|Alcremie, L50, F|100/100
|turn|6
|
|t:|1782320742
|move|p1a: Kingambit|Sucker Punch|p2b: Basculegion
|-supereffective|p2b: Basculegion|1
|-damage|p2b: Basculegion|0 fnt
|faint|p2b: Basculegion
|move|p2a: Froslass|Blizzard|p1b: Alcremie|[spread] p1a,p1b
|-resisted|p1a: Kingambit|1
|-crit|p1b: Alcremie
|-damage|p1a: Kingambit|85/100
|-damage|p1b: Alcremie|50/100g
|move|p1b: Alcremie|Decorate|p1a: Kingambit
|-boost|p1a: Kingambit|atk|2
|-boost|p1a: Kingambit|spa|2
|
|-weather|none
|-heal|p1a: Kingambit|90/100|[from] item: Leftovers
|upkeep
|
|t:|1782320744
|switch|p2b: Incineroar|Incineroar, L50, M|100/100
|-ability|p2b: Incineroar|Intimidate|boost
|-unboost|p1a: Kingambit|atk|1
|-ability|p1a: Kingambit|Defiant|boost
|-boost|p1a: Kingambit|atk|2
|-unboost|p1b: Alcremie|atk|1
|turn|7
|
|t:|1782320757
|move|p1b: Alcremie|Protect|p1b: Alcremie
|-singleturn|p1b: Alcremie|Protect
|move|p1a: Kingambit|Protect|p1a: Kingambit
|-singleturn|p1a: Kingambit|Protect
|move|p2b: Incineroar|Fake Out|p1a: Kingambit
|-activate|p1a: Kingambit|move: Protect
|move|p2a: Froslass|Shadow Ball|p1b: Alcremie
|-activate|p1b: Alcremie|move: Protect
|
|-heal|p1a: Kingambit|96/100|[from] item: Leftovers
|-sideend|p2: Kuronohwei|move: Aurora Veil
|upkeep
|turn|8
|inactive|Raichu y fan has 30 seconds left.
|
|t:|1782320788
|move|p2a: Froslass|Protect|p2a: Froslass
|-singleturn|p2a: Froslass|Protect
|move|p2b: Incineroar|Flare Blitz|p1a: Kingambit
|-supereffective|p1a: Kingambit|1
|-damage|p1a: Kingambit|37/100
|-damage|p2b: Incineroar|80/100|[from] Recoil
|move|p1b: Alcremie|Decorate|p1a: Kingambit
|-boost|p1a: Kingambit|atk|2
|-boost|p1a: Kingambit|spa|2
|move|p1a: Kingambit|Kowtow Cleave|p2b: Incineroar
|-resisted|p2b: Incineroar|1
|-damage|p2b: Incineroar|6/100
|-enditem|p2b: Incineroar|Sitrus Berry|[eat]
|-heal|p2b: Incineroar|31/100|[from] item: Sitrus Berry
|
|-heal|p1a: Kingambit|43/100|[from] item: Leftovers
|upkeep
|turn|9
|inactive|Raichu y fan has 30 seconds left.
|
|t:|1782320814
|move|p2a: Froslass|Protect|p2a: Froslass
|-singleturn|p2a: Froslass|Protect
|move|p1a: Kingambit|Protect|p1a: Kingambit
|-singleturn|p1a: Kingambit|Protect
|move|p2b: Incineroar|Flare Blitz|p1a: Kingambit
|-activate|p1a: Kingambit|move: Protect
|move|p1b: Alcremie|Dazzling Gleam|p2a: Froslass|[spread] p2b
|-activate|p2a: Froslass|move: Protect
|-damage|p2b: Incineroar|12/100
|
|-heal|p1a: Kingambit|49/100|[from] item: Leftovers
|upkeep
|turn|10
|-message|Kuronohwei forfeited.
|
|win|Raichu y fan
