|j|☆Zero_BlazeVGC
|j|☆jayoticnl
|html|Zero_BlazeVGCjayoticnl    
|uhtml|bestof|Game 2 of a best-of-3
|t:|1755710498
|gametype|doubles
|player|p1|Zero_BlazeVGC|flint|1320
|player|p2|jayoticnl|preschooler|1249
|gen|9
|tier|[Gen 9] VGC 2025 Reg H (Bo3)
|rated|
|rule|Species Clause: Limit one of each Pokémon
|rule|Item Clause: Limit 1 of each item
|clearpoke
|poke|p1|Gholdengo, L50|
|poke|p1|Pelipper, L50, M|
|poke|p1|Basculegion, L50, M|
|poke|p1|Amoonguss, L50, F|
|poke|p1|Archaludon, L50, M|
|poke|p1|Incineroar, L50, M|
|poke|p2|Kingambit, L50, F|
|poke|p2|Volcarona, L50, F|
|poke|p2|Sneasler, L50, M|
|poke|p2|Dragonite, L50, M|
|poke|p2|Rillaboom, L50, F|
|poke|p2|Electabuzz, L50, F|
|teampreview|4
|showteam|p1|Gholdengo||LifeOrb|GoodasGold|Protect,NastyPlot,MakeItRain,ShadowBall||||||50|,,,,,Water]Pelipper||FocusSash|Drizzle|Protect,Tailwind,WeatherBall,Hurricane|||M|||50|,,,,,Stellar]Basculegion||ChoiceBand|SwiftSwim|AquaJet,WaveCrash,FlipTurn,LastRespects|||M|||50|,,,,,Fairy]Amoonguss||SitrusBerry|Regenerator|PollenPuff,Spore,RagePowder,Protect|||F|||50|,,,,,Fairy]Archaludon||AssaultVest|Stamina|ElectroShot,Snarl,FlashCannon,BodyPress|||M|||50|,,,,,Bug]Incineroar||SafetyGoggles|Intimidate|FakeOut,KnockOff,PartingShot,Taunt|||M|||50|,,,,,Ghost
|showteam|p2|Kingambit||BlackGlasses|Defiant|KowtowCleave,SuckerPunch,SwordsDance,Protect|||F|||50|,,,,,Dark]Volcarona||CovertCloak|FlameBody|HeatWave,TeraBlast,QuiverDance,Protect|||F|||50|,,,,,Fairy]Sneasler||FocusSash|Unburden|DireClaw,CloseCombat,FakeOut,Protect|||M|||50|,,,,,Stellar]Dragonite||LoadedDice|Multiscale|ScaleShot,ExtremeSpeed,Haze,Protect|||M|||50|,,,,,Fairy]Rillaboom||AssaultVest|GrassySurge|GrassyGlide,WoodHammer,FakeOut,HighHorsepower|||F|||50|,,,,,Fire]Electabuzz||Eviolite|VitalSpirit|Electroweb,Taunt,FollowMe,Protect|||F|||50|,,,,,Ghost
|j| volcaronavgc (≧▽≦)
|
|t:|1755710549
|teamsize|p1|4
|teamsize|p2|4
|start
|switch|p1a: Oogie Boogie|Basculegion, L50, M|100/100
|switch|p1b: Berry Delite|Pelipper, L50, M|100/100
|switch|p2a: Electabuzz|Electabuzz, L50, F|100/100
|switch|p2b: Volcarona|Volcarona, L50, F|100/100
|-weather|RainDance|[from] ability: Drizzle|[of] p1b: Berry Delite
|turn|1
|
|t:|1755710577
|move|p2b: Volcarona|Protect|p2b: Volcarona
|-singleturn|p2b: Volcarona|Protect
|move|p1a: Oogie Boogie|Flip Turn|p2a: Electabuzz
|-damage|p2a: Electabuzz|41/100
|
|t:|1755710583
|switch|p1a: Benadryl|Amoonguss, L50, F|100/100|[from] Flip Turn
|move|p2a: Electabuzz|Electroweb|p1a: Benadryl|[spread] p1a,p1b
|-resisted|p1a: Benadryl
|-crit|p1a: Benadryl
|-supereffective|p1b: Berry Delite
|-damage|p1a: Benadryl|92/100
|-damage|p1b: Berry Delite|9/100
|-unboost|p1a: Benadryl|spe|1
|-unboost|p1b: Berry Delite|spe|1
|move|p1b: Berry Delite|Weather Ball|p2a: Electabuzz
|-damage|p2a: Electabuzz|0 fnt
|faint|p2a: Electabuzz
|
|-weather|RainDance|[upkeep]
|upkeep
|
|t:|1755710594
|switch|p2a: Sneasler|Sneasler, L50, M|100/100
|turn|2
|
|t:|1755710626
|switch|p1b: Oogie Boogie|Basculegion, L50, M|100/100
|move|p2a: Sneasler|Fake Out|p1a: Benadryl
|-damage|p1a: Benadryl|78/100
|move|p2b: Volcarona|Heat Wave|p1a: Benadryl|[spread] p1a,p1b
|-supereffective|p1a: Benadryl
|-resisted|p1b: Oogie Boogie
|-damage|p1a: Benadryl|51/100
|-damage|p1b: Oogie Boogie|90/100
|cant|p1a: Benadryl|flinch
|
|-weather|RainDance|[upkeep]
|upkeep
|turn|3
|
|t:|1755710652
|switch|p2a: Rillaboom|Rillaboom, L50, F|100/100
|-fieldstart|move: Grassy Terrain|[from] ability: Grassy Surge|[of] p2a: Rillaboom
|move|p2b: Volcarona|Protect|p2b: Volcarona
|-singleturn|p2b: Volcarona|Protect
|move|p1b: Oogie Boogie|Wave Crash|p2b: Volcarona
|-activate|p2b: Volcarona|move: Protect
|move|p1a: Benadryl|Spore|p2a: Rillaboom
|-immune|p2a: Rillaboom
|
|-weather|RainDance|[upkeep]
|-heal|p1b: Oogie Boogie|96/100|[from] Grassy Terrain
|-heal|p1a: Benadryl|57/100|[from] Grassy Terrain
|upkeep
|turn|4
|
|t:|1755710690
|switch|p2b: Sneasler|Sneasler, L50, M|100/100
|move|p1b: Oogie Boogie|Wave Crash|p2b: Sneasler
|-enditem|p2b: Sneasler|Focus Sash
|-damage|p2b: Sneasler|1/100
|-damage|p1b: Oogie Boogie|70/100|[from] Recoil
|move|p2a: Rillaboom|Wood Hammer|p1b: Oogie Boogie
|-supereffective|p1b: Oogie Boogie
|-damage|p1b: Oogie Boogie|0 fnt
|faint|p1b: Oogie Boogie
|-damage|p2a: Rillaboom|79/100|[from] Recoil
|move|p1a: Benadryl|Pollen Puff|p2b: Sneasler
|-resisted|p2b: Sneasler
|-damage|p2b: Sneasler|0 fnt
|faint|p2b: Sneasler
|
|-weather|RainDance|[upkeep]
|-heal|p2a: Rillaboom|85/100|[from] Grassy Terrain
|-heal|p1a: Benadryl|63/100|[from] Grassy Terrain
|upkeep
|
|t:|1755710704
|switch|p2b: Volcarona|Volcarona, L50, F|100/100
|switch|p1b: Omega|Gholdengo, L50|100/100
|turn|5
|
|t:|1755710728
|move|p2b: Volcarona|Protect|p2b: Volcarona
|-singleturn|p2b: Volcarona|Protect
|move|p1b: Omega|Nasty Plot|p1b: Omega
|-boost|p1b: Omega|spa|2
|move|p2a: Rillaboom|High Horsepower|p1a: Benadryl
|-damage|p1a: Benadryl|34/100
|-enditem|p1a: Benadryl|Sitrus Berry|[eat]
|-heal|p1a: Benadryl|59/100|[from] item: Sitrus Berry
|move|p1a: Benadryl|Spore|p2b: Volcarona
|-activate|p2b: Volcarona|move: Protect
|
|-weather|none
|-heal|p2a: Rillaboom|90/100|[from] Grassy Terrain
|-heal|p1a: Benadryl|65/100|[from] Grassy Terrain
|upkeep
|turn|6
|
|t:|1755710749
|switch|p1a: Berry Delite|Pelipper, L50, M|9/100
|-weather|RainDance|[from] ability: Drizzle|[of] p1a: Berry Delite
|-terastallize|p2a: Rillaboom|Fire
|move|p1b: Omega|Shadow Ball|p2b: Volcarona
|-damage|p2b: Volcarona|5/100
|-damage|p1b: Omega|91/100|[from] item: Life Orb
|move|p2b: Volcarona|Heat Wave|p1b: Omega|[spread] p1a,p1b
|-resisted|p1a: Berry Delite
|-supereffective|p1b: Omega
|-crit|p1b: Omega
|-damage|p1a: Berry Delite|0 fnt
|-damage|p1b: Omega|34/100
|faint|p1a: Berry Delite
|move|p2a: Rillaboom|High Horsepower|p1b: Omega
|-supereffective|p1b: Omega
|-damage|p1b: Omega|0 fnt
|faint|p1b: Omega
|
|-weather|RainDance|[upkeep]
|-heal|p2b: Volcarona|11/100|[from] Grassy Terrain
|-heal|p2a: Rillaboom|96/100|[from] Grassy Terrain
|upkeep
|
|t:|1755710781
|switch|p1b: Benadryl|Amoonguss, L50, F|98/100
|turn|7
|
|t:|1755710810
|-terastallize|p1b: Benadryl|Fairy
|move|p2b: Volcarona|Quiver Dance|p2b: Volcarona
|-boost|p2b: Volcarona|spa|1
|-boost|p2b: Volcarona|spd|1
|-boost|p2b: Volcarona|spe|1
|move|p2a: Rillaboom|High Horsepower|p1b: Benadryl
|-damage|p1b: Benadryl|66/100
|move|p1b: Benadryl|Spore|p2b: Volcarona
|-status|p2b: Volcarona|slp|[from] move: Spore
|
|-weather|RainDance|[upkeep]
|-heal|p2b: Volcarona|18/100 slp|[from] Grassy Terrain
|-heal|p2a: Rillaboom|100/100|[from] Grassy Terrain
|-heal|p1b: Benadryl|72/100|[from] Grassy Terrain
|-fieldend|move: Grassy Terrain
|upkeep
|turn|8
|
|t:|1755710826
|cant|p2b: Volcarona|slp
|move|p2a: Rillaboom|Wood Hammer|p1b: Benadryl
|-damage|p1b: Benadryl|12/100
|-damage|p2a: Rillaboom|79/100|[from] Recoil
|move|p1b: Benadryl|Pollen Puff|p2b: Volcarona
|-resisted|p2b: Volcarona
|-damage|p2b: Volcarona|12/100 slp
|
|-weather|RainDance|[upkeep]
|upkeep
|turn|9
|
|t:|1755710832
|cant|p2b: Volcarona|slp
|move|p2a: Rillaboom|Wood Hammer|p1b: Benadryl
|-damage|p1b: Benadryl|0 fnt
|faint|p1b: Benadryl
|-damage|p2a: Rillaboom|75/100|[from] Recoil
|
|win|jayoticnl
|raw|Zero_BlazeVGC's rating: 1320 → 1296(-24 for losing)
|raw|jayoticnl's rating: 1249 → 1279(+30 for winning)
|c|☆jayoticnl|ggs
