|j|☆goodfish6211
|j|‽redpkmntrainer14
|html|goodfish6211redpkmntrainer14    
|uhtml|bestof|Game 2 of a best-of-3
|t:|1784795418
|gametype|doubles
|player|p1|goodfish6211|102|1067
|player|p2|redpkmntrainer14|guitarist|1149
|gen|9
|tier|[Gen 9 Champions] VGC 2026 Reg M-B (Bo3)
|rated|
|rule|Species Clause: Limit one of each Pokémon
|rule|Item Clause: Limit 1 of each item
|clearpoke
|poke|p1|Incineroar, L50, M|
|poke|p1|Sneasler, L50, M, shiny|
|poke|p1|Whimsicott, L50, F|
|poke|p1|Sinistcha-Masterpiece, L50|
|poke|p1|Sylveon, L50, F, shiny|
|poke|p1|Tyranitar, L50, F|
|poke|p2|Charizard, L50, M|
|poke|p2|Sinistcha, L50|
|poke|p2|Sneasler, L50, M|
|poke|p2|Kingambit, L50, F|
|poke|p2|Scizor, L50, M, shiny|
|poke|p2|Glimmora, L50, F|
|teampreview|4
|showteam|p1|Incineroar||PasshoBerry|Intimidate|FakeOut,FlareBlitz,DarkestLariat,PartingShot|Adamant||M|||50|]Sneasler||WhiteHerb|Unburden|CloseCombat,FakeOut,DireClaw,Protect|Adamant||M|||50|]Whimsicott||FocusSash|Prankster|Tailwind,Moonblast,Encore,Protect|Timid||F|||50|]Sinistcha-Masterpiece||SitrusBerry|Hospitality|MatchaGotcha,TrickRoom,RagePowder,Protect|Bold|||||50|]Sylveon||LifeOrb|Pixilate|HyperVoice,QuickAttack,DrainingKiss,Protect|Modest||F|||50|]Tyranitar||Tyranitarite|SandStream|KnockOff,RockSlide,DragonDance,Protect|Adamant||F|||50|
|showteam|p2|Charizard||CharizarditeX|Blaze|BellyDrum,BreakingSwipe,FlareBlitz,Protect|Jolly||M|||50|]Sinistcha||SitrusBerry|Hospitality|RagePowder,MatchaGotcha,LifeDew,StrengthSap|Modest|||||50|]Sneasler||FocusSash|PoisonTouch|DireClaw,Uturn,CloseCombat,FakeOut|Adamant||M|||50|]Kingambit||LifeOrb|SupremeOverlord|Protect,KowtowCleave,IronHead,SuckerPunch|Adamant||F|||50|]Scizor||Scizorite|Technician|BulletPunch,CloseCombat,SwordsDance,BugBite|Adamant||M|||50|]Glimmora||ShucaBerry|ToxicDebris|DazzlingGleam,EarthPower,PowerGem,SludgeBomb|Modest||F|||50|
|inactive|Battle timer is ON: inactive players will automatically lose when time's up. (requested by goodfish6211)
|
|t:|1784795433
|teamsize|p1|4
|teamsize|p2|4
|start
|switch|p1a: Whimsicott|Whimsicott, L50, F|100/100
|switch|p1b: Tyranitar|Tyranitar, L50, F|100/100
|switch|p2a: Sneasler|Sneasler, L50, M|100/100
|switch|p2b: Charizard|Charizard, L50, M|100/100
|-weather|Sandstorm|[from] ability: Sand Stream|[of] p1b: Tyranitar
|turn|1
|
|t:|1784795448
|detailschange|p2b: Charizard|Charizard-Mega-X, L50, M
|-mega|p2b: Charizard|Charizard|Charizardite X
|move|p1a: Whimsicott|Protect|p1a: Whimsicott
|-singleturn|p1a: Whimsicott|Protect
|move|p1b: Tyranitar|Protect|p1b: Tyranitar
|-singleturn|p1b: Tyranitar|Protect
|move|p2a: Sneasler|Close Combat|p1b: Tyranitar
|-activate|p1b: Tyranitar|move: Protect
|move|p2b: Charizard|Flare Blitz|p1a: Whimsicott
|-activate|p1a: Whimsicott|move: Protect
|
|-weather|Sandstorm|[upkeep]
|-damage|p1a: Whimsicott|94/100|[from] Sandstorm
|-damage|p2a: Sneasler|94/100|[from] Sandstorm
|-damage|p2b: Charizard|94/100|[from] Sandstorm
|upkeep
|turn|2
|
|t:|1784795465
|switch|p1b: Sylveon|Sylveon, L50, F, shiny|100/100
|move|p1a: Whimsicott|Tailwind|p1a: Whimsicott
|-sidestart|p1: goodfish6211|move: Tailwind
|move|p2a: Sneasler|Close Combat|p1b: Sylveon
|-resisted|p1b: Sylveon|1
|-damage|p1b: Sylveon|51/100
|-unboost|p2a: Sneasler|def|1
|-unboost|p2a: Sneasler|spd|1
|move|p2b: Charizard|Flare Blitz|p1a: Whimsicott
|-supereffective|p1a: Whimsicott|1
|-damage|p1a: Whimsicott|0 fnt
|faint|p1a: Whimsicott
|-damage|p2b: Charizard|66/100|[from] Recoil
|
|-weather|Sandstorm|[upkeep]
|-damage|p1b: Sylveon|45/100|[from] Sandstorm
|-damage|p2a: Sneasler|88/100|[from] Sandstorm
|-damage|p2b: Charizard|60/100|[from] Sandstorm
|upkeep
|
|t:|1784795476
|switch|p1a: Sneasler|Sneasler, L50, M, shiny|100/100
|turn|3
|
|t:|1784795493
|switch|p2a: Sinistcha|Sinistcha, L50|100/100
|-heal|p2b: Charizard|84/100|[from] ability: Hospitality|[of] p2a: Sinistcha
|move|p1a: Sneasler|Fake Out|p2a: Sinistcha
|-immune|p2a: Sinistcha
|move|p1b: Sylveon|Hyper Voice|p2b: Charizard|[spread] p2a,p2b
|-damage|p2a: Sinistcha|37/100
|-damage|p2b: Charizard|17/100
|-enditem|p2a: Sinistcha|Sitrus Berry|[eat]
|-heal|p2a: Sinistcha|62/100|[from] item: Sitrus Berry
|-damage|p1b: Sylveon|35/100|[from] item: Life Orb
|move|p2b: Charizard|Breaking Swipe|p1b: Sylveon|[spread] p1a
|-immune|p1b: Sylveon
|-damage|p1a: Sneasler|51/100
|-unboost|p1a: Sneasler|atk|1
|-enditem|p1a: Sneasler|White Herb
|-clearnegativeboost|p1a: Sneasler|[silent]
|
|-weather|Sandstorm|[upkeep]
|-damage|p1a: Sneasler|45/100|[from] Sandstorm
|-damage|p1b: Sylveon|29/100|[from] Sandstorm
|-damage|p2b: Charizard|11/100|[from] Sandstorm
|-damage|p2a: Sinistcha|56/100|[from] Sandstorm
|upkeep
|turn|4
|inactive|goodfish6211 has 30 seconds left.
|
|t:|1784795522
|switch|p1a: Tyranitar|Tyranitar, L50, F|100/100
|move|p2b: Charizard|Protect|p2b: Charizard
|-singleturn|p2b: Charizard|Protect
|move|p1b: Sylveon|Hyper Voice|p2a: Sinistcha|[spread] p2a
|-activate|p2b: Charizard|move: Protect
|-damage|p2a: Sinistcha|0 fnt
|faint|p2a: Sinistcha
|-damage|p1b: Sylveon|19/100|[from] item: Life Orb
|
|-weather|Sandstorm|[upkeep]
|-damage|p1b: Sylveon|13/100|[from] Sandstorm
|-damage|p2b: Charizard|5/100|[from] Sandstorm
|upkeep
|
|t:|1784795529
|switch|p2a: Sneasler|Sneasler, L50, M|88/100
|turn|5
|
|t:|1784795550
|switch|p1b: Sneasler|Sneasler, L50, M, shiny|45/100
|switch|p2b: Glimmora|Glimmora, L50, F|100/100
|detailschange|p1a: Tyranitar|Tyranitar-Mega, L50, F
|-mega|p1a: Tyranitar|Tyranitar|Tyranitarite
|move|p2a: Sneasler|Fake Out|p1b: Sneasler
|-damage|p1b: Sneasler|18/100
|move|p1a: Tyranitar|Rock Slide|p2b: Glimmora|[spread] p2a,p2b
|-resisted|p2a: Sneasler|1
|-damage|p2a: Sneasler|54/100
|-damage|p2b: Glimmora|59/100
|-activate|p2b: Glimmora|ability: Toxic Debris
|-sidestart|p1: goodfish6211|move: Toxic Spikes
|
|-weather|none
|-sideend|p1: goodfish6211|move: Tailwind
|upkeep
|turn|6
|
|t:|1784795573
|switch|p2a: Charizard|Charizard-Mega-X, L50, M|5/100
|move|p1b: Sneasler|Fake Out|p2a: Charizard
|-damage|p2a: Charizard|0 fnt
|faint|p2a: Charizard
|move|p1a: Tyranitar|Dragon Dance|p1a: Tyranitar
|-boost|p1a: Tyranitar|atk|1
|-boost|p1a: Tyranitar|spe|1
|move|p2b: Glimmora|Dazzling Gleam|p1a: Tyranitar|[spread] p1a,p1b
|-supereffective|p1a: Tyranitar|1
|-damage|p1a: Tyranitar|58/100
|-damage|p1b: Sneasler|0 fnt
|faint|p1b: Sneasler
|
|upkeep
|
|t:|1784795580
|switch|p1b: Sylveon|Sylveon, L50, F, shiny|13/100
|switch|p2a: Sneasler|Sneasler, L50, M|54/100
|-status|p1b: Sylveon|psn
|turn|7
|
|t:|1784795596
|move|p1a: Tyranitar|Protect|p1a: Tyranitar
|-singleturn|p1a: Tyranitar|Protect
|move|p1b: Sylveon|Protect|p1b: Sylveon
|-singleturn|p1b: Sylveon|Protect
|move|p2a: Sneasler|Fake Out|p1a: Tyranitar
|-activate|p1a: Tyranitar|move: Protect
|move|p2b: Glimmora|Dazzling Gleam|p1b: Sylveon|[spread] 
|-activate|p1a: Tyranitar|move: Protect
|-activate|p1b: Sylveon|move: Protect
|
|-damage|p1b: Sylveon|1/100 psn|[from] psn
|upkeep
|turn|8
|
|t:|1784795603
|move|p1b: Sylveon|Quick Attack|p2a: Sneasler
|-damage|p2a: Sneasler|29/100
|-damage|p1b: Sylveon|0 fnt|[from] item: Life Orb
|faint|p1b: Sylveon
|move|p1a: Tyranitar|Rock Slide|p2b: Glimmora|[spread] p2a,p2b
|-resisted|p2a: Sneasler|1
|-crit|p2a: Sneasler
|-damage|p2a: Sneasler|0 fnt
|-damage|p2b: Glimmora|6/100
|-activate|p2b: Glimmora|ability: Toxic Debris
|-sidestart|p1: goodfish6211|move: Toxic Spikes
|faint|p2a: Sneasler
|move|p2b: Glimmora|Dazzling Gleam|p1a: Tyranitar
|-supereffective|p1a: Tyranitar|1
|-damage|p1a: Tyranitar|1/100
|
|upkeep
|turn|9
|
|t:|1784795615
|move|p1a: Tyranitar|Knock Off|p2b: Glimmora
|-damage|p2b: Glimmora|0 fnt
|-enditem|p2b: Glimmora|Shuca Berry|[from] move: Knock Off|[of] p1a: Tyranitar
|faint|p2b: Glimmora
|
|win|goodfish6211
||redpkmntrainer14 is ready for game 3.
||goodfish6211 is ready for game 3.
|uhtml|next|Next: Game 3 of 3
|l|‽redpkmntrainer14
|player|p2|
