|j|вҳҶGyaradostyranitar
|j|вҳҶRegionalModeSlow
|html|GyaradostyranitarRegionalModeSlow    
|uhtml|bestof|Game 2 of a best-of-3
|t:|1756321733
|gametype|doubles
|player|p1|Gyaradostyranitar|adaman|1152
|player|p2|RegionalModeSlow|steven|1133
|gen|9
|tier|[Gen 9] VGC 2025 Reg H (Bo3)
|rated|
|rule|Species Clause: Limit one of each PokГ©mon
|rule|Item Clause: Limit 1 of each item
|clearpoke
|poke|p1|Sneasler, L50, F|
|poke|p1|Electabuzz, L50, F|
|poke|p1|Kingambit, L50, M|
|poke|p1|Rillaboom, L50, F|
|poke|p1|Volcarona, L50, M|
|poke|p1|Dragonite, L50, F|
|poke|p2|Noivern, L50, M|
|poke|p2|Weezing-Galar, L50, M|
|poke|p2|Gholdengo, L50|
|poke|p2|Garchomp, L50, F|
|poke|p2|Annihilape, L50, M|
|poke|p2|Magmar, L50, F|
|teampreview|4
|showteam|p1|Sneasler||FocusSash|PoisonTouch|DireClaw,Coaching,Protect,CloseCombat|||F|||50|,,,,,Stellar]Electabuzz||Eviolite|VitalSpirit|FollowMe,Electroweb,Taunt,Protect|||F|||50|,,,,,Ghost]Kingambit||BlackGlasses|Defiant|KowtowCleave,SwordsDance,SuckerPunch,Protect|||M|||50|,,,,,Dark]Rillaboom||AssaultVest|GrassySurge|WoodHammer,Uturn,GrassyGlide,FakeOut|||F|||50|,,,,,Water]Volcarona||Leftovers|FlameBody|HeatWave,TeraBlast,QuiverDance,Protect|||M|||50|,,,,,Fairy]Dragonite||LoadedDice|Multiscale|ScaleShot,Haze,Tailwind,Protect|||F|||50|,,,,,Steel
|showteam|p2|Noivern||CovertCloak|Telepathy|AirSlash,SuperFang,Tailwind,Taunt|||M|||50|,,,,,Steel]Weezing-Galar||ChoiceSpecs|NeutralizingGas|DazzlingGleam,SludgeBomb,StrangeSteam,Flamethrower|||M|||50|,,,,,Flying]Gholdengo||MetalCoat|GoodasGold|MakeItRain,ShadowBall,NastyPlot,Protect||||||50|,,,,,Flying]Garchomp||LifeOrb|RoughSkin|DragonClaw,Earthquake,StompingTantrum,Protect|||F|||50|,,,,,Ground]Annihilape||AssaultVest|Defiant|CloseCombat,ShadowClaw,FinalGambit,Uturn|||M|||50|,,,,,Stellar]Magmar||Eviolite|VitalSpirit|HeatWave,WillOWisp,FollowMe,Protect|||F|||50|,,,,,Ghost
|inactive|Battle timer is ON: inactive players will automatically lose when time's up. (requested by Gyaradostyranitar)
|inactive|RegionalModeSlow also wants the timer to be on.
|
|t:|1756321744
|teamsize|p1|4
|teamsize|p2|4
|start
|switch|p1a: Volcarona|Volcarona, L50, M|100/100
|switch|p1b: Dragonite|Dragonite, L50, F|100/100
|switch|p2a: Ozzy|Noivern, L50, M|100/100
|switch|p2b: Purpleрҹ’ңHaze|Weezing-Galar, L50, M|100/100
|-ability|p2b: Purpleрҹ’ңHaze|Neutralizing Gas
|turn|1
|
|t:|1756321765
|move|p2a: Ozzy|Tailwind|p2a: Ozzy
|-sidestart|p2: RegionalModeSlow|move: Tailwind
|move|p2b: Purpleрҹ’ңHaze|Strange Steam|p1b: Dragonite
|-supereffective|p1b: Dragonite
|-damage|p1b: Dragonite|0 fnt
|faint|p1b: Dragonite
|move|p1a: Volcarona|Quiver Dance|p1a: Volcarona
|-boost|p1a: Volcarona|spa|1
|-boost|p1a: Volcarona|spd|1
|-boost|p1a: Volcarona|spe|1
|
|upkeep
|
|t:|1756321773
|switch|p1b: Rillaboom|Rillaboom, L50, F|100/100
|turn|2
|inactive|RegionalModeSlow has 30 seconds left.
|
|t:|1756321802
|-terastallize|p1a: Volcarona|Fairy
|move|p1b: Rillaboom|Fake Out|p2b: Purpleрҹ’ңHaze
|-damage|p2b: Purpleрҹ’ңHaze|86/100
|move|p2a: Ozzy|Taunt|p1a: Volcarona
|-start|p1a: Volcarona|move: Taunt
|move|p1a: Volcarona|Heat Wave|p2b: Purpleрҹ’ңHaze|[spread] p2a,p2b
|-resisted|p2a: Ozzy
|-damage|p2a: Ozzy|68/100
|-damage|p2b: Purpleрҹ’ңHaze|13/100
|cant|p2b: Purpleрҹ’ңHaze|flinch
|
|upkeep
|turn|3
|inactive|RegionalModeSlow has 30 seconds left.
|
|t:|1756321829
|move|p2a: Ozzy|Super Fang|p1a: Volcarona
|-damage|p1a: Volcarona|50/100
|move|p1a: Volcarona|Heat Wave|p2b: Purpleрҹ’ңHaze|[spread] p2a,p2b
|-resisted|p2a: Ozzy
|-damage|p2a: Ozzy|37/100
|-damage|p2b: Purpleрҹ’ңHaze|0 fnt
|faint|p2b: Purpleрҹ’ңHaze
|-end|p2b: Purpleрҹ’ңHaze|ability: Neutralizing Gas
|-fieldstart|move: Grassy Terrain|[from] ability: Grassy Surge|[of] p1b: Rillaboom
|move|p1b: Rillaboom|U-turn|p2a: Ozzy
|-resisted|p2a: Ozzy
|-damage|p2a: Ozzy|24/100
|
|t:|1756321834
|switch|p1b: Electabuzz|Electabuzz, L50, F|100/100|[from] U-turn
|
|-heal|p1a: Volcarona|57/100|[from] Grassy Terrain
|-heal|p1a: Volcarona|63/100|[from] item: Leftovers
|upkeep
|
|t:|1756321837
|switch|p2b: BlГҘhaj|Garchomp, L50, F|100/100
|turn|4
|
|t:|1756321854
|-terastallize|p2b: BlГҘhaj|Ground
|move|p1b: Electabuzz|Follow Me|p1b: Electabuzz
|-singleturn|p1b: Electabuzz|move: Follow Me
|move|p2a: Ozzy|Super Fang|p1b: Electabuzz
|-damage|p1b: Electabuzz|50/100
|move|p2b: BlГҘhaj|Earthquake|p1b: Electabuzz|[spread] p1a,p1b
|-activate|p2a: Ozzy|ability: Telepathy
|-supereffective|p1b: Electabuzz
|-damage|p1a: Volcarona|17/100
|-damage|p1b: Electabuzz|0 fnt
|faint|p1b: Electabuzz
|-damage|p2b: BlГҘhaj|91/100|[from] item: Life Orb
|move|p1a: Volcarona|Tera Blast|p2b: BlГҘhaj|[anim] Tera Blast Fairy
|-damage|p2b: BlГҘhaj|20/100
|
|-heal|p2b: BlГҘhaj|26/100|[from] Grassy Terrain
|-heal|p1a: Volcarona|23/100|[from] Grassy Terrain
|-heal|p1a: Volcarona|30/100|[from] item: Leftovers
|-end|p1a: Volcarona|move: Taunt
|-sideend|p2: RegionalModeSlow|move: Tailwind
|upkeep
|
|t:|1756321862
|switch|p1b: Rillaboom|Rillaboom, L50, F|100/100
|turn|5
|
|t:|1756321870
|move|p2b: BlГҘhaj|Protect|p2b: BlГҘhaj
|-singleturn|p2b: BlГҘhaj|Protect
|move|p1b: Rillaboom|Grassy Glide|p2b: BlГҘhaj
|-activate|p2b: BlГҘhaj|move: Protect
|move|p1a: Volcarona|Tera Blast|p2a: Ozzy|[anim] Tera Blast Fairy
|-supereffective|p2a: Ozzy
|-damage|p2a: Ozzy|0 fnt
|faint|p2a: Ozzy
|
|-heal|p1a: Volcarona|36/100|[from] Grassy Terrain
|-heal|p1a: Volcarona|42/100|[from] item: Leftovers
|-heal|p2b: BlГҘhaj|32/100|[from] Grassy Terrain
|upkeep
|
|t:|1756321872
|switch|p2a: VГӨinГӨmГ¶inen|Annihilape, L50, M, shiny|100/100
|turn|6
|
|t:|1756321887
|move|p1a: Volcarona|Protect|p1a: Volcarona
|-singleturn|p1a: Volcarona|Protect
|move|p1b: Rillaboom|Grassy Glide|p2b: BlГҘhaj
|-supereffective|p2b: BlГҘhaj
|-damage|p2b: BlГҘhaj|0 fnt
|-damage|p1b: Rillaboom|88/100|[from] ability: Rough Skin|[of] p2b: BlГҘhaj
|faint|p2b: BlГҘhaj
|move|p2a: VГӨinГӨmГ¶inen|Shadow Claw|p1a: Volcarona
|-activate|p1a: Volcarona|move: Protect
|
|-heal|p1a: Volcarona|48/100|[from] Grassy Terrain
|-heal|p1a: Volcarona|55/100|[from] item: Leftovers
|-heal|p1b: Rillaboom|94/100|[from] Grassy Terrain
|upkeep
|turn|7
|
|t:|1756321894
|move|p1b: Rillaboom|Grassy Glide|p2a: VГӨinГӨmГ¶inen
|-damage|p2a: VГӨinГӨmГ¶inen|59/100
|move|p1a: Volcarona|Tera Blast|p2a: VГӨinГӨmГ¶inen|[anim] Tera Blast Fairy
|-supereffective|p2a: VГӨinГӨmГ¶inen
|-damage|p2a: VГӨinГӨmГ¶inen|0 fnt
|faint|p2a: VГӨinГӨmГ¶inen
|
|win|Gyaradostyranitar
|raw|Gyaradostyranitar's rating: 1152 → 1176(+24 for winning)
|raw|RegionalModeSlow's rating: 1133 → 1109(-24 for losing)
