|j|☆itsjamsandwich
|j|☆eevee1ynn
|html|itsjamsandwicheevee1ynn    
|uhtml|bestof|Game 2 of a best-of-3
|t:|1756659645
|gametype|doubles
|player|p1|itsjamsandwich|hugh|
|player|p2|eevee1ynn|irida|
|gen|9
|tier|[Gen 9] VGC 2025 Reg H (Bo3)
|rule|Species Clause: Limit one of each Pokémon
|rule|Item Clause: Limit 1 of each item
|clearpoke
|poke|p1|Primarina, L50, F|
|poke|p1|Arcanine-Hisui, L50, M|
|poke|p1|Garchomp, L50, M|
|poke|p1|Tyranitar, L50, M|
|poke|p1|Glaceon, L50, F|
|poke|p1|Indeedee-F, L50, F|
|poke|p2|Archaludon, L50, M|
|poke|p2|Pelipper, L50, M|
|poke|p2|Indeedee-F, L50, F|
|poke|p2|Braviary-Hisui, L50, M|
|poke|p2|Toedscruel, L50, F|
|poke|p2|Annihilape, L50, M|
|teampreview|4
|showteam|p1|Primarina||LifeOrb|LiquidVoice|DrainingKiss,HyperVoice,Haze,Protect|||F|||50|,,,,,Poison]Arcanine-Hisui||ClearAmulet|RockHead|HeadSmash,FlareBlitz,TeraBlast,Protect|||M|||50|,,,,,Ghost]Garchomp||RockyHelmet|SandVeil|StompingTantrum,SwordsDance,IronHead,Protect|||M|||50|,,,,,Ground]Tyranitar||AirBalloon|SandStream|Crunch,DragonClaw,RockSlide,Protect|||M|||50|,,,,,Rock]Glaceon||NeverMeltIce|SnowCloak|Snowscape,Blizzard,TeraBlast,Protect|||F|||50|,,,,,Ground]Indeedee-F||TwistedSpoon|OwnTempo|HealPulse,HelpingHand,FakeOut,Protect|||F|||50|,,,,,Psychic
|showteam|p2|Archaludon||AssaultVest|Stamina|BodyPress,ElectroShot,DragonPulse,Snarl|||M|||50|,,,,,Grass]Pelipper||FocusSash|Drizzle|Protect,Hurricane,WeatherBall,Tailwind|||M|||50|,,,,,Ghost]Indeedee-F||SafetyGoggles|PsychicSurge|AlluringVoice,HelpingHand,TrickRoom,FollowMe|||F|||50|,,,,,Dragon]Braviary-Hisui||LifeOrb|TintedLens|Protect,EsperWing,Hurricane,ExpandingForce|||M|||50|,,,,,Psychic]Toedscruel||CovertCloak|MyceliumMight|Spore,AcidSpray,EarthPower,TrickRoom|||F|||50|,,,,,Fire]Annihilape||Leftovers|Defiant|Protect,DrainPunch,RageFist,BulkUp|||M|||50|,,,,,Fire
|inactive|Battle timer is ON: inactive players will automatically lose when time's up. (requested by eevee1ynn)
|
|t:|1756659669
|teamsize|p1|4
|teamsize|p2|4
|start
|switch|p1a: Primarina|Primarina, L50, F|100/100
|switch|p1b: Tyranitar|Tyranitar, L50, M|100/100
|switch|p2a: Toedscruel|Toedscruel, L50, F|100/100
|switch|p2b: Archaludon|Archaludon, L50, M|100/100
|-weather|Sandstorm|[from] ability: Sand Stream|[of] p1b: Tyranitar
|-item|p1b: Tyranitar|Air Balloon
|turn|1
|
|t:|1756659691
|-terastallize|p1a: Primarina|Poison
|move|p1b: Tyranitar|Protect|p1b: Tyranitar
|-singleturn|p1b: Tyranitar|Protect
|move|p2b: Archaludon|Body Press|p1b: Tyranitar
|-activate|p1b: Tyranitar|move: Protect
|move|p1a: Primarina|Draining Kiss|p2b: Archaludon
|-damage|p2b: Archaludon|76/100
|-ability|p2b: Archaludon|Stamina|boost
|-boost|p2b: Archaludon|def|1
|-damage|p1a: Primarina|91/100|[from] item: Life Orb
|move|p2a: Toedscruel|Spore|p1a: Primarina
|-status|p1a: Primarina|slp|[from] move: Spore
|
|-weather|Sandstorm|[upkeep]
|-damage|p1a: Primarina|85/100 slp|[from] Sandstorm
|upkeep
|turn|2
|inactive|itsjamsandwich has 30 seconds left.
|inactive|itsjamsandwich has 20 seconds left.
|inactive|itsjamsandwich has 15 seconds left.
|inactive|itsjamsandwich has 10 seconds left.
|inactive|itsjamsandwich has 5 seconds left.
|inactiveoff|Battle timer is now OFF.
|
|t:|1756659767
|move|p2a: Toedscruel|Acid Spray|p1a: Primarina
|-resisted|p1a: Primarina
|-damage|p1a: Primarina|82/100 slp
|-unboost|p1a: Primarina|spd|2
|move|p2b: Archaludon|Body Press|p1b: Tyranitar
|-supereffective|p1b: Tyranitar
|-damage|p1b: Tyranitar|0 fnt
|-enditem|p1b: Tyranitar|Air Balloon
|faint|p1b: Tyranitar
|cant|p1a: Primarina|slp
|
|-weather|Sandstorm|[upkeep]
|-damage|p1a: Primarina|76/100 slp|[from] Sandstorm
|upkeep
|
|t:|1756659783
|switch|p1b: Glaceon|Glaceon, L50, F|100/100
|turn|3
|
|t:|1756659801
|switch|p2a: Pelipper|Pelipper, L50, M|100/100
|-weather|RainDance|[from] ability: Drizzle|[of] p2a: Pelipper
|move|p1b: Glaceon|Protect|p1b: Glaceon
|-singleturn|p1b: Glaceon|Protect
|move|p2b: Archaludon|Electro Shot||[still]
|-prepare|p2b: Archaludon|Electro Shot
|-boost|p2b: Archaludon|spa|1
|-anim|p2b: Archaludon|Electro Shot|p1b: Glaceon
|-activate|p1b: Glaceon|move: Protect
|cant|p1a: Primarina|slp
|
|-weather|RainDance|[upkeep]
|upkeep
|turn|4
|
|t:|1756659819
|move|p2a: Pelipper|Weather Ball|p1a: Primarina
|-damage|p1a: Primarina|0 fnt
|faint|p1a: Primarina
|move|p1b: Glaceon|Blizzard|p2a: Pelipper|[spread] p2a
|-miss|p1b: Glaceon|p2b: Archaludon
|-damage|p2a: Pelipper|14/100
|move|p2b: Archaludon|Electro Shot||[still]
|-prepare|p2b: Archaludon|Electro Shot
|-boost|p2b: Archaludon|spa|1
|-anim|p2b: Archaludon|Electro Shot|p1b: Glaceon
|-damage|p1b: Glaceon|3/100
|
|-weather|RainDance|[upkeep]
|upkeep
|
|t:|1756659832
|switch|p1a: Arcanine|Arcanine-Hisui, L50, M|100/100
|turn|5
|
|t:|1756659847
|move|p1a: Arcanine|Head Smash|p2b: Archaludon
|-resisted|p2b: Archaludon
|-damage|p2b: Archaludon|58/100
|-ability|p2b: Archaludon|Stamina|boost
|-boost|p2b: Archaludon|def|1
|move|p2a: Pelipper|Weather Ball|p1a: Arcanine
|-supereffective|p1a: Arcanine
|-damage|p1a: Arcanine|0 fnt
|faint|p1a: Arcanine
|move|p1b: Glaceon|Blizzard|p2b: Archaludon|[spread] p2a,p2b
|-damage|p2a: Pelipper|0 fnt
|-damage|p2b: Archaludon|22/100
|-ability|p2b: Archaludon|Stamina|boost
|-boost|p2b: Archaludon|def|1
|faint|p2a: Pelipper
|move|p2b: Archaludon|Dragon Pulse|p1b: Glaceon
|-damage|p1b: Glaceon|0 fnt
|faint|p1b: Glaceon
|
|win|eevee1ynn
|c|☆eevee1ynn|ggs
|c|☆itsjamsandwich|gg
|l|☆itsjamsandwich
|player|p1|
