|j|☆rainloverrrr
|j|☆viatles
|html|rainloverrrrviatles    
|uhtml|bestof|Game 2 of a best-of-3
|t:|1783561154
|gametype|doubles
|player|p1|rainloverrrr|n|1057
|player|p2|viatles|hiker|1163
|gen|9
|tier|[Gen 9 Champions] VGC 2026 Reg M-B (Bo3)
|rated|
|rule|Species Clause: Limit one of each Pokémon
|rule|Item Clause: Limit 1 of each item
|clearpoke
|poke|p1|Aggron, L50, M|
|poke|p1|Tyranitar, L50, M, shiny|
|poke|p1|Glimmora, L50, F|
|poke|p1|Sinistcha-Masterpiece, L50|
|poke|p1|Incineroar, L50, M|
|poke|p1|Meganium, L50, M|
|poke|p2|Beedrill, L50, F, shiny|
|poke|p2|Milotic, L50, F, shiny|
|poke|p2|Talonflame, L50, F, shiny|
|poke|p2|Farigiraf, L50, F|
|poke|p2|Decidueye-Hisui, L50, F|
|poke|p2|Sableye, L50, F|
|teampreview|4
|showteam|p1|Aggron||Aggronite|Sturdy|IronDefense,BodyPress,HeavySlam,Protect|Relaxed||M|||50|]Tyranitar||ChoiceScarf|SandStream|RockSlide,IcePunch,KnockOff,LowKick|Jolly||M|||50|]Glimmora||FocusSash|ToxicDebris|PowerGem,SludgeBomb,Protect,MortalSpin|Timid||F|||50|]Sinistcha-Masterpiece||CobaBerry|Hospitality|TrickRoom,MatchaGotcha,RagePowder,LifeDew|Modest|||||50|]Incineroar||SitrusBerry|Intimidate|FakeOut,PartingShot,WillOWisp,Snarl|Jolly||M|||50|]Meganium||Meganiumite|Overgrow|WeatherBall,DazzlingGleam,LeafStorm,Protect|Modest||M|||50|
|showteam|p2|Beedrill||Beedrillite|Swarm|Uturn,DrillRun,PoisonJab,Protect|Jolly||F|||50|]Milotic||Leftovers|Competitive|IcyWind,Scald,Protect,LifeDew|Bold||F|||50|]Talonflame||SharpBeak|GaleWings|DualWingbeat,Tailwind,Protect,WillOWisp|Jolly||F|||50|]Farigiraf||SitrusBerry|ArmorTail|TrickRoom,Thunderbolt,TwinBeam,HelpingHand|Bold||F|||50|]Decidueye-Hisui||ScopeLens|Scrappy|Protect,TripleArrows,LeafBlade,SuckerPunch|Adamant||F|||50|]Sableye||RoseliBerry|Prankster|FakeOut,FoulPlay,RainDance,Quash|Sassy||F|||50|
|inactive|Battle timer is ON: inactive players will automatically lose when time's up. (requested by rainloverrrr)
|inactive|rainloverrrr has 60 seconds left.
|
|t:|1783561208
|teamsize|p1|4
|teamsize|p2|4
|start
|switch|p1a: Tyranitar|Tyranitar, L50, M, shiny|100/100
|switch|p1b: Incineroar|Incineroar, L50, M|100/100
|switch|p2a: Scatter|Talonflame, L50, F, shiny|100/100
|switch|p2b: Pentious|Milotic, L50, F, shiny|100/100
|-weather|Sandstorm|[from] ability: Sand Stream|[of] p1a: Tyranitar
|-ability|p1b: Incineroar|Intimidate|boost
|-unboost|p2a: Scatter|atk|1
|-unboost|p2b: Pentious|atk|1
|-ability|p2b: Pentious|Competitive|boost
|-boost|p2b: Pentious|spa|2
|turn|1
|
|t:|1783561226
|switch|p2a: Decidueye|Decidueye-Hisui, L50, F|100/100
|move|p2b: Pentious|Protect|p2b: Pentious
|-singleturn|p2b: Pentious|Protect
|move|p1b: Incineroar|Fake Out|p2a: Decidueye
|-damage|p2a: Decidueye|86/100
|move|p1a: Tyranitar|Rock Slide|p2a: Decidueye|[spread] p2a
|-activate|p2b: Pentious|move: Protect
|-resisted|p2a: Decidueye|1
|-damage|p2a: Decidueye|69/100
|
|-weather|Sandstorm|[upkeep]
|-damage|p1b: Incineroar|93/100|[from] Sandstorm
|-damage|p2b: Pentious|93/100|[from] Sandstorm
|-damage|p2a: Decidueye|63/100|[from] Sandstorm
|-heal|p2b: Pentious|100/100|[from] item: Leftovers
|upkeep
|turn|2
|
|t:|1783561246
|switch|p1a: Sinistcha|Sinistcha-Masterpiece, L50|100/100
|-heal|p1b: Incineroar|100/100|[from] ability: Hospitality|[of] p1a: Sinistcha
|move|p2a: Decidueye|Protect|p2a: Decidueye
|-singleturn|p2a: Decidueye|Protect
|move|p1b: Incineroar|Parting Shot|p2a: Decidueye
|-activate|p2a: Decidueye|move: Protect
|move|p2b: Pentious|Scald|p1b: Incineroar
|-supereffective|p1b: Incineroar|1
|-damage|p1b: Incineroar|0 fnt
|faint|p1b: Incineroar
|
|-weather|Sandstorm|[upkeep]
|-damage|p2b: Pentious|93/100|[from] Sandstorm
|-damage|p1a: Sinistcha|93/100|[from] Sandstorm
|-damage|p2a: Decidueye|57/100|[from] Sandstorm
|-heal|p2b: Pentious|100/100|[from] item: Leftovers
|upkeep
|
|t:|1783561252
|switch|p1b: Meganium|Meganium, L50, M|100/100
|turn|3
|
|t:|1783561271
|detailschange|p1b: Meganium|Meganium-Mega, L50, M
|-mega|p1b: Meganium|Meganium|Meganiumite
|move|p2b: Pentious|Protect|p2b: Pentious
|-singleturn|p2b: Pentious|Protect
|move|p2a: Decidueye|Sucker Punch||[still]
|-fail|p2a: Decidueye
|move|p1b: Meganium|Dazzling Gleam|p2b: Pentious|[spread] p2a
|-activate|p2b: Pentious|move: Protect
|-supereffective|p2a: Decidueye|1
|-damage|p2a: Decidueye|0 fnt
|faint|p2a: Decidueye
|move|p1a: Sinistcha|Trick Room|p1a: Sinistcha
|-fieldstart|move: Trick Room|[of] p1a: Sinistcha
|
|-weather|Sandstorm|[upkeep]
|-damage|p1a: Sinistcha|87/100|[from] Sandstorm
|-damage|p2b: Pentious|93/100|[from] Sandstorm
|-damage|p1b: Meganium|94/100|[from] Sandstorm
|-heal|p2b: Pentious|100/100|[from] item: Leftovers
|upkeep
|
|t:|1783561288
|switch|p2a: Scatter|Talonflame, L50, F, shiny|100/100
|turn|4
|
|t:|1783561300
|switch|p1a: Tyranitar|Tyranitar, L50, M, shiny|100/100
|move|p2a: Scatter|Dual Wingbeat|p1a: Tyranitar
|-resisted|p1a: Tyranitar|1
|-damage|p1a: Tyranitar|90/100
|-resisted|p1a: Tyranitar|1
|-damage|p1a: Tyranitar|82/100
|-hitcount|p1a: Tyranitar|2
|move|p2b: Pentious|Icy Wind|p1a: Tyranitar|[spread] p1a,p1b
|-supereffective|p1b: Meganium|1
|-damage|p1a: Tyranitar|68/100
|-damage|p1b: Meganium|59/100
|-unboost|p1a: Tyranitar|spe|1
|-unboost|p1b: Meganium|spe|1
|move|p1b: Meganium|Leaf Storm|p2b: Pentious
|-supereffective|p2b: Pentious|1
|-damage|p2b: Pentious|0 fnt
|-unboost|p1b: Meganium|spa|2
|faint|p2b: Pentious
|
|-weather|Sandstorm|[upkeep]
|-damage|p1b: Meganium|54/100|[from] Sandstorm
|-damage|p2a: Scatter|93/100|[from] Sandstorm
|upkeep
|
|t:|1783561318
|switch|p2b: Malsumas|Beedrill, L50, F, shiny|100/100
|turn|5
|
|t:|1783561327
|move|p2b: Malsumas|Protect|p2b: Malsumas
|-singleturn|p2b: Malsumas|Protect
|move|p1b: Meganium|Dazzling Gleam|p2b: Malsumas|[spread] p2a
|-activate|p2b: Malsumas|move: Protect
|-resisted|p2a: Scatter|1
|-damage|p2a: Scatter|81/100
|move|p1a: Tyranitar|Rock Slide|p2a: Scatter|[spread] p2a
|-activate|p2b: Malsumas|move: Protect
|-supereffective|p2a: Scatter|2
|-damage|p2a: Scatter|0 fnt
|faint|p2a: Scatter
|
|-weather|none
|upkeep
|turn|6
|c|☆rainloverrrr|gg#
|c|☆viatles|gg wp
|
|t:|1783561349
|move|p1b: Meganium|Dazzling Gleam|p2b: Malsumas
|-resisted|p2b: Malsumas|1
|-damage|p2b: Malsumas|80/100
|move|p1a: Tyranitar|Rock Slide|p2b: Malsumas
|-supereffective|p2b: Malsumas|1
|-damage|p2b: Malsumas|0 fnt
|faint|p2b: Malsumas
|
|win|rainloverrrr
|raw|rainloverrrr's rating: 1057 → 1098(+41 for winning)
|raw|viatles's rating: 1163 → 1131(-32 for losing)
