|j|☆kosircapo
|j|☆aqoursfan1
|html|kosircapoaqoursfan1    
|uhtml|bestof|Game 1 of a best-of-3
|t:|1786063116
|gametype|doubles
|player|p1|kosircapo|170|1206
|player|p2|aqoursfan1|anabel-gen7|1362
|gen|9
|tier|[Gen 9 Champions] VGC 2026 Reg M-B (Bo3)
|rated|
|rule|Species Clause: Limit one of each Pokémon
|rule|Item Clause: Limit 1 of each item
|clearpoke
|poke|p1|Garchomp, L50, M, shiny|
|poke|p1|Sylveon, L50, F|
|poke|p1|Aerodactyl, L50, M|
|poke|p1|Metagross, L50|
|poke|p1|Charizard, L50, M|
|poke|p1|Incineroar, L50, M|
|poke|p2|Raichu, L50, F|
|poke|p2|Kingambit, L50, F|
|poke|p2|Sylveon, L50, M, shiny|
|poke|p2|Whimsicott, L50, F|
|poke|p2|Basculegion, L50, M|
|poke|p2|Charizard, L50, F, shiny|
|teampreview|4
|showteam|p1|Garchomp||LifeOrb|RoughSkin|Protect,RockSlide,Earthquake,DragonClaw|Jolly||M|||50|]Sylveon||FairyFeather|Pixilate|Detect,QuickAttack,HyperVoice,HyperBeam|Modest||F|||50|]Aerodactyl||FocusSash|Unnerve|Protect,RockSlide,Tailwind,DualWingbeat|Jolly||M|||50|]Metagross||Metagrossite|ClearBody|Protect,PsychicFangs,BulletPunch,BodyPress|Adamant|||||50|]Charizard||CharizarditeY|Blaze|Protect,HeatWave,SolarBeam,WeatherBall|Modest||M|||50|]Incineroar||SitrusBerry|Intimidate|PartingShot,FakeOut,DarkestLariat,FlareBlitz|Careful||M|||50|
|showteam|p2|Raichu||RaichuniteY|LightningRod|ZapCannon,FocusBlast,FakeOut,Protect|Timid||F|||50|]Kingambit||FocusSash|Defiant|KowtowCleave,SuckerPunch,IronHead,Protect|Adamant||F|||50|]Sylveon||FairyFeather|Pixilate|HyperVoice,HyperBeam,QuickAttack,Detect|Modest||M|||50|]Whimsicott||LifeOrb|Prankster|Moonblast,Encore,Tailwind,Protect|Timid||F|||50|]Basculegion||MysticWater|Adaptability|WaveCrash,LastRespects,AquaJet,Protect|Adamant||M|||50|]Charizard||CharizarditeY|SolarPower|HeatWave,WeatherBall,SolarBeam,Protect|Modest||F|||50|
|inactive|Battle timer is ON: inactive players will automatically lose when time's up. (requested by aqoursfan1)
|
|t:|1786063139
|teamsize|p1|4
|teamsize|p2|4
|start
|switch|p1a: Garchomp|Garchomp, L50, M, shiny|100/100
|switch|p1b: Charizard|Charizard, L50, M|100/100
|switch|p2a: Sylveon|Sylveon, L50, M, shiny|100/100
|switch|p2b: Whimsicott|Whimsicott, L50, F|100/100
|turn|1
|inactive|kosircapo has 30 seconds left.
|
|t:|1786063170
|detailschange|p1b: Charizard|Charizard-Mega-Y, L50, M
|-mega|p1b: Charizard|Charizard|Charizardite Y
|-weather|SunnyDay|[from] ability: Drought|[of] p1b: Charizard
|move|p2b: Whimsicott|Protect|p2b: Whimsicott
|-singleturn|p2b: Whimsicott|Protect
|move|p1a: Garchomp|Protect|p1a: Garchomp
|-singleturn|p1a: Garchomp|Protect
|move|p1b: Charizard|Heat Wave|p2a: Sylveon|[spread] p2a
|-activate|p2b: Whimsicott|move: Protect
|-damage|p2a: Sylveon|52/100
|-status|p2a: Sylveon|brn
|move|p2a: Sylveon|Hyper Voice|p1b: Charizard|[spread] p1b
|-activate|p1a: Garchomp|move: Protect
|-resisted|p1b: Charizard|1
|-damage|p1b: Charizard|79/100
|
|-weather|SunnyDay|[upkeep]
|-damage|p2a: Sylveon|46/100 brn|[from] brn
|upkeep
|turn|2
|inactive|aqoursfan1 has 30 seconds left.
|
|t:|1786063196
|switch|p1a: Sylveon|Sylveon, L50, F|100/100
|move|p2b: Whimsicott|Tailwind|p2b: Whimsicott
|-sidestart|p2: aqoursfan1|move: Tailwind
|move|p2a: Sylveon|Hyper Voice|p1b: Charizard|[spread] p1a,p1b
|-crit|p1a: Sylveon
|-resisted|p1b: Charizard|1
|-damage|p1a: Sylveon|41/100
|-damage|p1b: Charizard|57/100
|move|p1b: Charizard|Heat Wave|p2b: Whimsicott|[spread] p2a
|-miss|p1b: Charizard|p2b: Whimsicott
|-damage|p2a: Sylveon|0 fnt
|faint|p2a: Sylveon
|
|-weather|SunnyDay|[upkeep]
|upkeep
|
|t:|1786063209
|switch|p2a: Charizard|Charizard, L50, F, shiny|100/100
|turn|3
|
|t:|1786063222
|move|p2b: Whimsicott|Protect|p2b: Whimsicott
|-singleturn|p2b: Whimsicott|Protect
|move|p1b: Charizard|Protect|p1b: Charizard
|-singleturn|p1b: Charizard|Protect
|move|p1a: Sylveon|Detect|p1a: Sylveon
|-singleturn|p1a: Sylveon|Protect
|move|p2a: Charizard|Heat Wave|p1b: Charizard|[spread] 
|-activate|p1a: Sylveon|move: Protect
|-activate|p1b: Charizard|move: Protect
|
|-weather|SunnyDay|[upkeep]
|-damage|p2a: Charizard|87/100|[from] ability: Solar Power|[of] p2a: Charizard
|upkeep
|turn|4
|
|t:|1786063243
|move|p2b: Whimsicott|Encore|p1b: Charizard
|-start|p1b: Charizard|Encore
|move|p1b: Charizard|Protect|p1b: Charizard
|-singleturn|p1b: Charizard|Protect
|move|p2a: Charizard|Weather Ball|p1a: Sylveon
|-damage|p1a: Sylveon|0 fnt
|faint|p1a: Sylveon
|
|-weather|SunnyDay|[upkeep]
|-damage|p2a: Charizard|75/100|[from] ability: Solar Power|[of] p2a: Charizard
|upkeep
|
|t:|1786063255
|switch|p1a: Garchomp|Garchomp, L50, M, shiny|100/100
|turn|5
|
|t:|1786063262
|switch|p1b: Incineroar|Incineroar, L50, M|100/100
|-ability|p1b: Incineroar|Intimidate|boost
|-unboost|p2a: Charizard|atk|1
|-unboost|p2b: Whimsicott|atk|1
|move|p2b: Whimsicott|Moonblast|p1a: Garchomp
|-supereffective|p1a: Garchomp|1
|-damage|p1a: Garchomp|4/100
|-damage|p2b: Whimsicott|90/100|[from] item: Life Orb
|move|p2a: Charizard|Heat Wave|p1b: Incineroar|[spread] p1a,p1b
|-resisted|p1a: Garchomp|1
|-resisted|p1b: Incineroar|1
|-damage|p1a: Garchomp|0 fnt
|-damage|p1b: Incineroar|74/100
|faint|p1a: Garchomp
|
|-weather|none
|-sideend|p2: aqoursfan1|move: Tailwind
|upkeep
|
|t:|1786063276
|switch|p1a: Charizard|Charizard-Mega-Y, L50, M|57/100
|-weather|SunnyDay|[from] ability: Drought|[of] p1a: Charizard
|turn|6
|
|t:|1786063282
|move|p2b: Whimsicott|Protect|p2b: Whimsicott
|-singleturn|p2b: Whimsicott|Protect
|move|p1b: Incineroar|Fake Out|p2a: Charizard
|-damage|p2a: Charizard|64/100
|move|p1a: Charizard|Heat Wave|p2a: Charizard|[spread] p2a
|-activate|p2b: Whimsicott|move: Protect
|-resisted|p2a: Charizard|1
|-damage|p2a: Charizard|33/100
|cant|p2a: Charizard|flinch
|
|-weather|SunnyDay|[upkeep]
|-damage|p2a: Charizard|21/100|[from] ability: Solar Power|[of] p2a: Charizard
|upkeep
|turn|7
|
|t:|1786063302
|move|p2b: Whimsicott|Tailwind|p2b: Whimsicott
|-sidestart|p2: aqoursfan1|move: Tailwind
|move|p2a: Charizard|Weather Ball|p1a: Charizard
|-resisted|p1a: Charizard|1
|-damage|p1a: Charizard|12/100
|move|p1a: Charizard|Heat Wave|p2b: Whimsicott|[spread] p2b
|-miss|p1a: Charizard|p2a: Charizard
|-supereffective|p2b: Whimsicott|1
|-damage|p2b: Whimsicott|0 fnt
|faint|p2b: Whimsicott
|move|p1b: Incineroar|Flare Blitz|p2a: Charizard
|-resisted|p2a: Charizard|1
|-damage|p2a: Charizard|0 fnt
|faint|p2a: Charizard
|-damage|p1b: Incineroar|68/100|[from] Recoil
|
|-weather|SunnyDay|[upkeep]
|upkeep
|
|t:|1786063305
|switch|p2b: Basculegion|Basculegion, L50, M|100/100
|turn|8
|
|t:|1786063326
|move|p2b: Basculegion|Protect|p2b: Basculegion
|-singleturn|p2b: Basculegion|Protect
|move|p1a: Charizard|Protect|p1a: Charizard
|-singleturn|p1a: Charizard|Protect
|move|p1b: Incineroar|Darkest Lariat|p2b: Basculegion
|-activate|p2b: Basculegion|move: Protect
|
|-weather|SunnyDay|[upkeep]
|upkeep
|turn|9
|
|t:|1786063338
|move|p1a: Charizard|Protect|p1a: Charizard
|-singleturn|p1a: Charizard|Protect
|move|p2b: Basculegion|Aqua Jet|p1a: Charizard
|-activate|p1a: Charizard|move: Protect
|move|p1b: Incineroar|Darkest Lariat|p2b: Basculegion
|-supereffective|p2b: Basculegion|1
|-crit|p2b: Basculegion
|-damage|p2b: Basculegion|0 fnt
|faint|p2b: Basculegion
|
|win|kosircapo
