|j|☆Nosejugarbalance
|j|☆Caloteiros VGC
|html|NosejugarbalanceCaloteiros VGC    
|uhtml|bestof|Game 1 of a best-of-3
|t:|1785817780
|gametype|doubles
|player|p1|Nosejugarbalance|101|1211
|player|p2|Caloteiros VGC|morty|1182
|gen|9
|tier|[Gen 9 Champions] VGC 2026 Reg M-B (Bo3)
|rated|
|rule|Species Clause: Limit one of each Pokémon
|rule|Item Clause: Limit 1 of each item
|clearpoke
|poke|p1|Gardevoir, L50, M, shiny|
|poke|p1|Basculegion, L50, M|
|poke|p1|Talonflame, L50, F|
|poke|p1|Maushold, L50|
|poke|p1|Kingambit, L50, M|
|poke|p1|Garchomp, L50, F|
|poke|p2|Raichu, L50, F|
|poke|p2|Sinistcha, L50|
|poke|p2|Incineroar, L50, F|
|poke|p2|Sylveon, L50, F|
|poke|p2|Hydreigon, L50, M|
|poke|p2|Metagross, L50|
|teampreview|4
|showteam|p1|Gardevoir||Gardevoirite|Trace|HyperVoice,Psychic,Protect,Thunderbolt|Modest||M|||50|]Basculegion||ChoiceScarf|Adaptability|WaveCrash,LastRespects,FlipTurn,AquaJet|Jolly||M|||50|]Talonflame||SharpBeak|GaleWings|DualWingbeat,FlareBlitz,Tailwind,Protect|Jolly||F|||50|]Maushold||FocusSash|FriendGuard|SuperFang,Feint,FollowMe,Protect|Jolly|||||50|]Kingambit||ExpertBelt|Defiant|KowtowCleave,SuckerPunch,IronHead,LowKick|Jolly||M|||50|]Garchomp||LifeOrb|RoughSkin|Earthquake,RockSlide,Protect,DragonClaw|Adamant||F|||50|
|showteam|p2|Raichu||RaichuniteY|LightningRod|ZapCannon,FocusBlast,FakeOut,Protect|Timid||F|||50|]Sinistcha||SitrusBerry|Hospitality|MatchaGotcha,RagePowder,TrickRoom,Protect|Bold|||||50|]Incineroar||ShucaBerry|Intimidate|FlareBlitz,DarkestLariat,PartingShot,FakeOut|Careful||F|||50|]Sylveon||FairyFeather|Pixilate|HyperVoice,Moonblast,CalmMind,Protect|Modest||F|||50|]Hydreigon||ChoiceScarf|Levitate|DracoMeteor,DarkPulse,EarthPower,Snarl|Modest||M|||50|]Metagross||Metagrossite|ClearBody|HardPress,BodyPress,PsychicFangs,Protect|Adamant|||||50|
|inactive|Battle timer is ON: inactive players will automatically lose when time's up. (requested by Caloteiros VGC)
|inactive|Nosejugarbalance has 60 seconds left.
|inactive|Caloteiros VGC has 60 seconds left.
|inactive|Nosejugarbalance has 30 seconds left.
|
|t:|1785817843
|teamsize|p1|4
|teamsize|p2|4
|start
|switch|p1a: Garchomp|Garchomp, L50, F|100/100
|switch|p1b: Talonflame|Talonflame, L50, F|100/100
|switch|p2a: Sylveon|Sylveon, L50, F|100/100
|switch|p2b: Raichu|Raichu, L50, F|100/100
|turn|1
|
|t:|1785817858
|switch|p2b: Incineroar|Incineroar, L50, F|100/100
|-ability|p2b: Incineroar|Intimidate|boost
|-unboost|p1a: Garchomp|atk|1
|-unboost|p1b: Talonflame|atk|1
|move|p1b: Talonflame|Protect|p1b: Talonflame
|-singleturn|p1b: Talonflame|Protect
|move|p1a: Garchomp|Protect|p1a: Garchomp
|-singleturn|p1a: Garchomp|Protect
|move|p2a: Sylveon|Calm Mind|p2a: Sylveon
|-boost|p2a: Sylveon|spa|1
|-boost|p2a: Sylveon|spd|1
|
|upkeep
|turn|2
|
|t:|1785817877
|move|p2b: Incineroar|Fake Out|p1b: Talonflame
|-damage|p1b: Talonflame|83/100
|cant|p1b: Talonflame|flinch
|move|p1a: Garchomp|Earthquake|p2a: Sylveon|[spread] p2a,p2b
|-immune|p1b: Talonflame
|-supereffective|p2b: Incineroar|1
|-enditem|p2b: Incineroar|Shuca Berry|[eat]
|-enditem|p2b: Incineroar|Shuca Berry|[weaken]
|-damage|p2a: Sylveon|51/100
|-damage|p2b: Incineroar|65/100
|-damage|p1a: Garchomp|90/100|[from] item: Life Orb
|move|p2a: Sylveon|Hyper Voice|p1b: Talonflame|[spread] p1a,p1b
|-supereffective|p1a: Garchomp|1
|-resisted|p1b: Talonflame|1
|-damage|p1a: Garchomp|0 fnt
|-damage|p1b: Talonflame|32/100
|faint|p1a: Garchomp
|
|upkeep
|
|t:|1785817889
|switch|p1a: Gardevoir|Gardevoir, L50, M, shiny|100/100
|-ability|p1a: Gardevoir|Intimidate|Trace|[from] ability: Trace|[of] p2b: Incineroar
|-ability|p1a: Gardevoir|Intimidate|boost
|-unboost|p2a: Sylveon|atk|1
|-unboost|p2b: Incineroar|atk|1
|turn|3
|inactive|Caloteiros VGC has 30 seconds left.
|
|t:|1785817923
|switch|p2b: Sinistcha|Sinistcha, L50|100/100
|-heal|p2a: Sylveon|76/100|[from] ability: Hospitality|[of] p2b: Sinistcha
|detailschange|p1a: Gardevoir|Gardevoir-Mega, L50, M, shiny
|-mega|p1a: Gardevoir|Gardevoir|Gardevoirite
|move|p1b: Talonflame|Flare Blitz|p2a: Sylveon
|-damage|p2a: Sylveon|39/100
|-damage|p1b: Talonflame|16/100|[from] Recoil
|move|p1a: Gardevoir|Hyper Voice|p2a: Sylveon|[spread] p2a,p2b
|-damage|p2a: Sylveon|10/100
|-damage|p2b: Sinistcha|48/100
|-enditem|p2b: Sinistcha|Sitrus Berry|[eat]
|-heal|p2b: Sinistcha|73/100|[from] item: Sitrus Berry
|move|p2a: Sylveon|Hyper Voice|p1b: Talonflame|[spread] p1a,p1b
|-resisted|p1b: Talonflame|1
|-damage|p1a: Gardevoir|31/100
|-damage|p1b: Talonflame|0 fnt
|faint|p1b: Talonflame
|
|upkeep
|
|t:|1785817933
|switch|p1b: Maushold|Maushold, L50|100/100
|turn|4
|inactive|Caloteiros VGC has 30 seconds left.
|
|t:|1785817965
|move|p2b: Sinistcha|Protect|p2b: Sinistcha
|-singleturn|p2b: Sinistcha|Protect
|move|p1b: Maushold|Feint|p2a: Sylveon
|-damage|p2a: Sylveon|0 fnt
|faint|p2a: Sylveon
|move|p1a: Gardevoir|Hyper Voice|p2b: Sinistcha
|-activate|p2b: Sinistcha|move: Protect
|
|upkeep
|
|t:|1785817974
|switch|p2a: Raichu|Raichu, L50, F|100/100
|turn|5
|
|t:|1785817997
|detailschange|p2a: Raichu|Raichu-Mega-Y, L50, F
|-mega|p2a: Raichu|Raichu|Raichunite Y
|move|p1a: Gardevoir|Protect|p1a: Gardevoir
|-singleturn|p1a: Gardevoir|Protect
|move|p2a: Raichu|Fake Out|p1b: Maushold
|-damage|p1b: Maushold|87/100
|cant|p1b: Maushold|flinch
|move|p2b: Sinistcha|Trick Room|p2b: Sinistcha
|-fieldstart|move: Trick Room|[of] p2b: Sinistcha
|
|upkeep
|turn|6
|
|t:|1785818016
|move|p1b: Maushold|Feint|p2a: Raichu
|-damage|p2a: Raichu|88/100
|move|p2b: Sinistcha|Matcha Gotcha|p1a: Gardevoir|[spread] p1b
|-miss|p2b: Sinistcha|p1a: Gardevoir
|-damage|p1b: Maushold|57/100
|-heal|p2b: Sinistcha|88/100|[from] drain|[of] p1b: Maushold
|move|p1a: Gardevoir|Hyper Voice|p2b: Sinistcha|[spread] p2a,p2b
|-damage|p2a: Raichu|18/100
|-damage|p2b: Sinistcha|39/100
|move|p2a: Raichu|Focus Blast|p1b: Maushold
|-supereffective|p1b: Maushold|1
|-damage|p1b: Maushold|0 fnt
|faint|p1b: Maushold
|
|upkeep
|turn|7
|-message|Nosejugarbalance forfeited.
|
|win|Caloteiros VGC
|l|☆Nosejugarbalance
|player|p1|
||Nosejugarbalance is ready for game 2.
|inactive|Caloteiros VGC has 30 seconds to confirm battle start!
||Caloteiros VGC is ready for game 2.
|uhtml|next|Next: Game 2 of 3
