|j|☆C.blaze
|j|☆catnip enthusiast
|html|C.blazecatnip enthusiast    
|uhtml|bestof|Game 1 of a best-of-3
|t:|1757195421
|gametype|doubles
|player|p1|C.blaze|266|1219
|player|p2|catnip enthusiast|bianca|1343
|gen|9
|tier|[Gen 9] VGC 2025 Reg H (Bo3)
|rated|
|rule|Species Clause: Limit one of each Pokémon
|rule|Item Clause: Limit 1 of each item
|clearpoke
|poke|p1|Sneasler, L50, F|
|poke|p1|Gholdengo, L50|
|poke|p1|Dragonite, L50, F|
|poke|p1|Volcarona, L50, M|
|poke|p1|Porygon2, L50|
|poke|p1|Ursaluna, L50, M|
|poke|p2|Delphox, L50, M|
|poke|p2|Sneasler, L50, F|
|poke|p2|Excadrill, L50, F|
|poke|p2|Tyranitar, L50, M|
|poke|p2|Indeedee-F, L50, F|
|poke|p2|Murkrow, L50, F|
|teampreview|4
|showteam|p1|Sneasler||FocusSash|Unburden|DireClaw,CloseCombat,Protect,FakeOut|||F|||50|,,,,,Stellar]Gholdengo||LifeOrb|GoodasGold|MakeItRain,ShadowBall,Protect,NastyPlot||||||50|,,,,,Water]Dragonite||LoadedDice|InnerFocus|ScaleShot,Haze,Protect,Tailwind|||F|||50|,,,,,Steel]Volcarona||CovertCloak|FlameBody|HeatWave,StruggleBug,GigaDrain,QuiverDance|||M|||50|,,,,,Grass]Porygon2||Eviolite|Download|TeraBlast,IceBeam,Recover,TrickRoom||||||50|,,,,,Fighting]Ursaluna||FlameOrb|Guts|Facade,HeadlongRush,Protect,Earthquake|||M|||50|,,,,,Ghost
|showteam|p2|Delphox||ChoiceSpecs|Blaze|ExpandingForce,Overheat,TeraBlast,Flamethrower|||M|||50|,,,,,Fighting]Sneasler||PsychicSeed|Unburden|CloseCombat,DireClaw,ThroatChop,Protect|||F|||50|,,,,,Stellar]Excadrill||FocusSash|SandRush|HighHorsepower,IronHead,SwordsDance,Protect|||F|||50|,,,,,Ground]Tyranitar||AssaultVest|SandStream|RockSlide,KnockOff,LowKick,TeraBlast|||M|||50|,,,,,Flying]Indeedee-F||SitrusBerry|PsychicSurge|HelpingHand,TrickRoom,FollowMe,Psychic|||F|||50|,,,,,Fairy]Murkrow||CovertCloak|Prankster|Tailwind,Taunt,FoulPlay,Haze|||F|||50|,,,,,Ground
|
|t:|1757195466
|teamsize|p1|4
|teamsize|p2|4
|start
|switch|p1a: Sneasler|Sneasler, L50, F|100/100
|switch|p1b: Porygon2|Porygon2, L50|100/100
|switch|p2a: Murkrow|Murkrow, L50, F|100/100
|switch|p2b: New Magic Wand|Delphox, L50, M, shiny|100/100
|-ability|p1b: Porygon2|Download|boost
|-boost|p1b: Porygon2|atk|1
|turn|1
|
|t:|1757195492
|switch|p2b: Tattoo Artist|Excadrill, L50, F|100/100
|switch|p1b: Gholdengo|Gholdengo, L50|100/100
|move|p2a: Murkrow|Taunt|p1b: Gholdengo
|-immune|p1b: Gholdengo|[from] ability: Good as Gold
|move|p1a: Sneasler|Dire Claw|p2b: Tattoo Artist
|-immune|p2b: Tattoo Artist
|
|upkeep
|turn|2
|
|t:|1757195519
|move|p1b: Gholdengo|Protect|p1b: Gholdengo
|-singleturn|p1b: Gholdengo|Protect
|move|p2a: Murkrow|Tailwind|p2a: Murkrow
|-sidestart|p2: catnip enthusiast|move: Tailwind
|move|p2b: Tattoo Artist|Iron Head|p1a: Sneasler
|-crit|p1a: Sneasler
|-enditem|p1a: Sneasler|Focus Sash
|-damage|p1a: Sneasler|1/100
|move|p1a: Sneasler|Close Combat|p2b: Tattoo Artist
|-supereffective|p2b: Tattoo Artist
|-enditem|p2b: Tattoo Artist|Focus Sash
|-damage|p2b: Tattoo Artist|1/100
|-unboost|p1a: Sneasler|def|1
|-unboost|p1a: Sneasler|spd|1
|
|upkeep
|turn|3
|
|t:|1757195542
|switch|p2a: Lars|Tyranitar, L50, M|100/100
|-weather|Sandstorm|[from] ability: Sand Stream|[of] p2a: Lars
|switch|p1b: Porygon2|Porygon2, L50|100/100
|-ability|p1b: Porygon2|Download|boost
|-boost|p1b: Porygon2|spa|1
|move|p2b: Tattoo Artist|High Horsepower|p1b: Porygon2
|-damage|p1b: Porygon2|68/100
|move|p1a: Sneasler|Close Combat|p2b: Tattoo Artist
|-supereffective|p2b: Tattoo Artist
|-damage|p2b: Tattoo Artist|0 fnt
|-unboost|p1a: Sneasler|def|1
|-unboost|p1a: Sneasler|spd|1
|faint|p2b: Tattoo Artist
|
|-weather|Sandstorm|[upkeep]
|-damage|p1a: Sneasler|0 fnt|[from] Sandstorm
|-damage|p1b: Porygon2|61/100|[from] Sandstorm
|faint|p1a: Sneasler
|upkeep
|
|t:|1757195557
|switch|p1a: Ursaluna|Ursaluna, L50, M|100/100
|switch|p2b: New Magic Wand|Delphox, L50, M, shiny|100/100
|turn|4
|
|t:|1757195589
|-terastallize|p2b: New Magic Wand|Fighting
|-terastallize|p1a: Ursaluna|Ghost
|move|p2b: New Magic Wand|Tera Blast|p1b: Porygon2|[anim] Tera Blast Fighting
|-supereffective|p1b: Porygon2
|-damage|p1b: Porygon2|0 fnt
|faint|p1b: Porygon2
|move|p2a: Lars|Knock Off|p1a: Ursaluna
|-supereffective|p1a: Ursaluna
|-damage|p1a: Ursaluna|14/100
|-enditem|p1a: Ursaluna|Flame Orb|[from] move: Knock Off|[of] p2a: Lars
|move|p1a: Ursaluna|Headlong Rush|p2a: Lars
|-supereffective|p2a: Lars
|-damage|p2a: Lars|0 fnt
|-unboost|p1a: Ursaluna|def|1
|-unboost|p1a: Ursaluna|spd|1
|faint|p2a: Lars
|
|-weather|Sandstorm|[upkeep]
|-damage|p2b: New Magic Wand|94/100|[from] Sandstorm
|-damage|p1a: Ursaluna|9/100|[from] Sandstorm
|upkeep
|
|t:|1757195603
|switch|p2a: Murkrow|Murkrow, L50, F|100/100
|switch|p1b: Gholdengo|Gholdengo, L50|100/100
|turn|5
|
|t:|1757195616
|move|p2b: New Magic Wand|Tera Blast|p1b: Gholdengo|[anim] Tera Blast Fighting
|-immune|p1b: Gholdengo
|move|p2a: Murkrow|Foul Play|p1b: Gholdengo
|-supereffective|p1b: Gholdengo
|-crit|p1b: Gholdengo
|-damage|p1b: Gholdengo|51/100
|move|p1b: Gholdengo|Make It Rain|p2a: Murkrow|[spread] p2a,p2b
|-damage|p2a: Murkrow|23/100
|-damage|p2b: New Magic Wand|16/100
|-unboost|p1b: Gholdengo|spa|1
|-damage|p1b: Gholdengo|41/100|[from] item: Life Orb
|move|p1a: Ursaluna|Facade|p2a: Murkrow
|-damage|p2a: Murkrow|0 fnt
|faint|p2a: Murkrow
|
|-weather|Sandstorm|[upkeep]
|-damage|p2b: New Magic Wand|10/100|[from] Sandstorm
|-damage|p1a: Ursaluna|3/100|[from] Sandstorm
|-sideend|p2: catnip enthusiast|move: Tailwind
|upkeep
|turn|6
|-message|catnip enthusiast forfeited.
|
|win|C.blaze
|l|☆catnip enthusiast
|player|p2|
||catnip enthusiast is ready for game 2.
||C.blaze is ready for game 2.
|uhtml|next|Next: Game 2 of 3
|j|☆catnip enthusiast
|player|p2|catnip enthusiast|bianca|
|l|☆C.blaze
|player|p1|
