|j|☆LNBeezy
|j|☆llufamistica
|html|LNBeezyllufamistica    
|uhtml|bestof|Game 2 of a best-of-3
|t:|1757179212
|gametype|doubles
|player|p1|LNBeezy|ethan|1160
|player|p2|llufamistica|169|1045
|gen|9
|tier|[Gen 9] VGC 2025 Reg H (Bo3)
|rated|
|rule|Species Clause: Limit one of each Pokémon
|rule|Item Clause: Limit 1 of each item
|clearpoke
|poke|p1|Rillaboom, L50, M|
|poke|p1|Dragonite, L50, M|
|poke|p1|Sneasler, L50, M|
|poke|p1|Kingambit, L50, M|
|poke|p1|Electabuzz, L50, M|
|poke|p1|Volcarona, L50, M|
|poke|p2|Murkrow, L50, F|
|poke|p2|Garchomp, L50, M|
|poke|p2|Toxtricity, L50, M|
|poke|p2|Zoroark-Hisui, L50, M|
|poke|p2|Indeedee-F, L50, F|
|poke|p2|Annihilape, L50, F|
|teampreview|4
|showteam|p1|Rillaboom||AssaultVest|GrassySurge|FakeOut,GrassyGlide,WoodHammer,HighHorsepower|||M|||50|,,,,,Fire]Dragonite||LoadedDice|Multiscale|ExtremeSpeed,ScaleShot,Haze,Protect|||M|||50|,,,,,Steel]Sneasler||FocusSash|Unburden|FakeOut,DireClaw,CloseCombat,Coaching|||M|||50|,,,,,Stellar]Kingambit||BlackGlasses|Defiant|SuckerPunch,KowtowCleave,SwordsDance,Protect|||M|||50|,,,,,Dark]Electabuzz||Eviolite|VitalSpirit|Electroweb,Taunt,FollowMe,Protect|||M|||50|,,,,,Ghost]Volcarona||Leftovers|FlameBody|HeatWave,TeraBlast,QuiverDance,Protect|||M|||50|,,,,,Fairy
|showteam|p2|Murkrow||Eviolite|Prankster|BraveBird,Tailwind,Quash,Haze|||F|||50|,,,,,Ghost]Garchomp||LifeOrb|RoughSkin|Earthquake,IronHead,RockSlide,Protect|||M|||50|,,,,,Steel]Toxtricity||ChoiceSpecs|PunkRock|Boomburst,Overdrive,VoltSwitch,SludgeBomb|||M|||50|,,,,,Normal]Zoroark-Hisui||FocusSash|Illusion|ShadowBall,Protect,HyperVoice,NastyPlot|||M|||50|,,,,,Stellar]Indeedee-F||SafetyGoggles|Synchronize|FollowMe,HelpingHand,FakeOut,DazzlingGleam|||F|||50|,,,,,Fairy]Annihilape||ChoiceScarf|Defiant|FinalGambit,HelpingHand,ShadowClaw,CloseCombat|||F|||50|,,,,,Grass
|inactive|Battle timer is ON: inactive players will automatically lose when time's up. (requested by llufamistica)
|inactive|LNBeezy also wants the timer to be on.
|inactive|llufamistica has 60 seconds left.
|
|t:|1757179248
|teamsize|p1|4
|teamsize|p2|4
|start
|switch|p1a: Electabuzz|Electabuzz, L50, M|100/100
|switch|p1b: Volcarona|Volcarona, L50, M|100/100
|switch|p2a: Garchomp|Garchomp, L50, M, shiny|100/100
|switch|p2b: Annihilape|Annihilape, L50, F, shiny|100/100
|turn|1
|inactive|LNBeezy has 30 seconds left.
|
|t:|1757179277
|-terastallize|p1a: Electabuzz|Ghost
|move|p1b: Volcarona|Protect|p1b: Volcarona
|-singleturn|p1b: Volcarona|Protect
|move|p1a: Electabuzz|Follow Me|p1a: Electabuzz
|-singleturn|p1a: Electabuzz|move: Follow Me
|move|p2b: Annihilape|Shadow Claw|p1a: Electabuzz
|-supereffective|p1a: Electabuzz
|-damage|p1a: Electabuzz|58/100
|move|p2a: Garchomp|Earthquake|p1a: Electabuzz|[spread] p2b,p1a
|-activate|p1b: Volcarona|move: Protect
|-damage|p2b: Annihilape|41/100
|-damage|p1a: Electabuzz|16/100
|-damage|p2a: Garchomp|91/100|[from] item: Life Orb
|
|upkeep
|turn|2
|inactive|LNBeezy has 30 seconds left.
|inactive|LNBeezy has 20 seconds left.
|inactive|LNBeezy has 15 seconds left.
|
|t:|1757179321
|switch|p1a: Rillaboom|Rillaboom, L50, M, shiny|100/100
|-fieldstart|move: Grassy Terrain|[from] ability: Grassy Surge|[of] p1a: Rillaboom
|move|p1b: Volcarona|Protect||[still]
|-fail|p1b: Volcarona
|move|p2b: Annihilape|Shadow Claw|p1b: Volcarona
|-damage|p1b: Volcarona|72/100
|move|p2a: Garchomp|Rock Slide|p1b: Volcarona|[spread] p1a,p1b
|-supereffective|p1b: Volcarona
|-damage|p1a: Rillaboom|76/100
|-damage|p1b: Volcarona|0 fnt
|faint|p1b: Volcarona
|-damage|p2a: Garchomp|81/100|[from] item: Life Orb
|
|-heal|p2b: Annihilape|47/100|[from] Grassy Terrain
|-heal|p2a: Garchomp|87/100|[from] Grassy Terrain
|-heal|p1a: Rillaboom|82/100|[from] Grassy Terrain
|upkeep
|
|t:|1757179336
|switch|p1b: Electabuzz|Electabuzz, L50, M, tera:Ghost|16/100
|turn|3
|
|t:|1757179357
|move|p2a: Garchomp|Protect|p2a: Garchomp
|-singleturn|p2a: Garchomp|Protect
|move|p1b: Electabuzz|Protect|p1b: Electabuzz
|-singleturn|p1b: Electabuzz|Protect
|move|p2b: Annihilape|Shadow Claw|p1b: Electabuzz
|-activate|p1b: Electabuzz|move: Protect
|move|p1a: Rillaboom|Wood Hammer|p2b: Annihilape
|-damage|p2b: Annihilape|0 fnt
|faint|p2b: Annihilape
|-damage|p1a: Rillaboom|66/100|[from] Recoil
|
|-heal|p2a: Garchomp|93/100|[from] Grassy Terrain
|-heal|p1b: Electabuzz|22/100|[from] Grassy Terrain
|-heal|p1a: Rillaboom|71/100|[from] Grassy Terrain
|upkeep
|inactive|llufamistica has 30 seconds left.
|inactive|llufamistica has 20 seconds left.
|inactive|llufamistica has 15 seconds left.
|
|t:|1757179400
|switch|p2b: Murkrow|Murkrow, L50, F, shiny|100/100
|turn|4
|inactive|LNBeezy has 30 seconds left.
|
|t:|1757179430
|move|p2a: Garchomp|Iron Head|p1b: Electabuzz
|-damage|p1b: Electabuzz|0 fnt
|faint|p1b: Electabuzz
|-damage|p2a: Garchomp|83/100|[from] item: Life Orb
|move|p1a: Rillaboom|Wood Hammer|p2a: Garchomp
|-damage|p2a: Garchomp|8/100
|-damage|p1a: Rillaboom|59/100|[from] ability: Rough Skin|[of] p2a: Garchomp
|-damage|p1a: Rillaboom|37/100|[from] Recoil
|move|p2b: Murkrow|Brave Bird|p1a: Rillaboom
|-supereffective|p1a: Rillaboom
|-damage|p1a: Rillaboom|0 fnt
|faint|p1a: Rillaboom
|-damage|p2b: Murkrow|86/100|[from] Recoil
|
|-heal|p2a: Garchomp|14/100|[from] Grassy Terrain
|upkeep
|
|t:|1757179444
|switch|p1b: Kingambit|Kingambit, L50, M|100/100
|turn|5
|
|t:|1757179457
|switch|p2b: Indeedee|Indeedee-F, L50, F|100/100
|move|p2a: Garchomp|Protect|p2a: Garchomp
|-singleturn|p2a: Garchomp|Protect
|move|p1b: Kingambit|Sucker Punch||[still]
|-fail|p1b: Kingambit
|
|-heal|p2a: Garchomp|20/100|[from] Grassy Terrain
|upkeep
|turn|6
|inactive|llufamistica has 30 seconds left.
|
|t:|1757179486
|switch|p2a: Murkrow|Murkrow, L50, F, shiny|86/100
|move|p1b: Kingambit|Protect|p1b: Kingambit
|-singleturn|p1b: Kingambit|Protect
|move|p2b: Indeedee|Fake Out|p1b: Kingambit
|-activate|p1b: Kingambit|move: Protect
|
|-fieldend|move: Grassy Terrain
|upkeep
|turn|7
|inactive|llufamistica has 30 seconds left.
|inactive|llufamistica has 20 seconds left.
|inactive|llufamistica has 15 seconds left.
|
|t:|1757179528
|-terastallize|p2b: Indeedee|Fairy
|move|p2b: Indeedee|Dazzling Gleam|p1b: Kingambit
|-damage|p1b: Kingambit|74/100
|move|p2a: Murkrow|Brave Bird|p1b: Kingambit
|-resisted|p1b: Kingambit
|-damage|p1b: Kingambit|61/100
|-damage|p2a: Murkrow|80/100|[from] Recoil
|move|p1b: Kingambit|Swords Dance|p1b: Kingambit
|-boost|p1b: Kingambit|atk|2
|
|upkeep
|turn|8
|inactive|LNBeezy has 30 seconds left.
|inactive|llufamistica has 30 seconds left.
|
|t:|1757179555
|move|p2a: Murkrow|Haze|p2a: Murkrow
|-clearallboost
|move|p2b: Indeedee|Dazzling Gleam|p1b: Kingambit
|-damage|p1b: Kingambit|34/100
|move|p1b: Kingambit|Kowtow Cleave|p2b: Indeedee
|-resisted|p2b: Indeedee
|-damage|p2b: Indeedee|72/100
|
|upkeep
|turn|9
|
|t:|1757179566
|move|p2b: Indeedee|Dazzling Gleam|p1b: Kingambit
|-damage|p1b: Kingambit|8/100
|move|p2a: Murkrow|Brave Bird|p1b: Kingambit
|-resisted|p1b: Kingambit
|-damage|p1b: Kingambit|0 fnt
|faint|p1b: Kingambit
|-damage|p2a: Murkrow|77/100|[from] Recoil
|
|win|llufamistica
||LNBeezy is ready for game 3.
|inactive|llufamistica has 30 seconds to confirm battle start!
||llufamistica is ready for game 3.
|uhtml|next|Next: Game 3 of 3
