|j|‽Jdjdjdjfjdjfjf
|j|☆ToastedArt
|html|JdjdjdjfjdjfjfToastedArt    
|uhtml|bestof|Game 1 of a best-of-3
|t:|1784388995
|gametype|doubles
|player|p1|Jdjdjdjfjdjfjf|2|1000
|player|p2|ToastedArt|iris|1031
|gen|9
|tier|[Gen 9 Champions] VGC 2026 Reg M-B (Bo3)
|rated|
|rule|Species Clause: Limit one of each Pokémon
|rule|Item Clause: Limit 1 of each item
|clearpoke
|poke|p1|Pelipper, L50, M|
|poke|p1|Swampert, L50, F|
|poke|p1|Sylveon, L50, F|
|poke|p1|Goodra-Hisui, L50, M|
|poke|p1|Sinistcha-Masterpiece, L50|
|poke|p1|Floette-Eternal, L50, F|
|poke|p2|Sinistcha, L50, shiny|
|poke|p2|Hydreigon, L50, F, shiny|
|poke|p2|Sneasler, L50, F|
|poke|p2|Talonflame, L50, M, shiny|
|poke|p2|Gholdengo, L50|
|poke|p2|Falinks, L50, shiny|
|teampreview|4
|showteam|p1|Pelipper||FocusSash|Drizzle|Tailwind,Hurricane,WeatherBall,WideGuard|Modest||M|||50|]Swampert||Swampertite|Damp|RockSlide,WaveCrash,Earthquake,Protect|Adamant||F|||50|]Sylveon||FairyFeather|Pixilate|Protect,Psyshock,HyperVoice,HyperBeam|Bold||F|||50|]Goodra-Hisui||LifeOrb|ShellArmor|BodyPress,DragonPulse,FlashCannon,Shelter|Bold||M|||50|]Sinistcha-Masterpiece||Leftovers|Hospitality|MatchaGotcha,LifeDew,TrickRoom,RagePowder|Sassy|||||50|]Floette-Eternal||Floettite|FlowerVeil|DazzlingGleam,LightofRuin,Protect,CalmMind|Timid||F|||50|
|showteam|p2|Sinistcha||OccaBerry|Hospitality|MatchaGotcha,LifeDew,NastyPlot,RagePowder|Bold|||||50|]Hydreigon||LifeOrb|Levitate|Snarl,DarkPulse,EarthPower,DracoMeteor|Modest||F|||50|]Sneasler||FocusSash|PoisonTouch|FakeOut,PoisonJab,CloseCombat,QuickGuard|Jolly||F|||50|]Talonflame||SharpBeak|GaleWings|Tailwind,FlareBlitz,BraveBird,QuickGuard|Jolly||M|||50|]Gholdengo||SpellTag|GoodasGold|ShadowBall,MakeItRain,NastyPlot,Protect|Timid|||||50|]Falinks||Falinksite|Defiant|NoRetreat,SwordsDance,CloseCombat,Protect|Adamant|||||50|
|inactive|Battle timer is ON: inactive players will automatically lose when time's up. (requested by ToastedArt)
|inactive|Jdjdjdjfjdjfjf has 60 seconds left.
|inactive|ToastedArt has 60 seconds left.
|
|t:|1784389037
|teamsize|p1|4
|teamsize|p2|4
|start
|switch|p1a: Pelipper|Pelipper, L50, M|100/100
|switch|p1b: Swampert|Swampert, L50, F|100/100
|switch|p2a: Sneasler|Sneasler, L50, F|100/100
|switch|p2b: Gholdengo|Gholdengo, L50|100/100
|-weather|RainDance|[from] ability: Drizzle|[of] p1a: Pelipper
|turn|1
|
|t:|1784389062
|switch|p2b: Sinistcha|Sinistcha, L50, shiny|100/100
|detailschange|p1b: Swampert|Swampert-Mega, L50, F
|-mega|p1b: Swampert|Swampert|Swampertite
|move|p2a: Sneasler|Fake Out|p1a: Pelipper
|-damage|p1a: Pelipper|85/100
|move|p1b: Swampert|Earthquake|p2b: Sinistcha|[spread] p2a,p2b
|-immune|p1a: Pelipper
|-supereffective|p2a: Sneasler|1
|-resisted|p2b: Sinistcha|1
|-enditem|p2a: Sneasler|Focus Sash
|-damage|p2a: Sneasler|1/100
|-damage|p2b: Sinistcha|79/100
|cant|p1a: Pelipper|flinch
|
|-weather|RainDance|[upkeep]
|upkeep
|turn|2
|
|t:|1784389087
|move|p1a: Pelipper|Wide Guard|p1a: Pelipper
|-singleturn|p1a: Pelipper|Wide Guard
|move|p2a: Sneasler|Poison Jab|p1a: Pelipper
|-damage|p1a: Pelipper|40/100
|-status|p1a: Pelipper|psn|[from] ability: Poison Touch|[of] p2a: Sneasler
|move|p1b: Swampert|Earthquake|p2b: Sinistcha|[spread] p2a,p2b
|-activate|p1a: Pelipper|move: Wide Guard
|-supereffective|p2a: Sneasler|1
|-resisted|p2b: Sinistcha|1
|-damage|p2a: Sneasler|0 fnt
|-damage|p2b: Sinistcha|58/100
|faint|p2a: Sneasler
|move|p2b: Sinistcha|Matcha Gotcha|p1a: Pelipper|[spread] 
|-activate|p1a: Pelipper|move: Wide Guard
|-activate|p1b: Swampert|move: Wide Guard
|
|-weather|RainDance|[upkeep]
|-damage|p1a: Pelipper|28/100 psn|[from] psn
|upkeep
|
|t:|1784389109
|switch|p2a: Falinks|Falinks, L50, shiny|100/100
|turn|3
|
|t:|1784389122
|detailschange|p2a: Falinks|Falinks-Mega, L50, shiny
|-mega|p2a: Falinks|Falinks|Falinksite
|move|p1b: Swampert|Protect|p1b: Swampert
|-singleturn|p1b: Swampert|Protect
|move|p2a: Falinks|Protect|p2a: Falinks
|-singleturn|p2a: Falinks|Protect
|move|p2b: Sinistcha|Matcha Gotcha|p1b: Swampert|[spread] p1a
|-activate|p1b: Swampert|move: Protect
|-damage|p1a: Pelipper|3/100 psn
|-heal|p2b: Sinistcha|70/100|[from] drain|[of] p1a: Pelipper
|move|p1a: Pelipper|Hurricane|p2b: Sinistcha
|-supereffective|p2b: Sinistcha|1
|-damage|p2b: Sinistcha|3/100
|
|-weather|RainDance|[upkeep]
|-damage|p1a: Pelipper|0 fnt|[from] psn
|faint|p1a: Pelipper
|upkeep
|
|t:|1784389142
|switch|p1a: Sylveon|Sylveon, L50, F|100/100
|turn|4
|inactive|ToastedArt has 30 seconds left.
|
|t:|1784389175
|switch|p2a: Gholdengo|Gholdengo, L50|100/100
|move|p1b: Swampert|Rock Slide|p2a: Gholdengo|[spread] p2b
|-miss|p1b: Swampert|p2a: Gholdengo
|-crit|p2b: Sinistcha
|-damage|p2b: Sinistcha|0 fnt
|faint|p2b: Sinistcha
|move|p1a: Sylveon|Hyper Voice|p2a: Gholdengo
|-resisted|p2a: Gholdengo|1
|-damage|p2a: Gholdengo|70/100
|
|-weather|RainDance|[upkeep]
|upkeep
|
|t:|1784389183
|switch|p2b: Falinks|Falinks-Mega, L50, shiny|100/100
|turn|5
|
|t:|1784389191
|move|p2a: Gholdengo|Protect|p2a: Gholdengo
|-singleturn|p2a: Gholdengo|Protect
|move|p2b: Falinks|Protect|p2b: Falinks
|-singleturn|p2b: Falinks|Protect
|move|p1b: Swampert|Earthquake|p2b: Falinks|[spread] p1a
|-activate|p2a: Gholdengo|move: Protect
|-activate|p2b: Falinks|move: Protect
|-damage|p1a: Sylveon|59/100
|move|p1a: Sylveon|Hyper Voice|p2b: Falinks|[spread] 
|-activate|p2a: Gholdengo|move: Protect
|-activate|p2b: Falinks|move: Protect
|
|-weather|none
|upkeep
|turn|6
|
|t:|1784389213
|move|p1a: Sylveon|Protect|p1a: Sylveon
|-singleturn|p1a: Sylveon|Protect
|move|p2a: Gholdengo|Nasty Plot|p2a: Gholdengo
|-boost|p2a: Gholdengo|spa|2
|move|p2b: Falinks|No Retreat|p2b: Falinks
|-boost|p2b: Falinks|atk|1
|-boost|p2b: Falinks|def|1
|-boost|p2b: Falinks|spa|1
|-boost|p2b: Falinks|spd|1
|-boost|p2b: Falinks|spe|1
|-start|p2b: Falinks|move: No Retreat
|move|p1b: Swampert|Earthquake|p2a: Gholdengo|[spread] p2a,p2b
|-activate|p1a: Sylveon|move: Protect
|-supereffective|p2a: Gholdengo|1
|-damage|p2a: Gholdengo|0 fnt
|-damage|p2b: Falinks|70/100
|faint|p2a: Gholdengo
|
|upkeep
|turn|7
|
|t:|1784389231
|move|p2b: Falinks|Close Combat|p1a: Sylveon
|-resisted|p1a: Sylveon|1
|-damage|p1a: Sylveon|20/100y
|-unboost|p2b: Falinks|def|1
|-unboost|p2b: Falinks|spd|1
|move|p1b: Swampert|Wave Crash|p2b: Falinks
|-damage|p2b: Falinks|0 fnt
|faint|p2b: Falinks
|-damage|p1b: Swampert|83/100|[from] Recoil
|
|win|Jdjdjdjfjdjfjf
