|j|☆entei enthusiast
|j|☆pandarsa
|html|entei enthusiastpandarsa    
|uhtml|bestof|Game 1 of a best-of-3
|t:|1783022648
|gametype|doubles
|player|p1|entei enthusiast|kamado-armor|1072
|player|p2|pandarsa|cynthia-gen4|1167
|gen|9
|tier|[Gen 9 Champions] VGC 2026 Reg M-B (Bo3)
|rated|
|rule|Species Clause: Limit one of each Pokémon
|rule|Item Clause: Limit 1 of each item
|clearpoke
|poke|p1|Gyarados, L50, F, shiny|
|poke|p1|Floette-Eternal, L50, F|
|poke|p1|Sneasler, L50, M|
|poke|p1|Sinistcha, L50|
|poke|p1|Garchomp, L50, M|
|poke|p1|Incineroar, L50, M|
|poke|p2|Swampert, L50, F|
|poke|p2|Rotom-Wash, L50|
|poke|p2|Pelipper, L50, M|
|poke|p2|Gholdengo, L50|
|poke|p2|Basculegion, L50, M|
|poke|p2|Gengar, L50, M|
|teampreview|4
|showteam|p1|Gyarados||Gyaradosite|Intimidate|Waterfall,LashOut,DragonDance,Protect|Adamant||F|||50|]Floette-Eternal||Floettite|FlowerVeil|DrainingKiss,DazzlingGleam,CalmMind,Protect|Timid||F|||50|]Sneasler||FocusSash|PoisonTouch|CloseCombat,DireClaw,FakeOut,Coaching|Jolly||M|||50|]Sinistcha||SitrusBerry|Hospitality|MatchaGotcha,LifeDew,RagePowder,Protect|Calm|||||50|]Garchomp||LifeOrb|RoughSkin|DragonClaw,RockSlide,Earthquake,Protect|Jolly||M|||50|]Incineroar||PasshoBerry|Intimidate|FlareBlitz,FakeOut,PartingShot,Taunt|Careful||M|||50|
|showteam|p2|Swampert||Swampertite|Torrent|WaveCrash,HighHorsepower,IcePunch,BrickBreak|Adamant||F|||50|]Rotom-Wash||ExpertBelt|Levitate|Thunderbolt,HydroPump,DarkPulse,Reflect|Calm|||||50|]Pelipper||DampRock|Drizzle|Hurricane,HydroPump,Tailwind,Protect|Timid||M|||50|]Gholdengo||ShucaBerry|GoodasGold|MakeItRain,Thunder,ShadowBall,FlashCannon|Modest|||||50|]Basculegion||ChoiceScarf|Adaptability|AquaJet,WaveCrash,LastRespects,PsychicFangs|Jolly||M|||50|]Gengar||Gengarite|CursedBody|EnergyBall,Thunder,ShadowBall,IcyWind|Timid||M|||50|
|inactive|Battle timer is ON: inactive players will automatically lose when time's up. (requested by pandarsa)
|inactive|entei enthusiast has 60 seconds left.
|
|t:|1783022688
|teamsize|p1|4
|teamsize|p2|4
|start
|switch|p1a: Gyarados|Gyarados, L50, F, shiny|100/100
|switch|p1b: Incineroar|Incineroar, L50, M|100/100
|switch|p2a: Elektross|Swampert, L50, F|100/100
|switch|p2b: Zoroark Hisui|Gholdengo, L50|100/100
|-ability|p1a: Gyarados|Intimidate|boost
|-unboost|p2a: Elektross|atk|1
|-unboost|p2b: Zoroark Hisui|atk|1
|-ability|p1b: Incineroar|Intimidate|boost
|-unboost|p2a: Elektross|atk|1
|-unboost|p2b: Zoroark Hisui|atk|1
|turn|1
|
|t:|1783022706
|switch|p2a: T0rkoal|Pelipper, L50, M|100/100
|-weather|RainDance|[from] ability: Drizzle|[of] p2a: T0rkoal
|detailschange|p1a: Gyarados|Gyarados-Mega, L50, F, shiny
|-mega|p1a: Gyarados|Gyarados|Gyaradosite
|-ability|p1a: Gyarados|Mold Breaker
|move|p1b: Incineroar|Fake Out|p2a: T0rkoal
|-damage|p2a: T0rkoal|89/100
|move|p1a: Gyarados|Dragon Dance|p1a: Gyarados
|-boost|p1a: Gyarados|atk|1
|-boost|p1a: Gyarados|spe|1
|move|p2b: Zoroark Hisui|Thunder|p1a: Gyarados
|-supereffective|p1a: Gyarados|1
|-damage|p1a: Gyarados|32/100
|
|-weather|RainDance|[upkeep]
|upkeep
|turn|2
|inactive|entei enthusiast has 30 seconds left.
|
|t:|1783022752
|switch|p2b: Gyarad0s|Rotom-Wash, L50|100/100
|switch|p1b: Sinistcha|Sinistcha, L50|100/100
|-heal|p1a: Gyarados|57/100|[from] ability: Hospitality|[of] p1b: Sinistcha
|move|p1a: Gyarados|Protect|p1a: Gyarados
|-singleturn|p1a: Gyarados|Protect
|move|p2a: T0rkoal|Tailwind|p2a: T0rkoal
|-sidestart|p2: pandarsa|move: Tailwind
|
|-weather|RainDance|[upkeep]
|upkeep
|turn|3
|inactive|entei enthusiast has 30 seconds left.
|inactive|entei enthusiast has 20 seconds left.
|
|t:|1783022789
|move|p1b: Sinistcha|Rage Powder|p1b: Sinistcha
|-singleturn|p1b: Sinistcha|move: Rage Powder
|move|p2a: T0rkoal|Hurricane|p1b: Sinistcha
|-supereffective|p1b: Sinistcha|1
|-damage|p1b: Sinistcha|35/100
|-enditem|p1b: Sinistcha|Sitrus Berry|[eat]
|-heal|p1b: Sinistcha|60/100|[from] item: Sitrus Berry
|move|p2b: Gyarad0s|Thunderbolt|p1b: Sinistcha
|-resisted|p1b: Sinistcha|1
|-damage|p1b: Sinistcha|46/100
|move|p1a: Gyarados|Lash Out|p2b: Gyarad0s
|-damage|p2b: Gyarad0s|38/100
|
|-weather|RainDance|[upkeep]
|upkeep
|turn|4
|
|t:|1783022804
|switch|p1b: Incineroar|Incineroar, L50, M|100/100
|-ability|p1b: Incineroar|Intimidate|boost
|-unboost|p2a: T0rkoal|atk|1
|-unboost|p2b: Gyarad0s|atk|1
|move|p1a: Gyarados|Protect|p1a: Gyarados
|-singleturn|p1a: Gyarados|Protect
|move|p2a: T0rkoal|Hurricane|p1b: Incineroar
|-damage|p1b: Incineroar|72/100
|move|p2b: Gyarad0s|Thunderbolt|p1a: Gyarados
|-activate|p1a: Gyarados|move: Protect
|
|-weather|RainDance|[upkeep]
|upkeep
|turn|5
|
|t:|1783022819
|move|p1b: Incineroar|Fake Out|p2b: Gyarad0s
|-damage|p2b: Gyarad0s|28/100
|move|p2a: T0rkoal|Hydro Pump|p1b: Incineroar
|-supereffective|p1b: Incineroar|1
|-enditem|p1b: Incineroar|Passho Berry|[eat]
|-enditem|p1b: Incineroar|Passho Berry|[weaken]
|-damage|p1b: Incineroar|30/100
|cant|p2b: Gyarad0s|flinch
|move|p1a: Gyarados|Dragon Dance|p1a: Gyarados
|-boost|p1a: Gyarados|atk|1
|-boost|p1a: Gyarados|spe|1
|
|-weather|RainDance|[upkeep]
|-sideend|p2: pandarsa|move: Tailwind
|upkeep
|turn|6
|
|t:|1783022837
|switch|p1b: Sinistcha|Sinistcha, L50|46/100
|-heal|p1a: Gyarados|82/100|[from] ability: Hospitality|[of] p1b: Sinistcha
|move|p1a: Gyarados|Lash Out|p2a: T0rkoal
|-damage|p2a: T0rkoal|0 fnt
|faint|p2a: T0rkoal
|move|p2b: Gyarad0s|Thunderbolt|p1a: Gyarados
|-supereffective|p1a: Gyarados|1
|-damage|p1a: Gyarados|23/100
|
|-weather|RainDance|[upkeep]
|upkeep
|
|t:|1783022855
|switch|p2a: Elektross|Swampert, L50, F|100/100
|turn|7
|
|t:|1783022864
|switch|p1b: Incineroar|Incineroar, L50, M|30/100
|-ability|p1b: Incineroar|Intimidate|boost
|-unboost|p2a: Elektross|atk|1
|-unboost|p2b: Gyarad0s|atk|1
|detailschange|p2a: Elektross|Swampert-Mega, L50, F
|-mega|p2a: Elektross|Swampert|Swampertite
|move|p1a: Gyarados|Protect|p1a: Gyarados
|-singleturn|p1a: Gyarados|Protect
|move|p2a: Elektross|Ice Punch|p1b: Incineroar
|-resisted|p1b: Incineroar|1
|-damage|p1b: Incineroar|19/100
|move|p2b: Gyarad0s|Thunderbolt|p1a: Gyarados
|-activate|p1a: Gyarados|move: Protect
|
|-weather|RainDance|[upkeep]
|upkeep
|turn|8
|
|t:|1783022880
|move|p1b: Incineroar|Fake Out|p2a: Elektross
|-damage|p2a: Elektross|90/100
|move|p1a: Gyarados|Lash Out|p2b: Gyarad0s
|-damage|p2b: Gyarad0s|0 fnt
|faint|p2b: Gyarad0s
|cant|p2a: Elektross|flinch
|
|-weather|none
|upkeep
|
|t:|1783022883
|switch|p2b: Zoroark Hisui|Gholdengo, L50|100/100
|turn|9
|c|☆entei enthusiast|are you allergic to protect
|
|t:|1783022904
|switch|p1b: Sinistcha|Sinistcha, L50|46/100
|-heal|p1a: Gyarados|48/100|[from] ability: Hospitality|[of] p1b: Sinistcha
|move|p1a: Gyarados|Lash Out|p2b: Zoroark Hisui
|-supereffective|p2b: Zoroark Hisui|1
|-damage|p2b: Zoroark Hisui|0 fnt
|faint|p2b: Zoroark Hisui
|move|p2a: Elektross|Brick Break|p1a: Gyarados
|-supereffective|p1a: Gyarados|1
|-damage|p1a: Gyarados|11/100
|
|upkeep
|turn|10
|
|t:|1783022915
|move|p1a: Gyarados|Waterfall|p2a: Elektross
|-damage|p2a: Elektross|0 fnt
|faint|p2a: Elektross
|
|win|entei enthusiast
||entei enthusiast is ready for game 2.
|inactive|pandarsa has 30 seconds to confirm battle start!
|inactive|pandarsa has 20 seconds to confirm battle start!
|inactive|pandarsa has 10 seconds to confirm battle start!
|uhtml|next|Next: Game 2 of 3
