|j|☆teyvgc
|j|☆Water_Spout09
|html|teyvgcWater_Spout09    
|uhtml|bestof|Game 2 of a best-of-3
|t:|1783205332
|gametype|doubles
|player|p1|teyvgc|1|1280
|player|p2|Water_Spout09|blackbelt|1429
|gen|9
|tier|[Gen 9 Champions] VGC 2026 Reg M-B (Bo3)
|rated|
|rule|Species Clause: Limit one of each Pokémon
|rule|Item Clause: Limit 1 of each item
|clearpoke
|poke|p1|Excadrill, L50, M|
|poke|p1|Tyranitar, L50, F|
|poke|p1|Staraptor, L50, M|
|poke|p1|Sinistcha, L50|
|poke|p1|Milotic, L50, F|
|poke|p1|Gholdengo, L50|
|poke|p2|Froslass, L50, F|
|poke|p2|Sneasler, L50, F|
|poke|p2|Rotom-Wash, L50|
|poke|p2|Garchomp, L50, M|
|poke|p2|Talonflame, L50, M|
|poke|p2|Kingambit, L50, M|
|teampreview|4
|showteam|p1|Excadrill||FocusSash|SandRush|HighHorsepower,IronHead,RockSlide,Protect|Adamant||M|||50|]Tyranitar||Tyranitarite|SandStream|RockSlide,KnockOff,DragonDance,Protect|Adamant||F|||50|]Staraptor||Staraptite|Intimidate|BraveBird,CloseCombat,Tailwind,Protect|Jolly||M|||50|]Sinistcha||SitrusBerry|Hospitality|MatchaGotcha,RagePowder,LifeDew,TrickRoom|Calm|||||50|]Milotic||Leftovers|Competitive|Scald,IceBeam,Recover,Protect|Modest||F|||50|]Gholdengo||LifeOrb|GoodasGold|MakeItRain,ShadowBall,NastyPlot,Protect|Modest|||||50|
|showteam|p2|Froslass||Froslassite|CursedBody|Blizzard,ShadowBall,AuroraVeil,Protect|Modest||F|||50|]Sneasler||WhiteHerb|Unburden|CloseCombat,GunkShot,FakeOut,Protect|Jolly||F|||50|]Rotom-Wash||SitrusBerry|Levitate|Thunderbolt,HydroPump,NastyPlot,Protect|Modest|||||50|]Garchomp||SoftSand|RoughSkin|Earthquake,StompingTantrum,RockSlide,Protect|Adamant||M|||50|]Talonflame||LifeOrb|GaleWings|BraveBird,WillOWisp,Tailwind,Protect|Jolly||M|||50|]Kingambit||BlackGlasses|Defiant|KowtowCleave,SuckerPunch,SwordsDance,Protect|Adamant||M|||50|
|inactive|Battle timer is ON: inactive players will automatically lose when time's up. (requested by Water_Spout09)
|
|t:|1783205380
|teamsize|p1|4
|teamsize|p2|4
|start
|switch|p1a: Staraptor|Staraptor, L50, M|100/100
|switch|p1b: Tyranitar|Tyranitar, L50, F|100/100
|switch|p2a: Talonflame|Talonflame, L50, M|100/100
|switch|p2b: Froslass|Froslass, L50, F|100/100
|-ability|p1a: Staraptor|Intimidate|boost
|-unboost|p2a: Talonflame|atk|1
|-unboost|p2b: Froslass|atk|1
|-weather|Sandstorm|[from] ability: Sand Stream|[of] p1b: Tyranitar
|turn|1
|
|t:|1783205394
|move|p2b: Froslass|Protect|p2b: Froslass
|-singleturn|p2b: Froslass|Protect
|move|p2a: Talonflame|Tailwind|p2a: Talonflame
|-sidestart|p2: Water_Spout09|move: Tailwind
|move|p1a: Staraptor|Tailwind|p1a: Staraptor
|-sidestart|p1: teyvgc|move: Tailwind
|move|p1b: Tyranitar|Dragon Dance|p1b: Tyranitar
|-boost|p1b: Tyranitar|atk|1
|-boost|p1b: Tyranitar|spe|1
|
|-weather|Sandstorm|[upkeep]
|-damage|p2a: Talonflame|94/100|[from] Sandstorm
|-damage|p1a: Staraptor|93/100|[from] Sandstorm
|-damage|p2b: Froslass|94/100|[from] Sandstorm
|upkeep
|turn|2
|inactive|teyvgc has 30 seconds left.
|
|t:|1783205426
|detailschange|p1a: Staraptor|Staraptor-Mega, L50, M
|-mega|p1a: Staraptor|Staraptor|Staraptite
|detailschange|p2b: Froslass|Froslass-Mega, L50, F
|-mega|p2b: Froslass|Froslass|Froslassite
|-weather|Snowscape|[from] ability: Snow Warning|[of] p2b: Froslass
|move|p2a: Talonflame|Will-O-Wisp|p1b: Tyranitar
|-status|p1b: Tyranitar|brn
|move|p1a: Staraptor|Close Combat|p2a: Talonflame
|-resisted|p2a: Talonflame|1
|-damage|p2a: Talonflame|56/100
|-boost|p1a: Staraptor|def|1
|-boost|p1a: Staraptor|spd|1
|move|p2b: Froslass|Blizzard|p1a: Staraptor|[spread] p1a,p1b
|-supereffective|p1a: Staraptor|1
|-damage|p1a: Staraptor|30/100
|-damage|p1b: Tyranitar|56/100 brn
|move|p1b: Tyranitar|Rock Slide|p2b: Froslass|[spread] p2a,p2b
|-supereffective|p2a: Talonflame|2
|-supereffective|p2b: Froslass|1
|-damage|p2a: Talonflame|0 fnt
|-damage|p2b: Froslass|47/100
|faint|p2a: Talonflame
|
|-weather|Snowscape|[upkeep]
|-damage|p1b: Tyranitar|50/100g brn|[from] brn
|upkeep
|inactive|Water_Spout09 has 30 seconds left.
|
|t:|1783205459
|switch|p2a: Rotom|Rotom-Wash, L50|100/100
|turn|3
|
|t:|1783205489
|move|p2b: Froslass|Protect|p2b: Froslass
|-singleturn|p2b: Froslass|Protect
|move|p1a: Staraptor|Close Combat|p2a: Rotom
|-damage|p2a: Rotom|40/100
|-boost|p1a: Staraptor|def|1
|-boost|p1a: Staraptor|spd|1
|-enditem|p2a: Rotom|Sitrus Berry|[eat]
|-heal|p2a: Rotom|65/100|[from] item: Sitrus Berry
|move|p1b: Tyranitar|Rock Slide|p2b: Froslass|[spread] p2a
|-activate|p2b: Froslass|move: Protect
|-damage|p2a: Rotom|41/100
|move|p2a: Rotom|Thunderbolt|p1a: Staraptor
|-supereffective|p1a: Staraptor|1
|-damage|p1a: Staraptor|0 fnt
|faint|p1a: Staraptor
|
|-weather|Snowscape|[upkeep]
|-damage|p1b: Tyranitar|45/100 brn|[from] brn
|upkeep
|
|t:|1783205505
|switch|p1a: Sinistcha|Sinistcha, L50|100/100
|-heal|p1b: Tyranitar|69/100 brn|[from] ability: Hospitality|[of] p1a: Sinistcha
|turn|4
|
|t:|1783205529
|switch|p2a: Garchomp|Garchomp, L50, M|100/100
|move|p2b: Froslass|Blizzard|p1b: Tyranitar|[spread] p1a,p1b
|-supereffective|p1a: Sinistcha|1
|-damage|p1a: Sinistcha|19/100
|-damage|p1b: Tyranitar|28/100 brn
|-enditem|p1a: Sinistcha|Sitrus Berry|[eat]
|-heal|p1a: Sinistcha|43/100|[from] item: Sitrus Berry
|move|p1b: Tyranitar|Rock Slide|p2a: Garchomp|[spread] p2a,p2b
|-resisted|p2a: Garchomp|1
|-supereffective|p2b: Froslass|1
|-damage|p2a: Garchomp|89/100
|-damage|p2b: Froslass|3/100
|move|p1a: Sinistcha|Matcha Gotcha|p2a: Garchomp|[spread] p2a,p2b
|-damage|p2a: Garchomp|63/100
|-heal|p1a: Sinistcha|57/100|[from] drain|[of] p2a: Garchomp
|-damage|p2b: Froslass|0 fnt
|-heal|p1a: Sinistcha|58/100|[from] drain|[of] p2b: Froslass
|faint|p2b: Froslass
|
|-weather|Snowscape|[upkeep]
|-damage|p1b: Tyranitar|22/100 brn|[from] brn
|-sideend|p1: teyvgc|move: Tailwind
|-sideend|p2: Water_Spout09|move: Tailwind
|upkeep
|
|t:|1783205538
|switch|p2b: Rotom|Rotom-Wash, L50|41/100
|turn|5
|inactive|teyvgc has 30 seconds left.
|inactive|teyvgc has 20 seconds left.
|inactive|teyvgc has 15 seconds left.
|
|t:|1783205579
|move|p2a: Garchomp|Rock Slide|p1b: Tyranitar|[spread] p1a,p1b
|-damage|p1a: Sinistcha|41/100
|-damage|p1b: Tyranitar|6/100 brn
|move|p1b: Tyranitar|Knock Off|p2a: Garchomp
|-damage|p2a: Garchomp|26/100
|-damage|p1b: Tyranitar|0 fnt|[from] ability: Rough Skin|[of] p2a: Garchomp
|-enditem|p2a: Garchomp|Soft Sand|[from] move: Knock Off|[of] p1b: Tyranitar
|faint|p1b: Tyranitar
|move|p2b: Rotom|Nasty Plot|p2b: Rotom
|-boost|p2b: Rotom|spa|2
|cant|p1a: Sinistcha|flinch
|
|-weather|Snowscape|[upkeep]
|upkeep
|
|t:|1783205592
|switch|p1b: Milotic|Milotic, L50, F|100/100
|turn|6
|
|t:|1783205611
|move|p2a: Garchomp|Earthquake|p1a: Sinistcha|[spread] p1a,p1b
|-immune|p2b: Rotom|[from] ability: Levitate
|-resisted|p1a: Sinistcha|1
|-damage|p1a: Sinistcha|21/100
|-damage|p1b: Milotic|61/100
|move|p2b: Rotom|Thunderbolt|p1a: Sinistcha
|-resisted|p1a: Sinistcha|1
|-damage|p1a: Sinistcha|0 fnt
|faint|p1a: Sinistcha
|move|p1b: Milotic|Scald|p2b: Rotom
|-resisted|p2b: Rotom|1
|-damage|p2b: Rotom|22/100
|
|-weather|none
|-heal|p1b: Milotic|67/100|[from] item: Leftovers
|upkeep
|turn|7
|-message|teyvgc forfeited.
|
|win|Water_Spout09
