|j|☆profanitycleared
|j|☆SaladofKale
|html|profanityclearedSaladofKale    
|uhtml|bestof|Game 2 of a best-of-3
|t:|1785427690
|gametype|doubles
|player|p1|profanitycleared|parasollady|
|player|p2|SaladofKale|101|
|gen|9
|tier|[Gen 9 Champions] VGC 2026 Reg M-B (Bo3)
|rule|Species Clause: Limit one of each Pokémon
|rule|Item Clause: Limit 1 of each item
|clearpoke
|poke|p1|Garchomp, L50, M|
|poke|p1|Falinks, L50|
|poke|p1|Gholdengo, L50|
|poke|p1|Ninetales-Alola, L50, M|
|poke|p1|Volcarona, L50, F|
|poke|p1|Blastoise, L50, M|
|poke|p2|Lycanroc-Dusk, L50, M|
|poke|p2|Scovillain, L50, M|
|poke|p2|Basculegion, L50, M|
|poke|p2|Froslass, L50, F|
|poke|p2|Primarina, L50, F|
|poke|p2|Stunfisk-Galar, L50, M|
|teampreview|4
|showteam|p1|Garchomp||LifeOrb|RoughSkin|RockSlide,StompingTantrum,DragonClaw,Protect|Adamant||M|||50|]Falinks||Falinksite|Defiant|CloseCombat,KnockOff,Protect,NoRetreat|Jolly|||||50|]Gholdengo||SitrusBerry|GoodasGold|Protect,NastyPlot,MakeItRain,ShadowBall|Timid|||||50|]Ninetales-Alola||LightClay|SnowWarning|Encore,AuroraVeil,Blizzard,Moonblast|Timid||M|||50|]Volcarona||Leftovers|FlameBody|HeatWave,GigaDrain,Tailwind,QuiverDance|Calm||F|||50|]Blastoise||Blastoisinite|Torrent|ShellSmash,WaterSpout,DarkPulse,FakeOut|Modest||M|||50|
|showteam|p2|Lycanroc-Dusk||FocusSash|ToughClaws|Accelerock,RockSlide,CloseCombat,Protect|Adamant||M|||50|]Scovillain||Scovillainite|Moody|Overheat,GigaDrain,RagePowder,Protect|Bold||M|||50|]Basculegion||SitrusBerry|Adaptability|WaveCrash,LastRespects,AquaJet,Protect|Adamant||M|||50|]Froslass||Froslassite|SnowCloak|Blizzard,ShadowBall,Protect,AuroraVeil|Modest||F|||50|]Primarina||MysticWater|LiquidVoice|HyperVoice,Moonblast,CalmMind,Protect|Modest||F|||50|]Stunfisk-Galar||BrightPowder|Mimicry|FoulPlay,MudSlap,SnapTrap,SuckerPunch|Impish||M|||50|
|
|t:|1785427736
|teamsize|p1|4
|teamsize|p2|4
|start
|switch|p1a: Falinks|Falinks, L50|100/100
|switch|p1b: Ninetales|Ninetales-Alola, L50, M|100/100
|switch|p2a: Lycanroc|Lycanroc-Dusk, L50, M|100/100
|switch|p2b: Stunfisk|Stunfisk-Galar, L50, M|100/100
|-weather|Snowscape|[from] ability: Snow Warning|[of] p1b: Ninetales
|turn|1
|
|t:|1785427749
|detailschange|p1a: Falinks|Falinks-Mega, L50
|-mega|p1a: Falinks|Falinks|Falinksite
|move|p1b: Ninetales|Aurora Veil|p1b: Ninetales
|-sidestart|p1: profanitycleared|move: Aurora Veil
|move|p1a: Falinks|No Retreat|p1a: Falinks
|-boost|p1a: Falinks|atk|1
|-boost|p1a: Falinks|def|1
|-boost|p1a: Falinks|spa|1
|-boost|p1a: Falinks|spd|1
|-boost|p1a: Falinks|spe|1
|-start|p1a: Falinks|move: No Retreat
|move|p2a: Lycanroc|Rock Slide|p1b: Ninetales|[spread] p1a,p1b
|-resisted|p1a: Falinks|1
|-supereffective|p1b: Ninetales|1
|-damage|p1a: Falinks|92/100
|-damage|p1b: Ninetales|62/100
|move|p2b: Stunfisk|Mud-Slap|p1a: Falinks
|-damage|p1a: Falinks|88/100
|-unboost|p1a: Falinks|accuracy|1
|-ability|p1a: Falinks|Defiant|boost
|-boost|p1a: Falinks|atk|2
|
|-weather|Snowscape|[upkeep]
|upkeep
|turn|2
|
|t:|1785427782
|switch|p2a: Primarina|Primarina, L50, F|100/100
|move|p1a: Falinks|Close Combat|p2b: Stunfisk|[miss]
|-miss|p1a: Falinks|p2b: Stunfisk
|move|p1b: Ninetales|Blizzard|p2a: Primarina|[spread] p2a,p2b
|-resisted|p2a: Primarina|1
|-damage|p2a: Primarina|87/100
|-damage|p2b: Stunfisk|68/100
|move|p2b: Stunfisk|Snap Trap|p1a: Falinks
|-damage|p1a: Falinks|83/100
|-activate|p1a: Falinks|move: Snap Trap|[of] p2b: Stunfisk
|
|-weather|Snowscape|[upkeep]
|-damage|p1a: Falinks|71/100|[from] move: Snap Trap|[partiallytrapped]
|upkeep
|turn|3
|
|t:|1785427804
|move|p1a: Falinks|Close Combat|p2b: Stunfisk
|-supereffective|p2b: Stunfisk|1
|-damage|p2b: Stunfisk|0 fnt
|-unboost|p1a: Falinks|def|1
|-unboost|p1a: Falinks|spd|1
|faint|p2b: Stunfisk
|move|p1b: Ninetales|Blizzard|p2a: Primarina
|-resisted|p2a: Primarina|1
|-damage|p2a: Primarina|67/100
|move|p2a: Primarina|Calm Mind|p2a: Primarina
|-boost|p2a: Primarina|spa|1
|-boost|p2a: Primarina|spd|1
|
|-weather|Snowscape|[upkeep]
|-end|p1a: Falinks|Snap Trap|[partiallytrapped]|[silent]
|upkeep
|
|t:|1785427816
|switch|p2b: Froslass|Froslass, L50, F|100/100
|turn|4
|
|t:|1785427831
|detailschange|p2b: Froslass|Froslass-Mega, L50, F
|-mega|p2b: Froslass|Froslass|Froslassite
|move|p1a: Falinks|Close Combat|p2a: Primarina
|-resisted|p2a: Primarina|1
|-damage|p2a: Primarina|0 fnt
|-unboost|p1a: Falinks|def|1
|-unboost|p1a: Falinks|spd|1
|faint|p2a: Primarina
|move|p1b: Ninetales|Blizzard|p2b: Froslass
|-resisted|p2b: Froslass|1
|-damage|p2b: Froslass|74/100
|move|p2b: Froslass|Blizzard|p1a: Falinks|[spread] p1a,p1b
|-resisted|p1b: Ninetales|1
|-damage|p1a: Falinks|0 fnt
|-damage|p1b: Ninetales|43/100
|faint|p1a: Falinks
|
|-weather|Snowscape|[upkeep]
|upkeep
|
|t:|1785427853
|switch|p1a: Gholdengo|Gholdengo, L50|100/100
|switch|p2a: Lycanroc|Lycanroc-Dusk, L50, M|100/100
|turn|5
|
|t:|1785427863
|move|p1a: Gholdengo|Protect|p1a: Gholdengo
|-singleturn|p1a: Gholdengo|Protect
|move|p1b: Ninetales|Blizzard|p2b: Froslass|[spread] p2a,p2b
|-resisted|p2b: Froslass|1
|-damage|p2a: Lycanroc|48/100
|-damage|p2b: Froslass|53/100
|move|p2b: Froslass|Shadow Ball|p1a: Gholdengo
|-activate|p1a: Gholdengo|move: Protect
|move|p2a: Lycanroc|Rock Slide|p1b: Ninetales|[spread] p1b
|-activate|p1a: Gholdengo|move: Protect
|-supereffective|p1b: Ninetales|1
|-crit|p1b: Ninetales
|-damage|p1b: Ninetales|0 fnt
|faint|p1b: Ninetales
|
|-weather|none
|upkeep
|
|t:|1785427874
|switch|p1b: Garchomp|Garchomp, L50, M|100/100
|turn|6
|
|t:|1785427886
|move|p2a: Lycanroc|Protect|p2a: Lycanroc
|-singleturn|p2a: Lycanroc|Protect
|move|p2b: Froslass|Blizzard|p1a: Gholdengo|[spread] p1b
|-miss|p2b: Froslass|p1a: Gholdengo
|-supereffective|p1b: Garchomp|2
|-damage|p1b: Garchomp|0 fnt
|faint|p1b: Garchomp
|move|p1a: Gholdengo|Make It Rain|p2b: Froslass|[spread] p2b
|-activate|p2a: Lycanroc|move: Protect
|-supereffective|p2b: Froslass|1
|-damage|p2b: Froslass|0 fnt
|-unboost|p1a: Gholdengo|spa|2
|faint|p2b: Froslass
|
|upkeep
|turn|7
|
|t:|1785427902
|move|p2a: Lycanroc|Rock Slide|p1a: Gholdengo
|-resisted|p1a: Gholdengo|1
|-damage|p1a: Gholdengo|85/100
|cant|p1a: Gholdengo|flinch
|
|upkeep
|turn|8
|
|t:|1785427908
|move|p2a: Lycanroc|Rock Slide|p1a: Gholdengo
|-resisted|p1a: Gholdengo|1
|-crit|p1a: Gholdengo
|-damage|p1a: Gholdengo|52/100
|move|p1a: Gholdengo|Make It Rain|p2a: Lycanroc
|-supereffective|p2a: Lycanroc|1
|-damage|p2a: Lycanroc|0 fnt
|-unboost|p1a: Gholdengo|spa|2
|faint|p2a: Lycanroc
|
|win|profanitycleared
|l|☆SaladofKale
|player|p2|
