|j|☆master 792
|j|☆dr holly
|html|master 792dr holly    
|uhtml|bestof|Game 1 of a best-of-3
|t:|1784246319
|gametype|doubles
|player|p1|master 792|red|1269
|player|p2|dr holly|boarder|1145
|gen|9
|tier|[Gen 9 Champions] VGC 2026 Reg M-B (Bo3)
|rated|
|rule|Species Clause: Limit one of each Pokémon
|rule|Item Clause: Limit 1 of each item
|clearpoke
|poke|p1|Metagross, L50, shiny|
|poke|p1|Incineroar, L50, F|
|poke|p1|Sinistcha, L50, shiny|
|poke|p1|Floette-Eternal, L50, F|
|poke|p1|Politoed, L50, M|
|poke|p1|Maushold, L50|
|poke|p2|Staraptor, L50, F|
|poke|p2|Sneasler, L50, F|
|poke|p2|Ninetales-Alola, L50, M|
|poke|p2|Sinistcha, L50|
|poke|p2|Toxapex, L50, F|
|poke|p2|Delphox, L50, M|
|teampreview|4
|showteam|p1|Metagross||Metagrossite|ClearBody|IronDefense,BodyPress,PsychicFangs,Protect|Impish|||||50|]Incineroar||PasshoBerry|Intimidate|FakeOut,FlareBlitz,PartingShot,DarkestLariat|Adamant||F|||50|]Sinistcha||SitrusBerry|Hospitality|MatchaGotcha,TrickRoom,RagePowder,LifeDew|Calm|||||50|]Floette-Eternal||Floettite|FlowerVeil|Moonblast,DazzlingGleam,CalmMind,Protect|Modest||F|||50|]Politoed||Leftovers|Drizzle|WeatherBall,PerishSong,IceBeam,Protect|Bold||M|||50|]Maushold||ChopleBerry|FriendGuard|Taunt,FollowMe,SuperFang,Protect|Careful|||||50|
|showteam|p2|Staraptor||Staraptite|Intimidate|CloseCombat,BraveBird,Protect,QuickAttack|Jolly||F|||50|]Sneasler||FocusSash|PoisonTouch|FakeOut,CloseCombat,DireClaw,Uturn|Jolly||F|||50|]Ninetales-Alola||NeverMeltIce|SnowWarning|AuroraVeil,Blizzard,FreezeDry,Protect|Timid||M|||50|]Sinistcha||SitrusBerry|Hospitality|RagePowder,MatchaGotcha,Protect,StrengthSap|Relaxed|||||50|]Toxapex||Leftovers|Regenerator|Infestation,WideGuard,BanefulBunker,ChillingWater|Calm||F|||50|]Delphox||Delphoxite|Blaze|HeatWave,Psychic,NastyPlot,Protect|Timid||M|||50|
|inactive|Battle timer is ON: inactive players will automatically lose when time's up. (requested by master 792)
|inactive|dr holly has 60 seconds left.
|
|t:|1784246403
|teamsize|p1|4
|teamsize|p2|4
|start
|switch|p1a: Metagross|Metagross, L50, shiny|100/100
|switch|p1b: Politoed|Politoed, L50, M|100/100
|switch|p2a: Delphox|Delphox, L50, M|100/100
|switch|p2b: Sneasler|Sneasler, L50, F|100/100
|-weather|RainDance|[from] ability: Drizzle|[of] p1b: Politoed
|turn|1
|
|t:|1784246419
|detailschange|p2a: Delphox|Delphox-Mega, L50, M
|-mega|p2a: Delphox|Delphox|Delphoxite
|detailschange|p1a: Metagross|Metagross-Mega, L50, shiny
|-mega|p1a: Metagross|Metagross|Metagrossite
|move|p2b: Sneasler|Fake Out|p1b: Politoed
|-damage|p1b: Politoed|86/100
|move|p2a: Delphox|Nasty Plot|p2a: Delphox
|-boost|p2a: Delphox|spa|2
|move|p1a: Metagross|Iron Defense|p1a: Metagross
|-boost|p1a: Metagross|def|2
|cant|p1b: Politoed|flinch
|
|-weather|RainDance|[upkeep]
|-heal|p1b: Politoed|93/100|[from] item: Leftovers
|upkeep
|turn|2
|
|t:|1784246439
|switch|p2b: Ninetales|Ninetales-Alola, L50, M|100/100
|-weather|Snowscape|[from] ability: Snow Warning|[of] p2b: Ninetales
|move|p2a: Delphox|Heat Wave|p1b: Politoed|[spread] p1b
|-miss|p2a: Delphox|p1a: Metagross
|-resisted|p1b: Politoed|1
|-damage|p1b: Politoed|57/100
|move|p1a: Metagross|Body Press|p2a: Delphox
|-resisted|p2a: Delphox|1
|-damage|p2a: Delphox|41/100
|move|p1b: Politoed|Weather Ball|p2a: Delphox
|-resisted|p2a: Delphox|1
|-damage|p2a: Delphox|30/100
|
|-weather|Snowscape|[upkeep]
|-heal|p1b: Politoed|63/100|[from] item: Leftovers
|upkeep
|turn|3
|
|t:|1784246457
|switch|p1b: Maushold|Maushold, L50|100/100
|move|p1a: Metagross|Protect|p1a: Metagross
|-singleturn|p1a: Metagross|Protect
|move|p2a: Delphox|Heat Wave|p1b: Maushold|[spread] 
|-activate|p1a: Metagross|move: Protect
|-miss|p2a: Delphox|p1b: Maushold
|move|p2b: Ninetales|Aurora Veil|p2b: Ninetales
|-sidestart|p2: dr holly|move: Aurora Veil
|
|-weather|Snowscape|[upkeep]
|upkeep
|turn|4
|
|t:|1784246471
|switch|p2b: Toxapex|Toxapex, L50, F|100/100
|switch|p1b: Politoed|Politoed, L50, M|63/100
|-weather|RainDance|[from] ability: Drizzle|[of] p1b: Politoed
|move|p2a: Delphox|Heat Wave|p1b: Politoed|[spread] p1a,p1b
|-supereffective|p1a: Metagross|1
|-resisted|p1b: Politoed|1
|-damage|p1a: Metagross|42/100
|-damage|p1b: Politoed|44/100
|move|p1a: Metagross|Body Press|p2a: Delphox
|-resisted|p2a: Delphox|1
|-damage|p2a: Delphox|0 fnt
|faint|p2a: Delphox
|
|-weather|RainDance|[upkeep]
|-heal|p1b: Politoed|51/100|[from] item: Leftovers
|upkeep
|
|t:|1784246487
|switch|p2a: Ninetales|Ninetales-Alola, L50, M|100/100
|-weather|Snowscape|[from] ability: Snow Warning|[of] p2a: Ninetales
|turn|5
|
|t:|1784246494
|switch|p1b: Sinistcha|Sinistcha, L50, shiny|100/100
|-heal|p1a: Metagross|66/100|[from] ability: Hospitality|[of] p1b: Sinistcha
|move|p2a: Ninetales|Protect|p2a: Ninetales
|-singleturn|p2a: Ninetales|Protect
|move|p1a: Metagross|Psychic Fangs|p2b: Toxapex
|-sideend|p2: dr holly|move: Aurora Veil
|-supereffective|p2b: Toxapex|1
|-damage|p2b: Toxapex|31/100
|move|p2b: Toxapex|Infestation|p1a: Metagross
|-damage|p1a: Metagross|64/100
|-activate|p1a: Metagross|move: Infestation|[of] p2b: Toxapex
|
|-weather|Snowscape|[upkeep]
|-heal|p2b: Toxapex|36/100|[from] item: Leftovers
|-damage|p1a: Metagross|51/100|[from] move: Infestation|[partiallytrapped]
|upkeep
|turn|6
|
|t:|1784246516
|move|p2b: Toxapex|Baneful Bunker|p2b: Toxapex
|-singleturn|p2b: Toxapex|move: Protect
|move|p2a: Ninetales|Freeze-Dry|p1b: Sinistcha
|-supereffective|p1b: Sinistcha|1
|-damage|p1b: Sinistcha|44/100
|-enditem|p1b: Sinistcha|Sitrus Berry|[eat]
|-heal|p1b: Sinistcha|69/100|[from] item: Sitrus Berry
|move|p1a: Metagross|Body Press|p2a: Ninetales
|-damage|p2a: Ninetales|14/100
|move|p1b: Sinistcha|Life Dew|p1b: Sinistcha|[spread] p1a,p1b
|-heal|p1a: Metagross|77/100
|-heal|p1b: Sinistcha|94/100
|
|-weather|Snowscape|[upkeep]
|-heal|p2b: Toxapex|42/100|[from] item: Leftovers
|-damage|p1a: Metagross|64/100|[from] move: Infestation|[partiallytrapped]
|upkeep
|turn|7
|
|t:|1784246540
|switch|p1b: Maushold|Maushold, L50|100/100
|-heal|p2b: Toxapex|75/100|[from] ability: Regenerator|[silent]
|switch|p2b: Sneasler|Sneasler, L50, F|100/100
|move|p2a: Ninetales|Aurora Veil|p2a: Ninetales
|-sidestart|p2: dr holly|move: Aurora Veil
|move|p1a: Metagross|Psychic Fangs|p2b: Sneasler
|-sideend|p2: dr holly|move: Aurora Veil
|-supereffective|p2b: Sneasler|2
|-enditem|p2b: Sneasler|Focus Sash
|-damage|p2b: Sneasler|1/100
|
|-weather|Snowscape|[upkeep]
|-end|p1a: Metagross|Infestation|[partiallytrapped]|[silent]
|upkeep
|turn|8
|
|t:|1784246564
|switch|p1b: Politoed|Politoed, L50, M|51/100
|-weather|RainDance|[from] ability: Drizzle|[of] p1b: Politoed
|move|p2b: Sneasler|Close Combat|p1a: Metagross
|-damage|p1a: Metagross|47/100
|-unboost|p2b: Sneasler|def|1
|-unboost|p2b: Sneasler|spd|1
|move|p2a: Ninetales|Blizzard|p1a: Metagross|[spread] p1b
|-miss|p2a: Ninetales|p1a: Metagross
|-resisted|p1b: Politoed|1
|-damage|p1b: Politoed|35/100
|move|p1a: Metagross|Psychic Fangs|p2a: Ninetales
|-crit|p2a: Ninetales
|-damage|p2a: Ninetales|0 fnt
|faint|p2a: Ninetales
|
|-weather|RainDance|[upkeep]
|-heal|p1b: Politoed|41/100|[from] item: Leftovers
|upkeep
|-message|dr holly forfeited.
|
|win|master 792
|l|☆dr holly
|player|p2|
||dr holly is ready for game 2.
||master 792 is ready for game 2.
|uhtml|next|Next: Game 2 of 3
