|j|☆HikariVT
|j|☆f81malla
|html|HikariVTf81malla    
|uhtml|bestof|Game 2 of a best-of-3
|t:|1783562206
|gametype|doubles
|player|p1|HikariVT|lillie-masters2|1153
|player|p2|f81malla|grimsley|1273
|gen|9
|tier|[Gen 9 Champions] VGC 2026 Reg M-B (Bo3)
|rated|
|rule|Species Clause: Limit one of each Pokémon
|rule|Item Clause: Limit 1 of each item
|clearpoke
|poke|p1|Charizard, L50, M|
|poke|p1|Excadrill, L50, M|
|poke|p1|Whimsicott, L50, F|
|poke|p1|Lycanroc-Dusk, L50, F|
|poke|p1|Toxapex, L50, F|
|poke|p1|Hydreigon, L50, F|
|poke|p2|Mawile, L50, M|
|poke|p2|Ceruledge, L50, F|
|poke|p2|Incineroar, L50, F|
|poke|p2|Raichu, L50, M|
|poke|p2|Milotic, L50, M|
|poke|p2|Sinistcha, L50, shiny|
|teampreview|4
|showteam|p1|Charizard||CharizarditeY|Blaze|Protect,HeatWave,SolarBeam,WeatherBall|Timid||M|||50|]Excadrill||Excadrite|SandRush|Protect,Earthquake,StompingTantrum,IronHead|Jolly||M|||50|]Whimsicott||FocusSash|Prankster|Protect,Tailwind,Moonblast,Encore|Timid||F|||50|]Lycanroc-Dusk||ExpertBelt|ToughClaws|Protect,CloseCombat,Accelerock,Taunt|Jolly||F|||50|]Toxapex||Leftovers|Regenerator|BanefulBunker,Infestation,Toxic,WideGuard|Sassy||F|||50|]Hydreigon||ChoiceScarf|Levitate|DracoMeteor,DarkPulse,Snarl,EarthPower|Modest||F|||50|
|showteam|p2|Mawile||Mawilite|HyperCutter|PlayRough,SuckerPunch,SwordsDance,Protect|Adamant||M|||50|]Ceruledge||ColburBerry|FlashFire|BitterBlade,BulkUp,ShadowSneak,Protect|Adamant||F|||50|]Incineroar||SitrusBerry|Intimidate|FlareBlitz,ThroatChop,PartingShot,FakeOut|Impish||F|||50|]Raichu||RaichuniteY|LightningRod|ZapCannon,FocusBlast,FakeOut,Protect|Timid||M|||50|]Milotic||Leftovers|Competitive|MuddyWater,Hypnosis,Coil,Protect|Calm||M|||50|]Sinistcha||KasibBerry|Hospitality|MatchaGotcha,LifeDew,RagePowder,Protect|Bold|||||50|
|inactive|Battle timer is ON: inactive players will automatically lose when time's up. (requested by f81malla)
|inactive|HikariVT also wants the timer to be on.
|inactive|HikariVT has 60 seconds left.
|
|t:|1783562259
|teamsize|p1|4
|teamsize|p2|4
|start
|switch|p1a: Excadrill|Excadrill, L50, M|100/100
|switch|p1b: Whimsicott|Whimsicott, L50, F|100/100
|switch|p2a: Ceruledge|Ceruledge, L50, F|100/100
|switch|p2b: Incineroar|Incineroar, L50, F|100/100
|-ability|p2b: Incineroar|Intimidate|boost
|-unboost|p1a: Excadrill|atk|1
|-unboost|p1b: Whimsicott|atk|1
|turn|1
|inactive|HikariVT has 30 seconds left.
|
|t:|1783562285
|switch|p1a: Toxapex|Toxapex, L50, F|100/100
|move|p1b: Whimsicott|Protect|p1b: Whimsicott
|-singleturn|p1b: Whimsicott|Protect
|move|p2b: Incineroar|Fake Out|p1a: Toxapex
|-damage|p1a: Toxapex|92/100
|move|p2a: Ceruledge|Bitter Blade|p1b: Whimsicott
|-activate|p1b: Whimsicott|move: Protect
|
|-heal|p1a: Toxapex|98/100|[from] item: Leftovers
|upkeep
|turn|2
|
|t:|1783562296
|switch|p1b: Hydreigon|Hydreigon, L50, F|100/100
|move|p2a: Ceruledge|Bulk Up|p2a: Ceruledge
|-boost|p2a: Ceruledge|atk|1
|-boost|p2a: Ceruledge|def|1
|move|p2b: Incineroar|Flare Blitz|p1b: Hydreigon
|-resisted|p1b: Hydreigon|1
|-damage|p1b: Hydreigon|74/100
|-damage|p2b: Incineroar|92/100|[from] Recoil
|move|p1a: Toxapex|Toxic|p2a: Ceruledge
|-status|p2a: Ceruledge|tox
|
|-heal|p1a: Toxapex|100/100|[from] item: Leftovers
|-damage|p2a: Ceruledge|93/100 tox|[from] psn
|upkeep
|turn|3
|
|t:|1783562314
|switch|p2a: Mawile|Mawile, L50, M|100/100
|move|p1b: Hydreigon|Earth Power|p2a: Mawile
|-supereffective|p2a: Mawile|1
|-damage|p2a: Mawile|12/100
|-unboost|p2a: Mawile|spd|1
|move|p2b: Incineroar|Parting Shot|p1b: Hydreigon
|-unboost|p1b: Hydreigon|atk|1
|-unboost|p1b: Hydreigon|spa|1
|
|t:|1783562324
|switch|p2b: Milotic|Milotic, L50, M|100/100|[from] Parting Shot
|move|p1a: Toxapex|Toxic|p2b: Milotic
|-status|p2b: Milotic|tox
|
|-damage|p2b: Milotic|94/100 tox|[from] psn
|upkeep
|turn|4
|
|t:|1783562336
|switch|p2a: Incineroar|Incineroar, L50, F|92/100
|-ability|p2a: Incineroar|Intimidate|boost
|-unboost|p1a: Toxapex|atk|1
|-unboost|p1b: Hydreigon|atk|1
|move|p1b: Hydreigon|Earth Power|p2a: Incineroar
|-supereffective|p2a: Incineroar|1
|-damage|p2a: Incineroar|51/100
|move|p2b: Milotic|Coil|p2b: Milotic
|-boost|p2b: Milotic|atk|1
|-boost|p2b: Milotic|def|1
|-boost|p2b: Milotic|accuracy|1
|move|p1a: Toxapex|Infestation|p2b: Milotic
|-damage|p2b: Milotic|91/100 tox
|-activate|p2b: Milotic|move: Infestation|[of] p1a: Toxapex
|
|-heal|p2b: Milotic|97/100 tox|[from] item: Leftovers
|-damage|p2b: Milotic|85/100 tox|[from] psn
|-damage|p2b: Milotic|73/100 tox|[from] move: Infestation|[partiallytrapped]
|upkeep
|turn|5
|
|t:|1783562356
|switch|p1b: Whimsicott|Whimsicott, L50, F|100/100
|move|p2a: Incineroar|Fake Out|p1a: Toxapex
|-damage|p1a: Toxapex|91/100
|move|p2b: Milotic|Hypnosis|p1b: Whimsicott|[miss]
|-miss|p2b: Milotic|p1b: Whimsicott
|cant|p1a: Toxapex|flinch
|
|-heal|p2b: Milotic|79/100 tox|[from] item: Leftovers
|-heal|p1a: Toxapex|97/100|[from] item: Leftovers
|-damage|p2b: Milotic|61/100 tox|[from] psn
|-damage|p2b: Milotic|48/100 tox|[from] move: Infestation|[partiallytrapped]
|upkeep
|turn|6
|
|t:|1783562373
|move|p1b: Whimsicott|Encore|p2b: Milotic
|-start|p2b: Milotic|Encore
|move|p2b: Milotic|Hypnosis|p1b: Whimsicott
|-status|p1b: Whimsicott|slp|[from] move: Hypnosis
|move|p2a: Incineroar|Flare Blitz|p1b: Whimsicott
|-supereffective|p1b: Whimsicott|1
|-enditem|p1b: Whimsicott|Focus Sash
|-damage|p1b: Whimsicott|1/100 slp
|-damage|p2a: Incineroar|29/100|[from] Recoil
|-enditem|p2a: Incineroar|Sitrus Berry|[eat]
|-heal|p2a: Incineroar|54/100|[from] item: Sitrus Berry
|move|p1a: Toxapex|Toxic|p2a: Incineroar
|-status|p2a: Incineroar|tox
|
|-heal|p2b: Milotic|54/100 tox|[from] item: Leftovers
|-heal|p1a: Toxapex|100/100|[from] item: Leftovers
|-damage|p2b: Milotic|30/100 tox|[from] psn
|-damage|p2a: Incineroar|47/100 tox|[from] psn
|-damage|p2b: Milotic|18/100 tox|[from] move: Infestation|[partiallytrapped]
|upkeep
|turn|7
|
|t:|1783562392
|move|p1a: Toxapex|Baneful Bunker|p1a: Toxapex
|-singleturn|p1a: Toxapex|move: Protect
|cant|p1b: Whimsicott|slp
|move|p2b: Milotic|Hypnosis|p1a: Toxapex
|-activate|p1a: Toxapex|move: Protect
|move|p2a: Incineroar|Flare Blitz|p1b: Whimsicott
|-supereffective|p1b: Whimsicott|1
|-damage|p1b: Whimsicott|0 fnt
|faint|p1b: Whimsicott
|-damage|p2a: Incineroar|47/100 tox|[from] Recoil
|
|-heal|p2b: Milotic|24/100 tox|[from] item: Leftovers
|-damage|p2b: Milotic|0 fnt|[from] psn
|faint|p2b: Milotic
|-damage|p2a: Incineroar|35/100 tox|[from] psn
|upkeep
|
|t:|1783562409
|switch|p1b: Excadrill|Excadrill, L50, M|100/100
|switch|p2b: Mawile|Mawile, L50, M|12/100
|turn|8
|c|☆f81malla|Well, ggs
|c|☆f81malla|I played bad
|c|☆HikariVT|ggs
|c|☆f81malla|But ill keep trying
|inactive|f81malla has 30 seconds left.
|-message|f81malla forfeited.
|
|win|HikariVT
|raw|HikariVT's rating: 1153 → 1186(+33 for winning)
|raw|f81malla's rating: 1273 → 1240(-33 for losing)
|l|☆f81malla
|player|p2|
