|j|☆impno
|j|☆sorecruiser
|html|impnosorecruiser    
|uhtml|bestof|Game 1 of a best-of-3
|t:|1757124021
|gametype|doubles
|player|p1|impno|ethan|1131
|player|p2|sorecruiser|furisodegirl-black|1146
|gen|9
|tier|[Gen 9] VGC 2025 Reg H (Bo3)
|rated|
|rule|Species Clause: Limit one of each Pokémon
|rule|Item Clause: Limit 1 of each item
|clearpoke
|poke|p1|Lilligant-Hisui, L50, F|
|poke|p1|Torkoal, L50, M|
|poke|p1|Indeedee-F, L50, F|
|poke|p1|Reuniclus, L50, M|
|poke|p1|Ursaluna, L50, M|
|poke|p1|Smeargle, L50, M|
|poke|p2|Gholdengo, L50|
|poke|p2|Whimsicott, L50, M|
|poke|p2|Sneasler, L50, F|
|poke|p2|Basculegion, L50, M|
|poke|p2|Hydreigon, L50, F|
|poke|p2|Magmar, L50, F|
|teampreview|4
|showteam|p1|Lilligant-Hisui||FocusSash|Chlorophyll|CloseCombat,SleepPowder,AfterYou,Protect|||F|||50|,,,,,Ghost]Torkoal||ChoiceSpecs|Drought|Eruption,HeatWave,WeatherBall,EarthPower|||M|||50|,,,,,Fire]Indeedee-F||SafetyGoggles|PsychicSurge|FollowMe,HelpingHand,TrickRoom,AlluringVoice|||F|||50|,,,,,Water]Reuniclus||LifeOrb|MagicGuard|ExpandingForce,FocusBlast,CalmMind,TrickRoom|||M|||50|,,,,,Psychic]Ursaluna||FlameOrb|Guts|Earthquake,HeadlongRush,Facade,Protect|||M|||50|,,,,,Ground]Smeargle||EjectPack|Moody|Spore,FollowMe,TrickRoom,Taunt|||M|||50|,,,,,Normal
|showteam|p2|Gholdengo||MetalCoat|GoodasGold|MakeItRain,ShadowBall,NastyPlot,Protect||||||50|,,,,,Steel]Whimsicott||CovertCloak|Prankster|Tailwind,Encore,FakeTears,Moonblast|||M|||50|,,,,,Dark]Sneasler||FocusSash|PoisonTouch|DireClaw,CloseCombat,ThroatChop,Protect|||F|||50|,,,,,Dark]Basculegion||ChoiceScarf|Adaptability|LastRespects,WaveCrash,AquaJet,FlipTurn|||M|||50|,,,,,Ghost]Hydreigon||ChoiceSpecs|Levitate|DarkPulse,DracoMeteor,Snarl,HeatWave|||F|||50|,,,,,Fire]Magmar||Eviolite|VitalSpirit|FollowMe,HeatWave,Taunt,Protect|||F|||50|,,,,,Ghost
|c|☆sorecruiser|glhf
|c|☆impno|glhf
|inactive|Battle timer is ON: inactive players will automatically lose when time's up. (requested by sorecruiser)
|
|t:|1757124096
|teamsize|p1|4
|teamsize|p2|4
|start
|switch|p1a: Lilligant|Lilligant-Hisui, L50, F, shiny|100/100
|switch|p1b: Indeedee|Indeedee-F, L50, F, shiny|100/100
|switch|p2a: Hydreigon|Hydreigon, L50, F|100/100
|switch|p2b: Magmar|Magmar, L50, F|100/100
|-fieldstart|move: Psychic Terrain|[from] ability: Psychic Surge|[of] p1b: Indeedee
|turn|1
|
|t:|1757124118
|move|p2b: Magmar|Follow Me|p2b: Magmar
|-singleturn|p2b: Magmar|move: Follow Me
|move|p1a: Lilligant|After You||[still]
|-fail|p1a: Lilligant
|move|p2a: Hydreigon|Dark Pulse|p1b: Indeedee
|-supereffective|p1b: Indeedee
|-damage|p1b: Indeedee|9/100
|move|p1b: Indeedee|Trick Room|p1b: Indeedee
|-fieldstart|move: Trick Room|[of] p1b: Indeedee
|
|upkeep
|turn|2
|c|☆sorecruiser|damn
|inactive|impno has 30 seconds left.
|
|t:|1757124145
|move|p2b: Magmar|Follow Me|p2b: Magmar
|-singleturn|p2b: Magmar|move: Follow Me
|move|p1b: Indeedee|Alluring Voice|p2b: Magmar
|-resisted|p2b: Magmar
|-damage|p2b: Magmar|93/100
|move|p2a: Hydreigon|Dark Pulse|p1b: Indeedee
|-supereffective|p1b: Indeedee
|-damage|p1b: Indeedee|0 fnt
|faint|p1b: Indeedee
|move|p1a: Lilligant|Close Combat|p2b: Magmar
|-damage|p2b: Magmar|57/100
|-unboost|p1a: Lilligant|def|1
|-unboost|p1a: Lilligant|spd|1
|
|upkeep
|
|t:|1757124158
|switch|p1b: Torkoal|Torkoal, L50, M, shiny|100/100
|-weather|SunnyDay|[from] ability: Drought|[of] p1b: Torkoal
|turn|3
|
|t:|1757124172
|-terastallize|p1b: Torkoal|Fire
|move|p2b: Magmar|Follow Me|p2b: Magmar
|-singleturn|p2b: Magmar|move: Follow Me
|move|p1b: Torkoal|Eruption|p2b: Magmar|[spread] p2a,p2b
|-resisted|p2a: Hydreigon
|-resisted|p2b: Magmar
|-damage|p2a: Hydreigon|18/100
|-damage|p2b: Magmar|3/100
|move|p2a: Hydreigon|Dark Pulse|p1b: Torkoal
|-damage|p1b: Torkoal|15/100
|move|p1a: Lilligant|Close Combat|p2b: Magmar
|-damage|p2b: Magmar|0 fnt
|-unboost|p1a: Lilligant|def|1
|-unboost|p1a: Lilligant|spd|1
|faint|p2b: Magmar
|
|-weather|SunnyDay|[upkeep]
|upkeep
|
|t:|1757124188
|switch|p2b: Sneasler|Sneasler, L50, F|100/100
|turn|4
|c|☆impno|fucking hell
|c|☆sorecruiser|hehe
|
|t:|1757124200
|switch|p2a: Basculegion|Basculegion, L50, M|100/100
|move|p1b: Torkoal|Eruption|p2a: Basculegion|[spread] p2a,p2b
|-resisted|p2a: Basculegion
|-damage|p2a: Basculegion|87/100
|-damage|p2b: Sneasler|70/100
|move|p2b: Sneasler|Dire Claw|p1a: Lilligant
|-supereffective|p1a: Lilligant
|-crit|p1a: Lilligant
|-enditem|p1a: Lilligant|Focus Sash
|-damage|p1a: Lilligant|1/100
|-status|p1a: Lilligant|slp
|cant|p1a: Lilligant|slp
|
|-weather|SunnyDay|[upkeep]
|upkeep
|turn|5
|
|t:|1757124223
|move|p2a: Basculegion|Aqua Jet|p1b: Torkoal
|-activate|p1b: Torkoal|move: Psychic Terrain
|move|p1b: Torkoal|Eruption|p2a: Basculegion|[spread] p2a,p2b
|-resisted|p2a: Basculegion
|-damage|p2a: Basculegion|74/100
|-damage|p2b: Sneasler|44/100
|move|p2b: Sneasler|Dire Claw|p1a: Lilligant
|-supereffective|p1a: Lilligant
|-damage|p1a: Lilligant|0 fnt
|faint|p1a: Lilligant
|
|-weather|SunnyDay|[upkeep]
|-fieldend|move: Trick Room
|-fieldend|move: Psychic Terrain
|upkeep
|
|t:|1757124227
|switch|p1a: Ursaluna|Ursaluna, L50, M, shiny|100/100
|turn|6
|c|☆sorecruiser|forgot the terrain
|c|☆impno|doesnt really matter
|
|t:|1757124249
|switch|p2a: Hydreigon|Hydreigon, L50, F|18/100
|move|p2b: Sneasler|Protect|p2b: Sneasler
|-singleturn|p2b: Sneasler|Protect
|move|p1a: Ursaluna|Earthquake|p2a: Hydreigon|[spread] p1b
|-activate|p2b: Sneasler|move: Protect
|-immune|p2a: Hydreigon|[from] ability: Levitate
|-supereffective|p1b: Torkoal
|-damage|p1b: Torkoal|0 fnt
|faint|p1b: Torkoal
|
|-weather|SunnyDay|[upkeep]
|-status|p1a: Ursaluna|brn|[from] item: Flame Orb
|upkeep
|turn|7
|
|t:|1757124272
|move|p2b: Sneasler|Close Combat|p1a: Ursaluna
|-supereffective|p1a: Ursaluna
|-damage|p1a: Ursaluna|9/100 brn
|-unboost|p2b: Sneasler|def|1
|-unboost|p2b: Sneasler|spd|1
|move|p2a: Hydreigon|Dark Pulse|p1a: Ursaluna
|-damage|p1a: Ursaluna|0 fnt
|faint|p1a: Ursaluna
|
|win|sorecruiser
||impno is ready for game 2.
|l|☆impno
|player|p1|
