|j|☆OssiGT
|j|☆ak47akimbo
|html|OssiGTak47akimbo    
|uhtml|bestof|Game 3 of a best-of-3
|t:|1783679028
|gametype|doubles
|player|p1|OssiGT|colress|1125
|player|p2|ak47akimbo|scientist-gen4dp|1135
|gen|9
|tier|[Gen 9 Champions] VGC 2026 Reg M-B (Bo3)
|rated|
|rule|Species Clause: Limit one of each Pokémon
|rule|Item Clause: Limit 1 of each item
|clearpoke
|poke|p1|Raichu, L50, M|
|poke|p1|Mawile, L50, M|
|poke|p1|Sinistcha, L50|
|poke|p1|Ceruledge, L50, M|
|poke|p1|Milotic, L50, F|
|poke|p1|Incineroar, L50, F|
|poke|p2|Staraptor, L50, M|
|poke|p2|Farigiraf, L50, M|
|poke|p2|Torkoal, L50, F|
|poke|p2|Gholdengo, L50|
|poke|p2|Hatterene, L50, F|
|poke|p2|Grimmsnarl, L50, M|
|teampreview|4
|showteam|p1|Raichu||RaichuniteY|LightningRod|ZapCannon,FocusBlast,FakeOut,Protect|Timid||M|||50|]Mawile||Mawilite|HyperCutter|PlayRough,SuckerPunch,SwordsDance,Protect|Adamant||M|||50|]Sinistcha||KasibBerry|Hospitality|MatchaGotcha,LifeDew,RagePowder,Protect|Relaxed|||||50|]Ceruledge||ColburBerry|FlashFire|BitterBlade,ShadowSneak,BulkUp,Protect|Adamant||M|||50|]Milotic||Leftovers|Competitive|MuddyWater,Coil,Hypnosis,Protect|Calm||F|||50|]Incineroar||SitrusBerry|Intimidate|FlareBlitz,ThroatChop,FakeOut,PartingShot|Impish||F|||50|
|showteam|p2|Staraptor||Staraptite|Intimidate|CloseCombat,BraveBird,Roost,Protect|Adamant||M|||50|]Farigiraf||ColburBerry|ArmorTail|Protect,TrickRoom,FoulPlay,Psychic|Bold||M|||50|]Torkoal||Charcoal|Drought|Eruption,Protect,EarthPower,SolarBeam|Quiet||F|||50|]Gholdengo||LifeOrb|GoodasGold|MakeItRain,NastyPlot,ShadowBall,Protect|Modest|||||50|]Hatterene||SitrusBerry|MagicBounce|TrickRoom,DazzlingGleam,ShadowBall,CalmMind|Sassy||F|||50|]Grimmsnarl||LightClay|Prankster|PartingShot,FakeOut,Reflect,PlayRough|Careful||M|||50|
|inactive|Battle timer is ON: inactive players will automatically lose when time's up. (requested by ak47akimbo)
|
|t:|1783679060
|teamsize|p1|4
|teamsize|p2|4
|start
|switch|p1a: Incineroar|Incineroar, L50, F|100/100
|switch|p1b: Milotic|Milotic, L50, F|100/100
|switch|p2a: Grimmsnarl|Grimmsnarl, L50, M|100/100
|switch|p2b: Staraptor|Staraptor, L50, M|100/100
|-ability|p2b: Staraptor|Intimidate|boost
|-unboost|p1a: Incineroar|atk|1
|-unboost|p1b: Milotic|atk|1
|-ability|p1b: Milotic|Competitive|boost
|-boost|p1b: Milotic|spa|2
|-ability|p1a: Incineroar|Intimidate|boost
|-unboost|p2a: Grimmsnarl|atk|1
|-unboost|p2b: Staraptor|atk|1
|turn|1
|inactive|ak47akimbo has 30 seconds left.
|inactive|ak47akimbo has 20 seconds left.
|inactive|ak47akimbo has 15 seconds left.
|
|t:|1783679101
|detailschange|p2b: Staraptor|Staraptor-Mega, L50, M
|-mega|p2b: Staraptor|Staraptor|Staraptite
|move|p1a: Incineroar|Fake Out|p2a: Grimmsnarl
|-damage|p2a: Grimmsnarl|93/100
|cant|p2a: Grimmsnarl|flinch
|move|p2b: Staraptor|Close Combat|p1b: Milotic
|-damage|p1b: Milotic|62/100
|-boost|p2b: Staraptor|def|1
|-boost|p2b: Staraptor|spd|1
|move|p1b: Milotic|Coil|p1b: Milotic
|-boost|p1b: Milotic|atk|1
|-boost|p1b: Milotic|def|1
|-boost|p1b: Milotic|accuracy|1
|
|-heal|p1b: Milotic|68/100|[from] item: Leftovers
|upkeep
|turn|2
|
|t:|1783679126
|switch|p1a: Sinistcha|Sinistcha, L50|100/100
|-heal|p1b: Milotic|93/100|[from] ability: Hospitality|[of] p1a: Sinistcha
|move|p2a: Grimmsnarl|Parting Shot|p2b: Staraptor
|-boost|p2b: Staraptor|atk|1
|-boost|p2b: Staraptor|spa|1
|
|t:|1783679142
|switch|p2a: Torkoal|Torkoal, L50, F|100/100|[from] Parting Shot
|-weather|SunnyDay|[from] ability: Drought|[of] p2a: Torkoal
|move|p2b: Staraptor|Close Combat|p1a: Sinistcha
|-immune|p1a: Sinistcha
|move|p1b: Milotic|Hypnosis|p2b: Staraptor
|-status|p2b: Staraptor|slp|[from] move: Hypnosis
|
|-weather|SunnyDay|[upkeep]
|-heal|p1b: Milotic|99/100|[from] item: Leftovers
|upkeep
|turn|3
|inactive|ak47akimbo has 30 seconds left.
|
|t:|1783679168
|switch|p1a: Ceruledge|Ceruledge, L50, M|100/100
|cant|p2b: Staraptor|slp
|move|p1b: Milotic|Muddy Water|p2b: Staraptor|[spread] p2a,p2b
|-supereffective|p2a: Torkoal|1
|-damage|p2a: Torkoal|37/100
|-damage|p2b: Staraptor|84/100 slp
|-unboost|p2a: Torkoal|accuracy|1
|-boost|p2b: Staraptor|accuracy|1
|move|p2a: Torkoal|Eruption|p1a: Ceruledge|[spread] p1b
|-start|p1a: Ceruledge|ability: Flash Fire
|-resisted|p1b: Milotic|1
|-damage|p1b: Milotic|89/100
|
|-weather|SunnyDay|[upkeep]
|-heal|p1b: Milotic|95/100|[from] item: Leftovers
|upkeep
|turn|4
|
|t:|1783679193
|-curestatus|p2b: Staraptor|slp|[msg]
|move|p2b: Staraptor|Close Combat|p1b: Milotic
|-damage|p1b: Milotic|56/100
|-boost|p2b: Staraptor|def|1
|-boost|p2b: Staraptor|spd|1
|move|p1a: Ceruledge|Bitter Blade|p2b: Staraptor
|-damage|p2b: Staraptor|33/100
|move|p1b: Milotic|Muddy Water|p2b: Staraptor|[spread] p2a,p2b
|-supereffective|p2a: Torkoal|1
|-damage|p2a: Torkoal|0 fnt
|-damage|p2b: Staraptor|22/100
|faint|p2a: Torkoal
|
|-weather|SunnyDay|[upkeep]
|-heal|p1b: Milotic|62/100|[from] item: Leftovers
|upkeep
|
|t:|1783679203
|switch|p2a: Grimmsnarl|Grimmsnarl, L50, M|93/100
|turn|5
|
|t:|1783679212
|move|p2a: Grimmsnarl|Fake Out|p1b: Milotic
|-damage|p1b: Milotic|55/100
|move|p2b: Staraptor|Roost|p2b: Staraptor
|-heal|p2b: Staraptor|72/100
|-singleturn|p2b: Staraptor|move: Roost
|move|p1a: Ceruledge|Bulk Up|p1a: Ceruledge
|-boost|p1a: Ceruledge|atk|1
|-boost|p1a: Ceruledge|def|1
|cant|p1b: Milotic|flinch
|
|-weather|SunnyDay|[upkeep]
|-heal|p1b: Milotic|61/100|[from] item: Leftovers
|upkeep
|turn|6
|
|t:|1783679233
|move|p2a: Grimmsnarl|Reflect|p2a: Grimmsnarl
|-sidestart|p2: ak47akimbo|Reflect
|move|p2b: Staraptor|Close Combat|p1b: Milotic
|-damage|p1b: Milotic|18/100
|-boost|p2b: Staraptor|def|1
|-boost|p2b: Staraptor|spd|1
|move|p1a: Ceruledge|Bitter Blade|p2b: Staraptor
|-damage|p2b: Staraptor|30/100
|move|p1b: Milotic|Hypnosis|p2b: Staraptor|[miss]
|-miss|p1b: Milotic|p2b: Staraptor
|
|-weather|none
|-heal|p1b: Milotic|24/100|[from] item: Leftovers
|upkeep
|turn|7
|inactive|OssiGT has 30 seconds left.
|
|t:|1783679259
|-end|p1a: Ceruledge|ability: Flash Fire|[silent]
|switch|p1a: Sinistcha|Sinistcha, L50|100/100
|-heal|p1b: Milotic|49/100|[from] ability: Hospitality|[of] p1a: Sinistcha
|move|p2a: Grimmsnarl|Parting Shot|p2b: Staraptor
|-boost|p2b: Staraptor|atk|1
|-boost|p2b: Staraptor|spa|1
|
|t:|1783679267
|switch|p2a: Hatterene|Hatterene, L50, F|100/100|[from] Parting Shot
|move|p2b: Staraptor|Roost|p2b: Staraptor
|-heal|p2b: Staraptor|80/100
|-singleturn|p2b: Staraptor|move: Roost
|move|p1b: Milotic|Hypnosis|p2b: Staraptor
|-status|p2b: Staraptor|slp|[from] move: Hypnosis
|
|-heal|p1b: Milotic|55/100|[from] item: Leftovers
|upkeep
|turn|8
|
|t:|1783679292
|switch|p1a: Ceruledge|Ceruledge, L50, M|100/100
|cant|p2b: Staraptor|slp
|move|p1b: Milotic|Coil|p1b: Milotic
|-boost|p1b: Milotic|atk|1
|-boost|p1b: Milotic|def|1
|-boost|p1b: Milotic|accuracy|1
|move|p2a: Hatterene|Shadow Ball|p1a: Ceruledge
|-supereffective|p1a: Ceruledge|1
|-damage|p1a: Ceruledge|52/100
|
|-heal|p1b: Milotic|61/100|[from] item: Leftovers
|upkeep
|turn|9
|
|t:|1783679316
|switch|p1a: Sinistcha|Sinistcha, L50|100/100
|-heal|p1b: Milotic|86/100|[from] ability: Hospitality|[of] p1a: Sinistcha
|-curestatus|p2b: Staraptor|slp|[msg]
|move|p2b: Staraptor|Brave Bird|p1a: Sinistcha
|-supereffective|p1a: Sinistcha|1
|-damage|p1a: Sinistcha|0 fnt
|faint|p1a: Sinistcha
|-damage|p2b: Staraptor|49/100|[from] Recoil
|move|p1b: Milotic|Muddy Water|p2a: Hatterene|[spread] p2a,p2b
|-damage|p2a: Hatterene|57/100
|-damage|p2b: Staraptor|31/100
|-unboost|p2a: Hatterene|accuracy|1
|move|p2a: Hatterene|Shadow Ball|p1b: Milotic
|-damage|p1b: Milotic|69/100
|-unboost|p1b: Milotic|spd|1
|-ability|p1b: Milotic|Competitive|boost
|-boost|p1b: Milotic|spa|2
|
|-heal|p1b: Milotic|75/100|[from] item: Leftovers
|upkeep
|
|t:|1783679327
|switch|p1a: Incineroar|Incineroar, L50, F|100/100
|-ability|p1a: Incineroar|Intimidate|boost
|-unboost|p2a: Hatterene|atk|1
|-boost|p2b: Staraptor|atk|1
|turn|10
|
|t:|1783679341
|switch|p2a: Grimmsnarl|Grimmsnarl, L50, M|93/100
|move|p2b: Staraptor|Protect|p2b: Staraptor
|-singleturn|p2b: Staraptor|Protect
|move|p1a: Incineroar|Fake Out|p2b: Staraptor
|-activate|p2b: Staraptor|move: Protect
|move|p1b: Milotic|Muddy Water|p2a: Grimmsnarl|[spread] p2a
|-activate|p2b: Staraptor|move: Protect
|-damage|p2a: Grimmsnarl|38/100
|
|-heal|p1b: Milotic|81/100|[from] item: Leftovers
|upkeep
|turn|11
|
|t:|1783679364
|switch|p1a: Ceruledge|Ceruledge, L50, M|52/100
|move|p2a: Grimmsnarl|Fake Out|p1b: Milotic
|-damage|p1b: Milotic|76/100
|move|p2b: Staraptor|Close Combat|p1a: Ceruledge
|-immune|p1a: Ceruledge
|cant|p1b: Milotic|flinch
|
|-heal|p1b: Milotic|82/100|[from] item: Leftovers
|upkeep
|turn|12
|
|t:|1783679377
|move|p2a: Grimmsnarl|Parting Shot|p2b: Staraptor
|-boost|p2b: Staraptor|atk|1
|-boost|p2b: Staraptor|spa|1
|
|t:|1783679381
|switch|p2a: Hatterene|Hatterene, L50, F|57/100|[from] Parting Shot
|move|p2b: Staraptor|Roost|p2b: Staraptor
|-heal|p2b: Staraptor|81/100
|-singleturn|p2b: Staraptor|move: Roost
|move|p1a: Ceruledge|Bulk Up|p1a: Ceruledge
|-boost|p1a: Ceruledge|atk|1
|-boost|p1a: Ceruledge|def|1
|move|p1b: Milotic|Muddy Water|p2b: Staraptor|[spread] p2a,p2b
|-damage|p2a: Hatterene|0 fnt
|-damage|p2b: Staraptor|51/100
|-boost|p2b: Staraptor|accuracy|1
|faint|p2a: Hatterene
|
|-heal|p1b: Milotic|88/100|[from] item: Leftovers
|upkeep
|
|t:|1783679394
|switch|p2a: Grimmsnarl|Grimmsnarl, L50, M|38/100
|turn|13
|
|t:|1783679406
|move|p1b: Milotic|Protect|p1b: Milotic
|-singleturn|p1b: Milotic|Protect
|move|p2a: Grimmsnarl|Fake Out|p1b: Milotic
|-activate|p1b: Milotic|move: Protect
|move|p1a: Ceruledge|Shadow Sneak|p2b: Staraptor
|-damage|p2b: Staraptor|43/100
|move|p2b: Staraptor|Brave Bird|p1a: Ceruledge
|-damage|p1a: Ceruledge|0 fnt
|faint|p1a: Ceruledge
|-damage|p2b: Staraptor|27/100|[from] Recoil
|
|-heal|p1b: Milotic|94/100|[from] item: Leftovers
|-sideend|p2: ak47akimbo|Reflect
|upkeep
|
|t:|1783679409
|switch|p1a: Incineroar|Incineroar, L50, F|100/100
|-ability|p1a: Incineroar|Intimidate|boost
|-unboost|p2a: Grimmsnarl|atk|1
|-boost|p2b: Staraptor|atk|1
|turn|14
|
|t:|1783679427
|move|p2b: Staraptor|Protect|p2b: Staraptor
|-singleturn|p2b: Staraptor|Protect
|move|p1a: Incineroar|Fake Out|p2b: Staraptor
|-activate|p2b: Staraptor|move: Protect
|move|p2a: Grimmsnarl|Reflect|p2a: Grimmsnarl
|-sidestart|p2: ak47akimbo|Reflect
|move|p1b: Milotic|Coil|p1b: Milotic
|-boost|p1b: Milotic|atk|1
|-boost|p1b: Milotic|def|1
|-boost|p1b: Milotic|accuracy|1
|
|-heal|p1b: Milotic|100/100|[from] item: Leftovers
|upkeep
|turn|15
|inactive|ak47akimbo has 30 seconds left.
|
|t:|1783679452
|move|p2a: Grimmsnarl|Parting Shot|p2b: Staraptor
|-boost|p2b: Staraptor|atk|1
|-boost|p2b: Staraptor|spa|1
|move|p2b: Staraptor|Close Combat|p1a: Incineroar
|-supereffective|p1a: Incineroar|1
|-damage|p1a: Incineroar|0 fnt
|-boost|p2b: Staraptor|def|1
|-boost|p2b: Staraptor|spd|1
|faint|p1a: Incineroar
|move|p1b: Milotic|Muddy Water|p2b: Staraptor|[spread] p2a,p2b
|-damage|p2a: Grimmsnarl|0 fnt
|-damage|p2b: Staraptor|3/100
|faint|p2a: Grimmsnarl
|
|upkeep
|turn|16
|
|t:|1783679465
|move|p2b: Staraptor|Roost|p2b: Staraptor
|-heal|p2b: Staraptor|53/100
|-singleturn|p2b: Staraptor|move: Roost
|move|p1b: Milotic|Hypnosis|p2b: Staraptor
|-status|p2b: Staraptor|slp|[from] move: Hypnosis
|
|upkeep
|turn|17
|
|t:|1783679473
|cant|p2b: Staraptor|slp
|move|p1b: Milotic|Muddy Water|p2b: Staraptor
|-damage|p2b: Staraptor|21/100 slp
|
|upkeep
|turn|18
|
|t:|1783679480
|cant|p2b: Staraptor|slp
|move|p1b: Milotic|Muddy Water|p2b: Staraptor
|-damage|p2b: Staraptor|0 fnt
|faint|p2b: Staraptor
|
|win|OssiGT
|raw|OssiGT's rating: 1125 → 1151(+26 for winning)
|raw|ak47akimbo's rating: 1135 → 1109(-26 for losing)
