|j|☆Piedrer
|j|☆viatles
|html|Piedrerviatles    
|uhtml|bestof|Game 3 of a best-of-3
|t:|1756238099
|gametype|doubles
|player|p1|Piedrer|red|1160
|player|p2|viatles|hiker|1103
|gen|9
|tier|[Gen 9] VGC 2025 Reg H (Bo3)
|rated|
|rule|Species Clause: Limit one of each Pokémon
|rule|Item Clause: Limit 1 of each item
|clearpoke
|poke|p1|Clefable, L50, F|
|poke|p1|Garchomp, L50, F|
|poke|p1|Whimsicott, L50, M|
|poke|p1|Hydreigon, L50, M|
|poke|p1|Maushold-Four, L50|
|poke|p1|Gholdengo, L50|
|poke|p2|Oricorio-Sensu, L50, M|
|poke|p2|Volcarona, L50, F|
|poke|p2|Sylveon, L50, M|
|poke|p2|Murkrow, L50, F|
|poke|p2|Dragapult, L50, F|
|poke|p2|Baxcalibur, L50, M|
|teampreview|4
|showteam|p1|Clefable||SitrusBerry|Unaware|FollowMe,Moonblast,MistyTerrain,Protect|||F|||50|,,,,,Water]Garchomp||LifeOrb|RoughSkin|StompingTantrum,DragonClaw,Earthquake,Protect|||F|||50|,,,,,Ground]Whimsicott||FocusSash|Prankster|Moonblast,Encore,Tailwind,SunnyDay|||M|||50|,,,,,Ghost]Hydreigon||ChoiceSpecs|Levitate|DarkPulse,DracoMeteor,Snarl,HeatWave|||M|||50|,,,,,Fire]Maushold-Four||WideLens|Technician|Protect,PopulationBomb,FollowMe,SuperFang||||||50|,,,,,Normal]Gholdengo||IronPlate|GoodasGold|MakeItRain,ShadowBall,NastyPlot,Protect||||||50|,,,,,Steel
|showteam|p2|Oricorio-Sensu||FocusSash|Dancer|QuiverDance,BatonPass,RevelationDance,Protect|||M|||50|,,,,,Fighting]Volcarona||SitrusBerry|FlameBody|QuiverDance,GigaDrain,FieryDance,Protect|||F|||50|,,,,,Grass]Sylveon||ChoiceScarf|Pixilate|HyperVoice,TeraBlast,StoredPower,SleepTalk|||M|||50|,,,,,Ground]Murkrow||Eviolite|Prankster|Tailwind,FoulPlay,Haze,FeatherDance|||F|||50|,,,,,Dark]Dragapult||CovertCloak|ClearBody|DragonCheer,DragonDarts,Protect,PhantomForce|||F|||50|,,,,,Stellar]Baxcalibur||LoadedDice|ThermalExchange|IcicleSpear,ScaleShot,GlaiveRush,Protect|||M|||50|,,,,,Grass
|inactive|Battle timer is ON: inactive players will automatically lose when time's up. (requested by Piedrer)
|inactive|viatles also wants the timer to be on.
|
|t:|1756238116
|teamsize|p1|4
|teamsize|p2|4
|start
|switch|p1a: Whimsicott|Whimsicott, L50, M|100/100
|switch|p1b: Hydreigon|Hydreigon, L50, M|100/100
|switch|p2a: Oricorio|Oricorio-Sensu, L50, M|100/100
|switch|p2b: Volcarona|Volcarona, L50, F|100/100
|turn|1
|inactive|Piedrer has 30 seconds left.
|inactive|Piedrer has 20 seconds left.
|
|t:|1756238153
|move|p2a: Oricorio|Protect|p2a: Oricorio
|-singleturn|p2a: Oricorio|Protect
|move|p1a: Whimsicott|Moonblast|p2b: Volcarona
|-resisted|p2b: Volcarona
|-damage|p2b: Volcarona|83/100
|-unboost|p2b: Volcarona|spa|1
|move|p1b: Hydreigon|Draco Meteor|p2b: Volcarona
|-crit|p2b: Volcarona
|-damage|p2b: Volcarona|0 fnt
|-unboost|p1b: Hydreigon|spa|2
|faint|p2b: Volcarona
|
|upkeep
|
|t:|1756238166
|switch|p2b: Sylveon|Sylveon, L50, M|100/100
|turn|2
|
|t:|1756238183
|switch|p1b: Gholdengo|Gholdengo, L50|100/100
|move|p1a: Whimsicott|Encore|p2a: Oricorio
|-start|p2a: Oricorio|Encore
|move|p2b: Sylveon|Tera Blast|p1a: Whimsicott
|-damage|p1a: Whimsicott|17/100
|move|p2a: Oricorio|Protect||[still]
|-fail|p2a: Oricorio
|
|upkeep
|turn|3
|
|t:|1756238200
|switch|p2a: Murkrow|Murkrow, L50, F|100/100
|-terastallize|p2b: Sylveon|Ground
|move|p1a: Whimsicott|Tailwind|p1a: Whimsicott
|-sidestart|p1: Piedrer|move: Tailwind
|move|p1b: Gholdengo|Nasty Plot|p1b: Gholdengo
|-boost|p1b: Gholdengo|spa|2
|move|p2b: Sylveon|Tera Blast|p1b: Gholdengo|[anim] Tera Blast Ground
|-supereffective|p1b: Gholdengo
|-damage|p1b: Gholdengo|9/100
|
|upkeep
|turn|4
|
|t:|1756238222
|move|p1b: Gholdengo|Protect|p1b: Gholdengo
|-singleturn|p1b: Gholdengo|Protect
|move|p2a: Murkrow|Tailwind|p2a: Murkrow
|-sidestart|p2: viatles|move: Tailwind
|move|p1a: Whimsicott|Moonblast|p2a: Murkrow
|-supereffective|p2a: Murkrow
|-damage|p2a: Murkrow|24/100
|move|p2b: Sylveon|Tera Blast|p1a: Whimsicott|[anim] Tera Blast Ground
|-resisted|p1a: Whimsicott
|-damage|p1a: Whimsicott|0 fnt
|faint|p1a: Whimsicott
|
|upkeep
|
|t:|1756238233
|switch|p1a: Maushold|Maushold-Four, L50|100/100
|turn|5
|
|t:|1756238240
|-terastallize|p1b: Gholdengo|Steel
|move|p1a: Maushold|Follow Me|p1a: Maushold
|-singleturn|p1a: Maushold|move: Follow Me
|move|p2a: Murkrow|Tailwind||[still]
|-fail|p2a: Murkrow
|move|p2b: Sylveon|Tera Blast|p1a: Maushold|[anim] Tera Blast Ground
|-damage|p1a: Maushold|36/100
|move|p1b: Gholdengo|Make It Rain|p2a: Murkrow|[spread] p2a,p2b
|-damage|p2a: Murkrow|0 fnt
|-damage|p2b: Sylveon|0 fnt
|-unboost|p1b: Gholdengo|spa|1
|faint|p2a: Murkrow
|faint|p2b: Sylveon
|
|upkeep
|
|t:|1756238254
|switch|p2b: Oricorio|Oricorio-Sensu, L50, M|100/100
|turn|6
|c|☆viatles|ggs
|
|t:|1756238262
|move|p1a: Maushold|Follow Me|p1a: Maushold
|-singleturn|p1a: Maushold|move: Follow Me
|move|p2b: Oricorio|Revelation Dance|p1a: Maushold
|-immune|p1a: Maushold
|move|p1b: Gholdengo|Shadow Ball|p2b: Oricorio
|-supereffective|p2b: Oricorio
|-enditem|p2b: Oricorio|Focus Sash
|-damage|p2b: Oricorio|1/100
|
|-sideend|p1: Piedrer|move: Tailwind
|upkeep
|turn|7
|c|☆Piedrer|gg
|
|t:|1756238274
|move|p1a: Maushold|Follow Me|p1a: Maushold
|-singleturn|p1a: Maushold|move: Follow Me
|move|p2b: Oricorio|Revelation Dance|p1a: Maushold
|-immune|p1a: Maushold
|move|p1b: Gholdengo|Shadow Ball|p2b: Oricorio
|-supereffective|p2b: Oricorio
|-damage|p2b: Oricorio|0 fnt
|faint|p2b: Oricorio
|
|win|Piedrer
|raw|Piedrer's rating: 1160 → 1181(+21 for winning)
|raw|viatles's rating: 1103 → 1082(-21 for losing)
