|j|☆grfynnvgc
|j|☆lysydzik
|html|grfynnvgclysydzik    
|uhtml|bestof|Game 2 of a best-of-3
|t:|1785380927
|gametype|doubles
|player|p1|grfynnvgc|1|1115
|player|p2|lysydzik|169|1040
|gen|9
|tier|[Gen 9 Champions] VGC 2026 Reg M-B (Bo3)
|rated|
|rule|Species Clause: Limit one of each Pokémon
|rule|Item Clause: Limit 1 of each item
|clearpoke
|poke|p1|Gengar, L50, M|
|poke|p1|Kommo-o, L50, M|
|poke|p1|Ninetales-Alola, L50, M|
|poke|p1|Primarina, L50, M|
|poke|p1|Volcarona, L50, F|
|poke|p1|Incineroar, L50, M|
|poke|p2|Metagross, L50, shiny|
|poke|p2|Talonflame, L50, F, shiny|
|poke|p2|Sinistcha-Masterpiece, L50|
|poke|p2|Ditto, L50, shiny|
|poke|p2|Sylveon, L50, F, shiny|
|poke|p2|Krookodile, L50, M|
|teampreview|4
|showteam|p1|Gengar||Gengarite|CursedBody|ShadowBall,SludgeBomb,PerishSong,Protect|Modest||M|||50|]Kommo-o||Leftovers|Soundproof|ClangingScales,AuraSphere,ClangorousSoul,Protect|Modest||M|||50|]Ninetales-Alola||FocusSash|SnowWarning|Blizzard,FreezeDry,AuroraVeil,Protect|Timid||M|||50|]Primarina||MysticWater|LiquidVoice|HyperVoice,Moonblast,PerishSong,Protect|Modest||M|||50|]Volcarona||SitrusBerry|FlameBody|Flamethrower,StruggleBug,RagePowder,Protect|Bold||F|||50|]Incineroar||ShucaBerry|Intimidate|FakeOut,ThroatChop,PartingShot,Protect|Impish||M|||50|
|showteam|p2|Metagross||Metagrossite|ClearBody|BulletPunch,PsychicFangs,MeteorMash,Protect|Adamant|||||50|]Talonflame||FocusSash|GaleWings|Tailwind,BraveBird,Uturn,FlareBlitz|Adamant||F|||50|]Sinistcha-Masterpiece||OccaBerry|Hospitality|TrickRoom,MatchaGotcha,ShadowBall,Protect|Relaxed|||||50|]Ditto||SitrusBerry|Limber|Transform|Timid|||||50|]Sylveon||FairyFeather|Pixilate|HyperVoice,HyperBeam,QuickAttack,Detect|Quiet||F|||50|]Krookodile||ChoiceScarf|Intimidate|AquaTail,Earthquake,Crunch,CloseCombat|Jolly||M|||50|
|inactive|Battle timer is ON: inactive players will automatically lose when time's up. (requested by grfynnvgc)
|
|t:|1785380973
|teamsize|p1|4
|teamsize|p2|4
|start
|switch|p1a: Gengar|Gengar, L50, M|100/100
|switch|p1b: Volcarona|Volcarona, L50, F|100/100
|switch|p2a: Talonflame|Talonflame, L50, F, shiny|100/100
|switch|p2b: Ditto|Ditto, L50, shiny|100/100
|turn|1
|
|t:|1785380996
|switch|p1b: Primarina|Primarina, L50, M|100/100
|detailschange|p1a: Gengar|Gengar-Mega, L50, M
|-mega|p1a: Gengar|Gengar|Gengarite
|move|p2a: Talonflame|Brave Bird|p1b: Primarina
|-damage|p1b: Primarina|32/100
|-damage|p2a: Talonflame|72/100|[from] Recoil
|move|p1a: Gengar|Perish Song|p1a: Gengar
|-start|p1a: Gengar|perish3|[silent]
|-start|p1b: Primarina|perish3|[silent]
|-start|p2a: Talonflame|perish3|[silent]
|-start|p2b: Ditto|perish3|[silent]
|-fieldactivate|move: Perish Song
|move|p2b: Ditto|Transform|p1a: Gengar
|-transform|p2b: Ditto|p1a: Gengar
|
|-start|p2a: Talonflame|perish3
|-start|p2b: Ditto|perish3
|-start|p1a: Gengar|perish3
|-start|p1b: Primarina|perish3
|upkeep
|turn|2
|inactive|grfynnvgc has 30 seconds left.
|inactive|lysydzik has 30 seconds left.
|inactive|grfynnvgc has 20 seconds left.
|inactive|grfynnvgc has 15 seconds left.
|
|t:|1785381040
|move|p2b: Ditto|Protect|p2b: Ditto
|-singleturn|p2b: Ditto|Protect
|move|p2a: Talonflame|Brave Bird|p1b: Primarina
|-damage|p1b: Primarina|0 fnt
|faint|p1b: Primarina
|-damage|p2a: Talonflame|60/100|[from] Recoil
|move|p1a: Gengar|Shadow Ball|p2b: Ditto
|-activate|p2b: Ditto|move: Protect
|
|-start|p2a: Talonflame|perish2
|-start|p2b: Ditto|perish2
|-start|p1a: Gengar|perish2
|upkeep
|
|t:|1785381055
|switch|p1b: Volcarona|Volcarona, L50, F|100/100
|turn|3
|
|t:|1785381067
|move|p1a: Gengar|Protect|p1a: Gengar
|-singleturn|p1a: Gengar|Protect
|move|p1b: Volcarona|Protect|p1b: Volcarona
|-singleturn|p1b: Volcarona|Protect
|move|p2a: Talonflame|Brave Bird|p1b: Volcarona
|-activate|p1b: Volcarona|move: Protect
|move|p2b: Ditto|Shadow Ball|p1a: Gengar
|-activate|p1a: Gengar|move: Protect
|
|-start|p2a: Talonflame|perish1
|-start|p2b: Ditto|perish1
|-start|p1a: Gengar|perish1
|upkeep
|turn|4
|inactive|grfynnvgc has 30 seconds left.
|
|t:|1785381093
|switch|p1a: Ninetales|Ninetales-Alola, L50, M|100/100
|-weather|Snowscape|[from] ability: Snow Warning|[of] p1a: Ninetales
|move|p2b: Ditto|Protect|p2b: Ditto
|-singleturn|p2b: Ditto|Protect
|move|p2a: Talonflame|U-turn|p1b: Volcarona
|-resisted|p1b: Volcarona|1
|-crit|p1b: Volcarona
|-damage|p1b: Volcarona|85/100
|
|t:|1785381113
|switch|p2a: Metagross|Metagross, L50, shiny|100/100|[from] U-turn
|move|p1b: Volcarona|Struggle Bug|p2b: Ditto|[spread] p2a
|-activate|p2b: Ditto|move: Protect
|-damage|p2a: Metagross|79/100
|
|-weather|Snowscape|[upkeep]
|-start|p2b: Ditto|perish0
|faint|p2b: Ditto
|upkeep
|
|t:|1785381120
|switch|p2b: Talonflame|Talonflame, L50, F, shiny|60/100
|turn|5
|
|t:|1785381136
|detailschange|p2a: Metagross|Metagross-Mega, L50, shiny
|-mega|p2a: Metagross|Metagross|Metagrossite
|move|p1b: Volcarona|Rage Powder|p1b: Volcarona
|-singleturn|p1b: Volcarona|move: Rage Powder
|move|p2a: Metagross|Bullet Punch|p1b: Volcarona
|-resisted|p1b: Volcarona|1
|-damage|p1b: Volcarona|70/100
|move|p2b: Talonflame|Brave Bird|p1b: Volcarona
|-supereffective|p1b: Volcarona|1
|-damage|p1b: Volcarona|0 fnt
|faint|p1b: Volcarona
|-damage|p2b: Talonflame|30/100|[from] Recoil
|move|p1a: Ninetales|Blizzard|p2a: Metagross|[spread] p2a,p2b
|-resisted|p2a: Metagross|1
|-damage|p2a: Metagross|62/100
|-damage|p2b: Talonflame|0 fnt
|-status|p2a: Metagross|frz
|faint|p2b: Talonflame
|
|-weather|Snowscape|[upkeep]
|upkeep
|
|t:|1785381150
|switch|p2b: Sinistcha|Sinistcha-Masterpiece, L50|100/100
|switch|p1b: Gengar|Gengar-Mega, L50, M|100/100
|-heal|p2a: Metagross|87/100 frz|[from] ability: Hospitality|[of] p2b: Sinistcha
|turn|6
|
|t:|1785381165
|move|p2b: Sinistcha|Protect|p2b: Sinistcha
|-singleturn|p2b: Sinistcha|Protect
|cant|p2a: Metagross|frz
|move|p1a: Ninetales|Blizzard|p2a: Metagross|[spread] p2a
|-activate|p2b: Sinistcha|move: Protect
|-resisted|p2a: Metagross|1
|-damage|p2a: Metagross|72/100 frz
|move|p1b: Gengar|Shadow Ball|p2a: Metagross
|-supereffective|p2a: Metagross|1
|-damage|p2a: Metagross|0 fnt
|faint|p2a: Metagross
|
|-weather|Snowscape|[upkeep]
|upkeep
|turn|7
|
|t:|1785381181
|move|p1a: Ninetales|Blizzard|p2b: Sinistcha
|-supereffective|p2b: Sinistcha|1
|-damage|p2b: Sinistcha|1/100
|move|p1b: Gengar|Shadow Ball|p2b: Sinistcha
|-supereffective|p2b: Sinistcha|1
|-damage|p2b: Sinistcha|0 fnt
|faint|p2b: Sinistcha
|
|win|grfynnvgc
