|j|☆UchihaMauten
|j|☆rokesaurio
|html|UchihaMautenrokesaurio    
|uhtml|bestof|Game 3 of a best-of-3
|t:|1782602424
|gametype|doubles
|player|p1|UchihaMauten|101|1097
|player|p2|rokesaurio|1|1120
|gen|9
|tier|[Gen 9 Champions] VGC 2026 Reg M-B (Bo3)
|rated|
|rule|Species Clause: Limit one of each Pokémon
|rule|Item Clause: Limit 1 of each item
|clearpoke
|poke|p1|Charizard, L50, M|
|poke|p1|Metagross, L50|
|poke|p1|Maushold, L50|
|poke|p1|Garchomp, L50, M|
|poke|p1|Annihilape, L50, M|
|poke|p1|Whimsicott, L50, F|
|poke|p2|Pyroar, L50, M|
|poke|p2|Torkoal, L50, F|
|poke|p2|Farigiraf, L50, M|
|poke|p2|Whimsicott, L50, F|
|poke|p2|Aerodactyl, L50, M|
|poke|p2|Sinistcha, L50|
|teampreview|4
|showteam|p1|Charizard||CharizarditeY|Blaze|HeatWave,SolarBeam,WeatherBall,Protect|Timid||M|||50|]Metagross||Metagrossite|ClearBody|IronHead,PsychicFangs,BodyPress,Protect|Jolly|||||50|]Maushold||SitrusBerry|FriendGuard|SuperFang,BeatUp,FollowMe,Protect|Jolly|||||50|]Garchomp||LifeOrb|RoughSkin|Earthquake,DragonClaw,RockSlide,Protect|Jolly||M|||50|]Annihilape||Leftovers|Defiant|DrainPunch,RageFist,BulkUp,Protect|Adamant||M|||50|]Whimsicott||FocusSash|Prankster|Moonblast,Tailwind,Encore,Protect|Bold||F|||50|
|showteam|p2|Pyroar||Pyroarite|Unnerve|HeatWave,Overheat,Flamethrower,Protect|Modest||M|||50|]Torkoal||Charcoal|Drought|Eruption,HelpingHand,EarthPower,WeatherBall|Quiet||F|||50|]Farigiraf||SitrusBerry|ArmorTail|TrickRoom,TwinBeam,Thunderbolt,HelpingHand|Bold||M|||50|]Whimsicott||FocusSash|Prankster|Tailwind,SunnyDay,Moonblast,Encore|Timid||F|||50|]Aerodactyl||Aerodactylite|RockHead|Tailwind,RockSlide,DualWingbeat,IceFang|Jolly||M|||50|]Sinistcha||Leftovers|Hospitality|MatchaGotcha,RagePowder,Protect,ShadowBall|Bold|||||50|
|inactive|Battle timer is ON: inactive players will automatically lose when time's up. (requested by rokesaurio)
|inactive|UchihaMauten has 60 seconds left.
|
|t:|1782602473
|teamsize|p1|4
|teamsize|p2|4
|start
|switch|p1a: Garchomp|Garchomp, L50, M|100/100
|switch|p1b: Whimsicott|Whimsicott, L50, F|100/100
|switch|p2a: Whimsicott|Whimsicott, L50, F|100/100
|switch|p2b: Aerodactyl|Aerodactyl, L50, M|100/100
|turn|1
|inactive|UchihaMauten has 30 seconds left.
|
|t:|1782602503
|detailschange|p2b: Aerodactyl|Aerodactyl-Mega, L50, M
|-mega|p2b: Aerodactyl|Aerodactyl|Aerodactylite
|move|p1a: Garchomp|Protect|p1a: Garchomp
|-singleturn|p1a: Garchomp|Protect
|move|p2a: Whimsicott|Tailwind|p2a: Whimsicott
|-sidestart|p2: rokesaurio|move: Tailwind
|move|p2b: Aerodactyl|Ice Fang|p1a: Garchomp
|-activate|p1a: Garchomp|move: Protect
|move|p1b: Whimsicott|Moonblast|p2b: Aerodactyl
|-damage|p2b: Aerodactyl|67/100
|
|upkeep
|turn|2
|inactive|UchihaMauten has 30 seconds left.
|
|t:|1782602538
|switch|p1a: Annihilape|Annihilape, L50, M|100/100
|move|p2a: Whimsicott|Encore||[still]
|-fail|p2a: Whimsicott
|move|p1b: Whimsicott|Encore|p2b: Aerodactyl
|-start|p2b: Aerodactyl|Encore
|move|p2b: Aerodactyl|Ice Fang|p1b: Whimsicott
|-supereffective|p1b: Whimsicott|1
|-damage|p1b: Whimsicott|43/100
|-status|p1b: Whimsicott|frz
|
|upkeep
|turn|3
|
|t:|1782602563
|switch|p1b: Charizard|Charizard, L50, M|100/100
|move|p1a: Annihilape|Protect|p1a: Annihilape
|-singleturn|p1a: Annihilape|Protect
|move|p2b: Aerodactyl|Ice Fang|p1a: Annihilape
|-activate|p1a: Annihilape|move: Protect
|move|p2a: Whimsicott|Moonblast|p1a: Annihilape
|-activate|p1a: Annihilape|move: Protect
|
|upkeep
|turn|4
|inactive|UchihaMauten has 30 seconds left.
|
|t:|1782602592
|detailschange|p1b: Charizard|Charizard-Mega-Y, L50, M
|-mega|p1b: Charizard|Charizard|Charizardite Y
|-weather|SunnyDay|[from] ability: Drought|[of] p1b: Charizard
|move|p2b: Aerodactyl|Ice Fang|p1a: Annihilape
|-damage|p1a: Annihilape|70/100
|move|p2a: Whimsicott|Moonblast|p1a: Annihilape
|-supereffective|p1a: Annihilape|1
|-damage|p1a: Annihilape|21/100
|move|p1b: Charizard|Heat Wave|p2a: Whimsicott|[spread] p2a,p2b
|-supereffective|p2a: Whimsicott|1
|-resisted|p2b: Aerodactyl|1
|-enditem|p2a: Whimsicott|Focus Sash
|-damage|p2a: Whimsicott|1/100
|-damage|p2b: Aerodactyl|27/100
|-status|p2a: Whimsicott|brn
|move|p1a: Annihilape|Drain Punch|p2a: Whimsicott
|-resisted|p2a: Whimsicott|1
|-damage|p2a: Whimsicott|0 fnt
|-heal|p1a: Annihilape|21/100|[from] drain|[of] p2a: Whimsicott
|faint|p2a: Whimsicott
|
|-weather|SunnyDay|[upkeep]
|-heal|p1a: Annihilape|27/100|[from] item: Leftovers
|-end|p2b: Aerodactyl|Encore
|-sideend|p2: rokesaurio|move: Tailwind
|upkeep
|
|t:|1782602603
|switch|p2a: Sinistcha|Sinistcha, L50|100/100
|-heal|p2b: Aerodactyl|52/100|[from] ability: Hospitality|[of] p2a: Sinistcha
|turn|5
|inactive|UchihaMauten has 30 seconds left.
|
|t:|1782602635
|move|p1b: Charizard|Protect|p1b: Charizard
|-singleturn|p1b: Charizard|Protect
|move|p2a: Sinistcha|Rage Powder|p2a: Sinistcha
|-singleturn|p2a: Sinistcha|move: Rage Powder
|move|p2b: Aerodactyl|Tailwind|p2b: Aerodactyl
|-sidestart|p2: rokesaurio|move: Tailwind
|move|p1a: Annihilape|Rage Fist|p2a: Sinistcha
|-supereffective|p2a: Sinistcha|1
|-crit|p2a: Sinistcha
|-damage|p2a: Sinistcha|0 fnt
|faint|p2a: Sinistcha
|
|-weather|SunnyDay|[upkeep]
|-heal|p1a: Annihilape|33/100|[from] item: Leftovers
|upkeep
|
|t:|1782602637
|switch|p2a: Farigiraf|Farigiraf, L50, M|100/100
|turn|6
|inactive|UchihaMauten has 30 seconds left.
|
|t:|1782602663
|switch|p1b: Whimsicott|Whimsicott, L50, F|43/100 frz
|move|p1a: Annihilape|Protect|p1a: Annihilape
|-singleturn|p1a: Annihilape|Protect
|move|p2b: Aerodactyl|Rock Slide|p1a: Annihilape|[spread] p1b
|-activate|p1a: Annihilape|move: Protect
|-damage|p1b: Whimsicott|16/100 frz
|move|p2a: Farigiraf|Twin Beam|p1a: Annihilape
|-activate|p1a: Annihilape|move: Protect
|
|-weather|SunnyDay|[upkeep]
|-heal|p1a: Annihilape|39/100|[from] item: Leftovers
|upkeep
|turn|7
|inactive|UchihaMauten has 30 seconds left.
|
|t:|1782602690
|-curestatus|p1b: Whimsicott|frz|[msg]
|move|p1b: Whimsicott|Tailwind|p1b: Whimsicott
|-sidestart|p1: UchihaMauten|move: Tailwind
|move|p2b: Aerodactyl|Dual Wingbeat|p1a: Annihilape
|-supereffective|p1a: Annihilape|1
|-damage|p1a: Annihilape|0 fnt
|faint|p1a: Annihilape
|-hitcount|p1: Annihilape|1
|move|p2a: Farigiraf|Twin Beam|p1b: Whimsicott
|-damage|p1b: Whimsicott|0 fnt
|faint|p1b: Whimsicott
|-hitcount|p1: Whimsicott|1
|
|-weather|SunnyDay|[upkeep]
|upkeep
|
|t:|1782602700
|switch|p1b: Charizard|Charizard-Mega-Y, L50, M|100/100
|switch|p1a: Garchomp|Garchomp, L50, M|100/100
|turn|8
|
|t:|1782602711
|move|p1a: Garchomp|Protect|p1a: Garchomp
|-singleturn|p1a: Garchomp|Protect
|move|p1b: Charizard|Protect|p1b: Charizard
|-singleturn|p1b: Charizard|Protect
|move|p2b: Aerodactyl|Rock Slide|p1a: Garchomp|[spread] 
|-activate|p1a: Garchomp|move: Protect
|-activate|p1b: Charizard|move: Protect
|move|p2a: Farigiraf|Trick Room|p2a: Farigiraf
|-fieldstart|move: Trick Room|[of] p2a: Farigiraf
|
|-weather|none
|-sideend|p2: rokesaurio|move: Tailwind
|upkeep
|turn|9
|
|t:|1782602733
|move|p2a: Farigiraf|Twin Beam|p1a: Garchomp
|-damage|p1a: Garchomp|84/100
|-damage|p1a: Garchomp|68/100
|-hitcount|p1a: Garchomp|2
|move|p2b: Aerodactyl|Ice Fang|p1a: Garchomp
|-supereffective|p1a: Garchomp|2
|-damage|p1a: Garchomp|0 fnt
|-damage|p2b: Aerodactyl|40/100|[from] ability: Rough Skin|[of] p1a: Garchomp
|faint|p1a: Garchomp
|move|p1b: Charizard|Heat Wave|p2b: Aerodactyl|[spread] p2a,p2b
|-resisted|p2b: Aerodactyl|1
|-damage|p2a: Farigiraf|65/100
|-damage|p2b: Aerodactyl|13/100
|-status|p2a: Farigiraf|brn
|
|-damage|p2a: Farigiraf|59/100 brn|[from] brn
|upkeep
|turn|10
|
|t:|1782602753
|move|p1b: Charizard|Protect|p1b: Charizard
|-singleturn|p1b: Charizard|Protect
|move|p2b: Aerodactyl|Rock Slide|p1b: Charizard
|-activate|p1b: Charizard|move: Protect
|move|p2a: Farigiraf|Trick Room|p2a: Farigiraf
|-fieldend|move: Trick Room
|
|-damage|p2a: Farigiraf|52/100 brn|[from] brn
|-sideend|p1: UchihaMauten|move: Tailwind
|upkeep
|turn|11
|
|t:|1782602765
|move|p2b: Aerodactyl|Rock Slide|p1b: Charizard
|-supereffective|p1b: Charizard|2
|-damage|p1b: Charizard|0 fnt
|faint|p1b: Charizard
|
|win|rokesaurio
|raw|UchihaMauten's rating: 1097 → 1074(-23 for losing)
|raw|rokesaurio's rating: 1120 → 1143(+23 for winning)
|l|☆rokesaurio
|player|p2|
