|j|☆sparrow.d.ace
|j|☆SuperOinge22
|html|sparrow.d.aceSuperOinge22    
|uhtml|bestof|Game 3 of a best-of-3
|t:|1755200578
|gametype|doubles
|player|p1|sparrow.d.ace|alec-anime|1183
|player|p2|SuperOinge22|mars|1309
|gen|9
|tier|[Gen 9] VGC 2025 Reg H (Bo3)
|rated|
|rule|Species Clause: Limit one of each Pokémon
|rule|Item Clause: Limit 1 of each item
|clearpoke
|poke|p1|Basculegion, L50, M|
|poke|p1|Pelipper, L50, M|
|poke|p1|Archaludon, L50, M|
|poke|p1|Kingambit, L50, F|
|poke|p1|Sneasler, L50, M|
|poke|p1|Rillaboom, L50, M|
|poke|p2|Empoleon, L50, F|
|poke|p2|Salamence, L50, M|
|poke|p2|Meowscarada, L50, F|
|poke|p2|Garchomp, L50, M|
|poke|p2|Gholdengo, L50|
|poke|p2|Volcarona, L50, F|
|teampreview|4
|showteam|p1|Basculegion||ChoiceBand|SwiftSwim|WaveCrash,FlipTurn,LastRespects,AquaJet|||M|||50|,,,,,Water]Pelipper||CovertCloak|Drizzle|WeatherBall,Hurricane,Tailwind,Protect|||M|||50|,,,,,Stellar]Archaludon||AssaultVest|Stamina|ElectroShot,DragonPulse,FlashCannon,BodyPress|||M|||50|,,,,,Grass]Kingambit||BlackGlasses|Defiant|KowtowCleave,IronHead,SuckerPunch,Protect|||F|||50|,,,,,Dark]Sneasler||FocusSash|PoisonTouch|DireClaw,CloseCombat,ThroatChop,Protect|||M|||50|,,,,,Ghost]Rillaboom||MiracleSeed|GrassySurge|WoodHammer,GrassyGlide,Uturn,FakeOut|||M|||50|,,,,,Fire
|showteam|p2|Empoleon||SitrusBerry|Competitive|WaterPledge,FlashCannon,Yawn,Protect|||F|||50|,,,,,Flying]Salamence||EjectPack|Intimidate|DracoMeteor,HeatWave,Tailwind,Protect|||M|||50|,,,,,Fire]Meowscarada||FocusSash|Overgrow|FlowerTrick,KnockOff,GrassPledge,Protect|||F|||50|,,,,,Grass]Garchomp||LifeOrb|RoughSkin|DragonClaw,Earthquake,StompingTantrum,Protect|||M|||50|,,,,,Ground]Gholdengo||MetalCoat|GoodasGold|MakeItRain,ShadowBall,NastyPlot,Protect||||||50|,,,,,Water]Volcarona||CovertCloak|FlameBody|Overheat,StruggleBug,RagePowder,Tailwind|||F|||50|,,,,,Grass
|inactive|Battle timer is ON: inactive players will automatically lose when time's up. (requested by SuperOinge22)
|inactive|sparrow.d.ace has 60 seconds left.
|
|t:|1755200615
|teamsize|p1|4
|teamsize|p2|4
|start
|switch|p1a: Sneasler|Sneasler, L50, M|100/100
|switch|p1b: Pelipper|Pelipper, L50, M, shiny|100/100
|switch|p2a: Gholdengo|Gholdengo, L50|100/100
|switch|p2b: Volcarona|Volcarona, L50, F|100/100
|-weather|RainDance|[from] ability: Drizzle|[of] p1b: Pelipper
|turn|1
|inactive|SuperOinge22 has 30 seconds left.
|inactive|SuperOinge22 has 20 seconds left.
|
|t:|1755200652
|switch|p2b: Salamence|Salamence, L50, M|100/100
|-ability|p2b: Salamence|Intimidate|boost
|-unboost|p1a: Sneasler|atk|1
|-unboost|p1b: Pelipper|atk|1
|-terastallize|p2a: Gholdengo|Water
|move|p1a: Sneasler|Dire Claw|p2b: Salamence
|-damage|p2b: Salamence|75/100
|-status|p2b: Salamence|par
|move|p2a: Gholdengo|Nasty Plot|p2a: Gholdengo
|-boost|p2a: Gholdengo|spa|2
|move|p1b: Pelipper|Tailwind|p1b: Pelipper
|-sidestart|p1: sparrow.d.ace|move: Tailwind
|
|-weather|RainDance|[upkeep]
|upkeep
|turn|2
|inactive|SuperOinge22 has 30 seconds left.
|
|t:|1755200677
|move|p2a: Gholdengo|Protect|p2a: Gholdengo
|-singleturn|p2a: Gholdengo|Protect
|move|p1a: Sneasler|Dire Claw|p2a: Gholdengo
|-activate|p2a: Gholdengo|move: Protect
|move|p1b: Pelipper|Weather Ball|p2a: Gholdengo
|-activate|p2a: Gholdengo|move: Protect
|move|p2b: Salamence|Tailwind|p2b: Salamence
|-sidestart|p2: SuperOinge22|move: Tailwind
|
|-weather|RainDance|[upkeep]
|upkeep
|turn|3
|
|t:|1755200691
|move|p1a: Sneasler|Dire Claw|p2a: Gholdengo
|-damage|p2a: Gholdengo|75/100
|-status|p2a: Gholdengo|psn|[from] ability: Poison Touch|[of] p1a: Sneasler
|move|p2a: Gholdengo|Shadow Ball|p1b: Pelipper
|-damage|p1b: Pelipper|0 fnt
|faint|p1b: Pelipper
|move|p2b: Salamence|Draco Meteor|p1a: Sneasler
|-damage|p1a: Sneasler|25/100
|-unboost|p2b: Salamence|spa|2
|-enditem|p2b: Salamence|Eject Pack
|
|t:|1755200704
|switch|p2b: Volcarona|Volcarona, L50, F|100/100
|
|-weather|RainDance|[upkeep]
|-damage|p2a: Gholdengo|63/100 psn|[from] psn
|upkeep
|
|t:|1755200708
|switch|p1b: Archaludon|Archaludon, L50, M|100/100
|turn|4
|
|t:|1755200720
|-terastallize|p1b: Archaludon|Grass
|move|p1a: Sneasler|Protect|p1a: Sneasler
|-singleturn|p1a: Sneasler|Protect
|move|p2b: Volcarona|Rage Powder|p2b: Volcarona
|-singleturn|p2b: Volcarona|move: Rage Powder
|move|p2a: Gholdengo|Make It Rain|p1a: Sneasler|[spread] p1b
|-activate|p1a: Sneasler|move: Protect
|-damage|p1b: Archaludon|30/100
|-unboost|p2a: Gholdengo|spa|1
|-ability|p1b: Archaludon|Stamina|boost
|-boost|p1b: Archaludon|def|1
|move|p1b: Archaludon|Electro Shot||[still]
|-prepare|p1b: Archaludon|Electro Shot
|-boost|p1b: Archaludon|spa|1
|-anim|p1b: Archaludon|Electro Shot|p2a: Gholdengo
|-supereffective|p2a: Gholdengo
|-crit|p2a: Gholdengo
|-damage|p2a: Gholdengo|0 fnt
|faint|p2a: Gholdengo
|
|-weather|RainDance|[upkeep]
|-sideend|p1: sparrow.d.ace|move: Tailwind
|upkeep
|
|t:|1755200733
|switch|p2a: Meowscarada|Meowscarada, L50, F|100/100
|turn|5
|
|t:|1755200752
|switch|p1a: Kingambit|Kingambit, L50, F|100/100
|move|p2a: Meowscarada|Flower Trick|p1a: Kingambit
|-resisted|p1a: Kingambit
|-crit|p1a: Kingambit
|-damage|p1a: Kingambit|82/100
|move|p2b: Volcarona|Overheat|p1b: Archaludon
|-supereffective|p1b: Archaludon
|-damage|p1b: Archaludon|0 fnt
|-unboost|p2b: Volcarona|spa|2
|faint|p1b: Archaludon
|
|-weather|none
|-sideend|p2: SuperOinge22|move: Tailwind
|upkeep
|
|t:|1755200766
|switch|p1b: Sneasler|Sneasler, L50, M|25/100
|turn|6
|
|t:|1755200782
|move|p2a: Meowscarada|Flower Trick|p1b: Sneasler
|-resisted|p1b: Sneasler
|-crit|p1b: Sneasler
|-damage|p1b: Sneasler|0 fnt
|faint|p1b: Sneasler
|move|p2b: Volcarona|Overheat|p1a: Kingambit
|-supereffective|p1a: Kingambit
|-damage|p1a: Kingambit|11/100
|-unboost|p2b: Volcarona|spa|2
|move|p1a: Kingambit|Kowtow Cleave|p2b: Volcarona
|-damage|p2b: Volcarona|36/100
|-status|p1a: Kingambit|brn|[from] ability: Flame Body|[of] p2b: Volcarona
|
|-damage|p1a: Kingambit|5/100 brn|[from] brn
|upkeep
|turn|7
|-message|sparrow.d.ace forfeited.
|raw|sparrow.d.ace's rating: 1183 → 1167(-16 for losing)
|raw|SuperOinge22's rating: 1309 → 1322(+13 for winning)
|
|win|SuperOinge22
|l|☆SuperOinge22
|player|p2|
