|j|☆TrainerChrxs
|j|☆Pokeventurer
|html|TrainerChrxsPokeventurer    
|uhtml|bestof|Game 3 of a best-of-3
|t:|1757106434
|gametype|doubles
|player|p1|TrainerChrxs|psychic-gen4|1275
|player|p2|Pokeventurer|2|1194
|gen|9
|tier|[Gen 9] VGC 2025 Reg H (Bo3)
|rated|
|rule|Species Clause: Limit one of each Pokémon
|rule|Item Clause: Limit 1 of each item
|clearpoke
|poke|p1|Ninetales-Alola, L50, F|
|poke|p1|Baxcalibur, L50, F|
|poke|p1|Rillaboom, L50, M|
|poke|p1|Electabuzz, L50, M|
|poke|p1|Tauros-Paldea-Blaze, L50, M|
|poke|p1|Hydreigon, L50, F|
|poke|p2|Basculegion, L50, M|
|poke|p2|Pelipper, L50, F|
|poke|p2|Archaludon, L50, M|
|poke|p2|Rillaboom, L50, M|
|poke|p2|Maushold, L50|
|poke|p2|Annihilape, L50, F|
|teampreview|4
|showteam|p1|Ninetales-Alola||LightClay|SnowWarning|Protect,FreezeDry,Moonblast,AuroraVeil|||F|||50|,,,,,Water]Baxcalibur||LoadedDice|IceBody|Protect,GlaiveRush,IcicleSpear,SwordsDance|||F|||50|,,,,,Fire]Rillaboom||AssaultVest|GrassySurge|FakeOut,WoodHammer,GrassyGlide,Uturn|||M|||50|,,,,,Rock]Electabuzz||Eviolite|VitalSpirit|Protect,FollowMe,VoltSwitch,Electroweb|||M|||50|,,,,,Dragon]Tauros-Paldea-Blaze||ClearAmulet|Intimidate|Protect,RagingBull,CloseCombat,WillOWisp|||M|||50|,,,,,Ghost]Hydreigon||LifeOrb|Levitate|Protect,HeatWave,DarkPulse,NastyPlot|||F|||50|,,,,,Fire
|showteam|p2|Basculegion||ChoiceBand|SwiftSwim|WaveCrash,FlipTurn,LastRespects,AquaJet|||M|||50|,,,,,Water]Pelipper||FocusSash|Drizzle|WeatherBall,Hurricane,Tailwind,Protect|||F|||50|,,,,,Stellar]Archaludon||AssaultVest|Stamina|ElectroShot,FlashCannon,Snarl,BodyPress|||M|||50|,,,,,Grass]Rillaboom||CobaBerry|GrassySurge|FakeOut,GrassyGlide,WoodHammer,Uturn|||M|||50|,,,,,Steel]Maushold||CovertCloak|FriendGuard|FollowMe,BeatUp,SuperFang,Taunt||||||50|,,,,,Ghost]Annihilape||SafetyGoggles|Defiant|DrainPunch,RageFist,BulkUp,Protect|||F|||50|,,,,,Fire
|inactive|Battle timer is ON: inactive players will automatically lose when time's up. (requested by Pokeventurer)
|
|t:|1757106458
|teamsize|p1|4
|teamsize|p2|4
|start
|switch|p1a: Electabuzz|Electabuzz, L50, M|100/100
|switch|p1b: Hydreigon|Hydreigon, L50, F, shiny|100/100
|switch|p2a: MonkeyDo|Annihilape, L50, F|100/100
|switch|p2b: MouseySee|Maushold, L50|100/100
|turn|1
|inactive|TrainerChrxs has 30 seconds left.
|
|t:|1757106487
|move|p1a: Electabuzz|Follow Me|p1a: Electabuzz
|-singleturn|p1a: Electabuzz|move: Follow Me
|move|p2b: MouseySee|Taunt|p1a: Electabuzz
|-start|p1a: Electabuzz|move: Taunt
|move|p2a: MonkeyDo|Bulk Up|p2a: MonkeyDo
|-boost|p2a: MonkeyDo|atk|1
|-boost|p2a: MonkeyDo|def|1
|move|p1b: Hydreigon|Nasty Plot|p1b: Hydreigon
|-boost|p1b: Hydreigon|spa|2
|
|upkeep
|turn|2
|j| teamthief420
|inactive|TrainerChrxs has 30 seconds left.
|inactive|TrainerChrxs has 20 seconds left.
|inactive|TrainerChrxs has 15 seconds left.
|
|t:|1757106528
|-terastallize|p2a: MonkeyDo|Fire
|-terastallize|p1b: Hydreigon|Fire
|move|p2b: MouseySee|Beat Up|p2a: MonkeyDo
|-damage|p2a: MonkeyDo|99/100
|-damage|p2a: MonkeyDo|98/100
|-damage|p2a: MonkeyDo|97/100
|-crit|p2a: MonkeyDo
|-damage|p2a: MonkeyDo|95/100
|-hitcount|p2a: MonkeyDo|4
|move|p1a: Electabuzz|Electroweb|p2a: MonkeyDo|[spread] p2a,p2b
|-damage|p2a: MonkeyDo|85/100
|-damage|p2b: MouseySee|85/100
|-unboost|p2a: MonkeyDo|spe|1
|-ability|p2a: MonkeyDo|Defiant|boost
|-boost|p2a: MonkeyDo|atk|2
|move|p1b: Hydreigon|Nasty Plot|p1b: Hydreigon
|-boost|p1b: Hydreigon|spa|2
|move|p2a: MonkeyDo|Rage Fist|p1a: Electabuzz
|-damage|p1a: Electabuzz|0 fnt
|faint|p1a: Electabuzz
|
|upkeep
|
|t:|1757106544
|switch|p1a: Ninetales|Ninetales-Alola, L50, F|100/100
|-weather|Snowscape|[from] ability: Snow Warning|[of] p1a: Ninetales
|turn|3
|
|t:|1757106552
|switch|p2b: BigMouth|Pelipper, L50, F|100/100
|-weather|RainDance|[from] ability: Drizzle|[of] p2b: BigMouth
|move|p1a: Ninetales|Aurora Veil||[still]
|-fail|p1a: Ninetales
|move|p1b: Hydreigon|Dark Pulse|p2a: MonkeyDo
|-damage|p2a: MonkeyDo|0 fnt
|faint|p2a: MonkeyDo
|-damage|p1b: Hydreigon|91/100|[from] item: Life Orb
|
|-weather|RainDance|[upkeep]
|upkeep
|
|t:|1757106565
|switch|p2a: MouseySee|Maushold, L50|85/100
|turn|4
|
|t:|1757106585
|switch|p1a: Rillaboom|Rillaboom, L50, M|100/100
|-fieldstart|move: Grassy Terrain|[from] ability: Grassy Surge|[of] p1a: Rillaboom
|move|p1b: Hydreigon|Protect|p1b: Hydreigon
|-singleturn|p1b: Hydreigon|Protect
|move|p2a: MouseySee|Taunt|p1b: Hydreigon
|-activate|p1b: Hydreigon|move: Protect
|move|p2b: BigMouth|Tailwind|p2b: BigMouth
|-sidestart|p2: Pokeventurer|move: Tailwind
|
|-weather|RainDance|[upkeep]
|-heal|p2a: MouseySee|91/100|[from] Grassy Terrain
|upkeep
|turn|5
|inactive|TrainerChrxs has 30 seconds left.
|
|t:|1757106615
|switch|p2b: London Paris&Tokyo|Archaludon, L50, M|100/100
|switch|p1a: Ninetales|Ninetales-Alola, L50, F|100/100
|-weather|Snowscape|[from] ability: Snow Warning|[of] p1a: Ninetales
|move|p2a: MouseySee|Super Fang|p1a: Ninetales
|-damage|p1a: Ninetales|50/100
|move|p1b: Hydreigon|Heat Wave|p2a: MouseySee|[spread] p2b
|-miss|p1b: Hydreigon|p2a: MouseySee
|-damage|p2b: London Paris&Tokyo|0 fnt
|faint|p2b: London Paris&Tokyo
|-damage|p1b: Hydreigon|81/100|[from] item: Life Orb
|
|-weather|Snowscape|[upkeep]
|-heal|p2a: MouseySee|97/100|[from] Grassy Terrain
|-heal|p1a: Ninetales|57/100|[from] Grassy Terrain
|upkeep
|
|t:|1757106628
|switch|p2b: BigMouth|Pelipper, L50, F|100/100
|-weather|RainDance|[from] ability: Drizzle|[of] p2b: BigMouth
|turn|6
|
|t:|1757106635
|switch|p1a: Rillaboom|Rillaboom, L50, M|100/100
|move|p1b: Hydreigon|Protect|p1b: Hydreigon
|-singleturn|p1b: Hydreigon|Protect
|move|p2a: MouseySee|Super Fang|p1a: Rillaboom
|-damage|p1a: Rillaboom|51/100
|move|p2b: BigMouth|Hurricane|p1a: Rillaboom
|-supereffective|p1a: Rillaboom
|-damage|p1a: Rillaboom|0 fnt
|faint|p1a: Rillaboom
|
|-weather|RainDance|[upkeep]
|-heal|p2a: MouseySee|100/100|[from] Grassy Terrain
|upkeep
|
|t:|1757106645
|switch|p1a: Ninetales|Ninetales-Alola, L50, F|57/100
|-weather|Snowscape|[from] ability: Snow Warning|[of] p1a: Ninetales
|turn|7
|
|t:|1757106657
|move|p2a: MouseySee|Super Fang|p1b: Hydreigon
|-damage|p1b: Hydreigon|41/100
|move|p2b: BigMouth|Hurricane|p1b: Hydreigon
|-damage|p1b: Hydreigon|0 fnt
|faint|p1b: Hydreigon
|move|p1a: Ninetales|Freeze-Dry|p2b: BigMouth
|-supereffective|p2b: BigMouth
|-enditem|p2b: BigMouth|Focus Sash
|-damage|p2b: BigMouth|1/100
|-status|p2b: BigMouth|frz
|
|-weather|Snowscape|[upkeep]
|-heal|p1a: Ninetales|63/100|[from] Grassy Terrain
|-sideend|p2: Pokeventurer|move: Tailwind
|upkeep
|turn|8
|
|t:|1757106674
|move|p2a: MouseySee|Super Fang|p1a: Ninetales
|-damage|p1a: Ninetales|32/100
|move|p1a: Ninetales|Moonblast|p2b: BigMouth
|-damage|p2b: BigMouth|0 fnt
|faint|p2b: BigMouth
|
|-weather|Snowscape|[upkeep]
|-heal|p1a: Ninetales|38/100|[from] Grassy Terrain
|-fieldend|move: Grassy Terrain
|upkeep
|turn|9
|c|☆TrainerChrxs|Wow well played
|c|☆Pokeventurer|gg
|
|t:|1757106692
|move|p2a: MouseySee|Super Fang|p1a: Ninetales|[miss]
|-miss|p2a: MouseySee|p1a: Ninetales
|move|p1a: Ninetales|Moonblast|p2a: MouseySee
|-damage|p2a: MouseySee|69/100
|
|-weather|Snowscape|[upkeep]
|upkeep
|turn|10
|c|☆Pokeventurer|50 50 chance that i make it out of that turn
|
|t:|1757106705
|move|p2a: MouseySee|Super Fang|p1a: Ninetales
|-damage|p1a: Ninetales|19/100
|move|p1a: Ninetales|Moonblast|p2a: MouseySee
|-damage|p2a: MouseySee|34/100
|
|-weather|Snowscape|[upkeep]
|upkeep
|turn|11
|c|☆TrainerChrxs|Yeah that hurricane on hydro caught me off guard
|c|☆TrainerChrxs|didn’t think that would kill
|inactive|TrainerChrxs has 30 seconds left.
|c|☆TrainerChrxs|Sucks that I missed 2 moves on the mouse 😭
|c|☆TrainerChrxs|gg
|c|☆Pokeventurer|gg
|inactive|TrainerChrxs has 20 seconds left.
|
|t:|1757106742
|move|p2a: MouseySee|Beat Up|p1a: Ninetales
|-resisted|p1a: Ninetales
|-damage|p1a: Ninetales|19/100
|-hitcount|p1a: Ninetales|1
|move|p1a: Ninetales|Moonblast|p2a: MouseySee
|-damage|p2a: MouseySee|2/100
|
|-weather|none
|upkeep
|turn|12
|
|t:|1757106753
|move|p2a: MouseySee|Super Fang|p1a: Ninetales
|-damage|p1a: Ninetales|10/100
|move|p1a: Ninetales|Moonblast|p2a: MouseySee
|-damage|p2a: MouseySee|0 fnt
|faint|p2a: MouseySee
|
|win|TrainerChrxs
|raw|TrainerChrxs's rating: 1275 → 1294(+19 for winning)
|raw|Pokeventurer's rating: 1194 → 1175(-19 for losing)
