|j|☆Como Se Dice Ben
|j|☆a bit too human
|html|Como Se Dice Bena bit too human    
|uhtml|bestof|Game 2 of a best-of-3
|t:|1755628051
|gametype|doubles
|player|p1|Como Se Dice Ben|li|1296
|player|p2|a bit too human|2|1283
|gen|9
|tier|[Gen 9] VGC 2025 Reg H (Bo3)
|rated|
|rule|Species Clause: Limit one of each Pokémon
|rule|Item Clause: Limit 1 of each item
|clearpoke
|poke|p1|Baxcalibur, L50, F|
|poke|p1|Weezing-Galar, L50, M|
|poke|p1|Toedscruel, L50, F|
|poke|p1|Chandelure, L50, M|
|poke|p1|Kilowattrel, L50, M|
|poke|p1|Krookodile, L50, M|
|poke|p2|Blaziken, L50, F|
|poke|p2|Basculegion, L50, M|
|poke|p2|Rillaboom, L50, F|
|poke|p2|Dragonite, L50, M|
|poke|p2|Ninetales-Alola, L50, F|
|poke|p2|Electabuzz, L50, M|
|teampreview|4
|showteam|p1|Baxcalibur||LoadedDice|ThermalExchange|IcicleSpear,ScaleShot,IceShard,Protect|||F|||50|,,,,,Water]Weezing-Galar||ChoiceSpecs|NeutralizingGas|DazzlingGleam,SludgeBomb,StrangeSteam,Flamethrower|||M|||50|,,,,,Ghost]Toedscruel||CovertCloak|MyceliumMight|Spore,EarthPower,AcidSpray,RagePowder|||F|||50|,,,,,Water]Chandelure||SafetyGoggles|FlashFire|Overheat,ShadowBall,WillOWisp,Protect|||M|||50|,,,,,Dark]Kilowattrel||FocusSash|Competitive|Electroweb,AirSlash,Tailwind,Protect|||M|||50|,,,,,Ghost]Krookodile||ChoiceScarf|Intimidate|HighHorsepower,KnockOff,GunkShot,CloseCombat|||M|||50|,,,,,Poison
|showteam|p2|Blaziken||FocusSash|SpeedBoost|HeatWave,AuraSphere,Coaching,Protect|||F|||50|,,,,,Stellar]Basculegion||ChoiceScarf|Adaptability|WaveCrash,LastRespects,AquaJet,FlipTurn|||M|||50|,,,,,Water]Rillaboom||AssaultVest|GrassySurge|WoodHammer,GrassyGlide,HighHorsepower,FakeOut|||F|||50|,,,,,Fire]Dragonite||LoadedDice|Multiscale|ScaleShot,ExtremeSpeed,Tailwind,Protect|||M|||50|,,,,,Fairy]Ninetales-Alola||NeverMeltIce|SnowWarning|Blizzard,FreezeDry,Encore,Protect|||F|||50|,,,,,Ice]Electabuzz||Eviolite|VitalSpirit|Thunderbolt,Taunt,FollowMe,Protect|||M|||50|,,,,,Dragon
|
|t:|1755628087
|teamsize|p1|4
|teamsize|p2|4
|start
|switch|p1a: Weezing|Weezing-Galar, L50, M, shiny|100/100
|switch|p1b: Kilowattrel|Kilowattrel, L50, M, shiny|100/100
|switch|p2a: Basculegion|Basculegion, L50, M|100/100
|switch|p2b: Dragonite|Dragonite, L50, M|100/100
|-ability|p1a: Weezing|Neutralizing Gas
|turn|1
|
|t:|1755628112
|move|p2a: Basculegion|Flip Turn|p1a: Weezing
|-damage|p1a: Weezing|65/100
|
|t:|1755628121
|switch|p2a: Rillaboom|Rillaboom, L50, F|100/100|[from] Flip Turn
|move|p1b: Kilowattrel|Electroweb|p2b: Dragonite|[spread] p2a,p2b
|-resisted|p2a: Rillaboom
|-damage|p2a: Rillaboom|95/100
|-damage|p2b: Dragonite|79/100
|-unboost|p2a: Rillaboom|spe|1
|-unboost|p2b: Dragonite|spe|1
|move|p1a: Weezing|Sludge Bomb|p2b: Dragonite
|-damage|p2b: Dragonite|16/100
|-status|p2b: Dragonite|psn
|move|p2b: Dragonite|Tailwind|p2b: Dragonite
|-sidestart|p2: a bit too human|move: Tailwind
|
|-damage|p2b: Dragonite|4/100 psn|[from] psn
|upkeep
|turn|2
|
|t:|1755628160
|move|p2a: Rillaboom|Fake Out|p1a: Weezing
|-damage|p1a: Weezing|52/100
|move|p1b: Kilowattrel|Tailwind|p1b: Kilowattrel
|-sidestart|p1: Como Se Dice Ben|move: Tailwind
|cant|p1a: Weezing|flinch
|move|p2b: Dragonite|Scale Shot|p1b: Kilowattrel
|-damage|p1b: Kilowattrel|76/100
|-damage|p1b: Kilowattrel|48/100
|-damage|p1b: Kilowattrel|20/100
|-damage|p1b: Kilowattrel|0 fnt
|faint|p1b: Kilowattrel
|-hitcount|p1: Kilowattrel|4
|-unboost|p2b: Dragonite|def|1
|-boost|p2b: Dragonite|spe|1
|
|-damage|p2b: Dragonite|0 fnt|[from] psn
|faint|p2b: Dragonite
|upkeep
|
|t:|1755628176
|switch|p1b: Baxcalibur|Baxcalibur, L50, F|100/100
|switch|p2b: Basculegion|Basculegion, L50, M|100/100
|turn|3
|
|t:|1755628190
|switch|p2a: Ninetales|Ninetales-Alola, L50, F|100/100
|-terastallize|p2b: Basculegion|Water
|move|p2b: Basculegion|Flip Turn|p1a: Weezing
|-damage|p1a: Weezing|9/100
|
|t:|1755628197
|switch|p2b: Rillaboom|Rillaboom, L50, F|95/100|[from] Flip Turn
|move|p1b: Baxcalibur|Scale Shot|p2b: Rillaboom
|-damage|p2b: Rillaboom|82/100
|-damage|p2b: Rillaboom|67/100
|-crit|p2b: Rillaboom
|-damage|p2b: Rillaboom|46/100
|-damage|p2b: Rillaboom|33/100
|-damage|p2b: Rillaboom|18/100
|-hitcount|p2b: Rillaboom|5
|-unboost|p1b: Baxcalibur|def|1
|-boost|p1b: Baxcalibur|spe|1
|move|p1a: Weezing|Sludge Bomb|p2a: Ninetales
|-supereffective|p2a: Ninetales
|-damage|p2a: Ninetales|0 fnt
|faint|p2a: Ninetales
|
|upkeep
|
|t:|1755628203
|switch|p2a: Basculegion|Basculegion, L50, M, tera:Water|100/100
|turn|4
|inactive|Battle timer is ON: inactive players will automatically lose when time's up. (requested by a bit too human)
|
|t:|1755628232
|move|p1b: Baxcalibur|Protect|p1b: Baxcalibur
|-singleturn|p1b: Baxcalibur|Protect
|move|p2b: Rillaboom|Fake Out|p1a: Weezing
|-damage|p1a: Weezing|0 fnt
|faint|p1a: Weezing
|-end|p1a: Weezing|ability: Neutralizing Gas
|-fieldstart|move: Grassy Terrain|[from] ability: Grassy Surge|[of] p2b: Rillaboom
|move|p2a: Basculegion|Wave Crash|p1b: Baxcalibur
|-activate|p1b: Baxcalibur|move: Protect
|
|-heal|p2b: Rillaboom|24/100|[from] Grassy Terrain
|-sideend|p2: a bit too human|move: Tailwind
|upkeep
|
|t:|1755628246
|switch|p1a: Krookodile|Krookodile, L50, M|100/100
|-ability|p1a: Krookodile|Intimidate|boost
|-unboost|p2a: Basculegion|atk|1
|-unboost|p2b: Rillaboom|atk|1
|turn|5
|
|t:|1755628258
|-terastallize|p1a: Krookodile|Poison
|move|p1a: Krookodile|Knock Off|p2a: Basculegion
|-damage|p2a: Basculegion|40/100
|-enditem|p2a: Basculegion|Choice Scarf|[from] move: Knock Off|[of] p1a: Krookodile
|move|p1b: Baxcalibur|Icicle Spear|p2a: Basculegion
|-resisted|p2a: Basculegion
|-damage|p2a: Basculegion|31/100
|-resisted|p2a: Basculegion
|-damage|p2a: Basculegion|22/100
|-resisted|p2a: Basculegion
|-damage|p2a: Basculegion|12/100
|-resisted|p2a: Basculegion
|-damage|p2a: Basculegion|1/100
|-hitcount|p2a: Basculegion|4
|move|p2a: Basculegion|Wave Crash|p1a: Krookodile
|-damage|p1a: Krookodile|23/100
|-damage|p2a: Basculegion|0 fnt|[from] Recoil
|faint|p2a: Basculegion
|move|p2b: Rillaboom|Wood Hammer|p1b: Baxcalibur
|-resisted|p1b: Baxcalibur
|-damage|p1b: Baxcalibur|63/100
|-damage|p2b: Rillaboom|12/100|[from] Recoil
|
|-heal|p1a: Krookodile|29/100|[from] Grassy Terrain
|-heal|p1b: Baxcalibur|69/100|[from] Grassy Terrain
|-heal|p2b: Rillaboom|18/100|[from] Grassy Terrain
|-sideend|p1: Como Se Dice Ben|move: Tailwind
|upkeep
|turn|6
|c|☆Como Se Dice Ben|ggs
|
|t:|1755628281
|move|p1b: Baxcalibur|Ice Shard|p2b: Rillaboom
|-supereffective|p2b: Rillaboom
|-damage|p2b: Rillaboom|0 fnt
|faint|p2b: Rillaboom
|
|win|Como Se Dice Ben
|raw|Como Se Dice Ben's rating: 1296 → 1320(+24 for winning)
|raw|a bit too human's rating: 1283 → 1259(-24 for losing)
|c|☆a bit too human|ggs
|l|☆a bit too human
|player|p2|
