|j|☆Beeetch
|j|☆Tlayer4002
|html|BeeetchTlayer4002    
|uhtml|bestof|Game 3 of a best-of-3
|t:|1756640070
|gametype|doubles
|player|p1|Beeetch|beauty-gen4dp|1322
|player|p2|Tlayer4002|1|1227
|gen|9
|tier|[Gen 9] VGC 2025 Reg H (Bo3)
|rated|
|rule|Species Clause: Limit one of each Pokémon
|rule|Item Clause: Limit 1 of each item
|clearpoke
|poke|p1|Toedscruel, L50, F|
|poke|p1|Weezing-Galar, L50, F|
|poke|p1|Corviknight, L50, F|
|poke|p1|Pawmot, L50, M|
|poke|p1|Garchomp, L50, F|
|poke|p1|Typhlosion-Hisui, L50, M|
|poke|p2|Annihilape, L50, F|
|poke|p2|Indeedee, L50, M|
|poke|p2|Amoonguss, L50, M|
|poke|p2|Ninetales-Alola, L50, F|
|poke|p2|Volcarona, L50, M|
|poke|p2|Incineroar, L50, M|
|teampreview|4
|showteam|p1|Toedscruel||CovertCloak|MyceliumMight|Spore,EarthPower,AcidSpray,RagePowder|||F|||50|,,,,,Water]Weezing-Galar||ChoiceSpecs|NeutralizingGas|DazzlingGleam,SludgeBomb,StrangeSteam,Flamethrower|||F|||50|,,,,,Flying]Corviknight||SitrusBerry|MirrorArmor|Protect,Tailwind,Roost,BraveBird|||F|||50|,,,,,Dragon]Pawmot||FocusSash|NaturalCure|Protect,CloseCombat,DoubleShock,FakeOut|||M|||50|,,,,,Electric]Garchomp||LifeOrb|RoughSkin|Protect,Earthquake,DragonClaw,StompingTantrum|||F|||50|,,,,,Ground]Typhlosion-Hisui||ChoiceScarf|Blaze|Eruption,SleepTalk,HeatWave,ShadowBall|||M|||50|,,,,,Fire
|showteam|p2|Annihilape||PsychicSeed|Defiant|DrainPunch,RageFist,BulkUp,Protect|||F|||50|,,,,,Water]Indeedee||ChoiceScarf|PsychicSurge|ExpandingForce,Trick,HyperVoice,TeraBlast|||M|||50|,,,,,Fighting]Amoonguss||SitrusBerry|Regenerator|PollenPuff,RagePowder,ClearSmog,Spore|||M|||50|,,,,,Water]Ninetales-Alola||LightClay|SnowWarning|Blizzard,AuroraVeil,Encore,Protect|||F|||50|,,,,,Steel]Volcarona||Leftovers|FlameBody|HeatWave,TeraBlast,QuiverDance,Protect|||M|||50|,,,,,Fairy]Incineroar||SafetyGoggles|Intimidate|FlareBlitz,KnockOff,Uturn,FakeOut|||M|||50|,,,,,Ghost
|
|t:|1756640121
|teamsize|p1|4
|teamsize|p2|4
|start
|switch|p1a: Garchomp|Garchomp, L50, F|100/100
|switch|p1b: Typhlosion|Typhlosion-Hisui, L50, M|100/100
|switch|p2a: Indeedee|Indeedee, L50, M|100/100
|switch|p2b: Volcarona|Volcarona, L50, M|100/100
|-fieldstart|move: Psychic Terrain|[from] ability: Psychic Surge|[of] p2a: Indeedee
|turn|1
|
|t:|1756640138
|switch|p2a: Incineroar|Incineroar, L50, M|100/100
|-ability|p2a: Incineroar|Intimidate|boost
|-unboost|p1a: Garchomp|atk|1
|-unboost|p1b: Typhlosion|atk|1
|move|p2b: Volcarona|Protect|p2b: Volcarona
|-singleturn|p2b: Volcarona|Protect
|move|p1b: Typhlosion|Eruption|p2b: Volcarona|[spread] p2a
|-activate|p2b: Volcarona|move: Protect
|-resisted|p2a: Incineroar
|-damage|p2a: Incineroar|75/100
|move|p1a: Garchomp|Stomping Tantrum|p2a: Incineroar
|-supereffective|p2a: Incineroar
|-damage|p2a: Incineroar|9/100
|-damage|p1a: Garchomp|91/100|[from] item: Life Orb
|
|upkeep
|turn|2
|
|t:|1756640164
|switch|p1a: Corviknight|Corviknight, L50, F|100/100
|move|p2b: Volcarona|Protect||[still]
|-fail|p2b: Volcarona
|move|p1b: Typhlosion|Eruption|p2b: Volcarona|[spread] p2a,p2b
|-resisted|p2a: Incineroar
|-damage|p2a: Incineroar|0 fnt
|-damage|p2b: Volcarona|42/100
|faint|p2a: Incineroar
|
|-heal|p2b: Volcarona|48/100|[from] item: Leftovers
|upkeep
|
|t:|1756640172
|switch|p2a: Amoonguss|Amoonguss, L50, M|100/100
|turn|3
|
|t:|1756640181
|switch|p2b: Indeedee|Indeedee, L50, M|100/100
|-terastallize|p2a: Amoonguss|Water
|move|p1b: Typhlosion|Eruption|p2b: Indeedee|[spread] p2a,p2b
|-resisted|p2a: Amoonguss
|-damage|p2a: Amoonguss|76/100
|-damage|p2b: Indeedee|23/100
|move|p1a: Corviknight|Brave Bird|p2a: Amoonguss
|-damage|p2a: Amoonguss|32/100
|-enditem|p2a: Amoonguss|Sitrus Berry|[eat]
|-heal|p2a: Amoonguss|57/100|[from] item: Sitrus Berry
|-damage|p1a: Corviknight|85/100|[from] Recoil
|move|p2a: Amoonguss|Spore|p1b: Typhlosion
|-status|p1b: Typhlosion|slp|[from] move: Spore
|
|upkeep
|turn|4
|
|t:|1756640207
|switch|p1b: Garchomp|Garchomp, L50, F|91/100
|move|p2b: Indeedee|Expanding Force|p1b: Garchomp|[spread] p1a,p1b
|-resisted|p1a: Corviknight
|-damage|p1a: Corviknight|58/100
|-damage|p1b: Garchomp|31/100
|move|p1a: Corviknight|Brave Bird|p2b: Indeedee
|-damage|p2b: Indeedee|0 fnt
|faint|p2b: Indeedee
|-damage|p1a: Corviknight|53/100|[from] Recoil
|move|p2a: Amoonguss|Spore|p1a: Corviknight
|-status|p1a: Corviknight|slp|[from] move: Spore
|
|upkeep
|
|t:|1756640214
|switch|p2b: Volcarona|Volcarona, L50, M|48/100
|turn|5
|
|t:|1756640228
|-terastallize|p1b: Garchomp|Ground
|move|p2b: Volcarona|Protect|p2b: Volcarona
|-singleturn|p2b: Volcarona|Protect
|move|p1b: Garchomp|Earthquake|p2b: Volcarona|[spread] p2a
|-activate|p2b: Volcarona|move: Protect
|-immune|p1a: Corviknight
|-damage|p2a: Amoonguss|0 fnt
|faint|p2a: Amoonguss
|-damage|p1b: Garchomp|22/100|[from] item: Life Orb
|cant|p1a: Corviknight|slp
|
|-heal|p2b: Volcarona|55/100|[from] item: Leftovers
|-fieldend|move: Psychic Terrain
|upkeep
|turn|6
|-message|Tlayer4002 forfeited.
|raw|Beeetch's rating: 1322 → 1337(+15 for winning)
|raw|Tlayer4002's rating: 1227 → 1209(-18 for losing)
|
|win|Beeetch
|l|☆Tlayer4002
|player|p2|
