|j|☆mmmspicy69
|j|☆toughlogvgc
|html|mmmspicy69toughlogvgc    
|uhtml|bestof|Game 2 of a best-of-3
|t:|1783811683
|gametype|doubles
|player|p1|mmmspicy69|cynthia|1042
|player|p2|toughlogvgc|170|1183
|gen|9
|tier|[Gen 9 Champions] VGC 2026 Reg M-B (Bo3)
|rated|
|rule|Species Clause: Limit one of each Pokémon
|rule|Item Clause: Limit 1 of each item
|clearpoke
|poke|p1|Staraptor, L50, M|
|poke|p1|Whimsicott, L50, F|
|poke|p1|Charizard, L50, M|
|poke|p1|Sylveon, L50, F|
|poke|p1|Garchomp, L50, M|
|poke|p1|Farigiraf, L50, M|
|poke|p2|Charizard, L50, M|
|poke|p2|Garchomp, L50, M|
|poke|p2|Basculegion, L50, M|
|poke|p2|Whimsicott, L50, F|
|poke|p2|Kingambit, L50, F|
|poke|p2|Floette-Eternal, L50, F|
|teampreview|4
|showteam|p1|Staraptor||Staraptite|Intimidate|Protect,CloseCombat,BraveBird,Roost|Jolly||M|||50|]Whimsicott||FocusSash|Prankster|Tailwind,SunnyDay,Charm,Encore|Bold||F|||50|]Charizard||CharizarditeY|SolarPower|HeatWave,SolarBeam,WeatherBall,Protect|Modest||M|||50|]Sylveon||FairyFeather|Pixilate|HyperVoice,HyperBeam,Roar,Detect|Calm||F|||50|]Garchomp||LifeOrb|RoughSkin|RockSlide,Earthquake,DragonClaw,Protect|Adamant||M|||50|]Farigiraf||SitrusBerry|ArmorTail|HelpingHand,Wish,AllySwitch,TwinBeam|Bold||M|||50|
|showteam|p2|Charizard||CharizarditeY|Blaze|HeatWave,SolarBeam,Protect,WeatherBall|Modest||M|||50|]Garchomp||LifeOrb|RoughSkin|DragonClaw,Earthquake,RockSlide,Protect|Jolly||M|||50|]Basculegion||ChoiceScarf|Adaptability|WaveCrash,AquaJet,FlipTurn,LastRespects|Adamant||M|||50|]Whimsicott||FocusSash|Prankster|Moonblast,Tailwind,Protect,Encore|Timid||F|||50|]Kingambit||BlackGlasses|Defiant|IronHead,KowtowCleave,Protect,SuckerPunch|Adamant||F|||50|]Floette-Eternal||Floettite|FlowerVeil|Moonblast,LightofRuin,DazzlingGleam,Protect|Modest||F|||50|
|
|t:|1783811727
|teamsize|p1|4
|teamsize|p2|4
|start
|switch|p1a: Starih|Staraptor, L50, M|100/100
|switch|p1b: Whih|Whimsicott, L50, F|100/100
|switch|p2a: Whimsicott|Whimsicott, L50, F|100/100
|switch|p2b: Floette|Floette-Eternal, L50, F|100/100
|-ability|p1a: Starih|Intimidate|boost
|-block|p2a: Whimsicott|ability: Flower Veil|[of] p2b: Floette
|-unboost|p2b: Floette|atk|1
|turn|1
|
|t:|1783811746
|detailschange|p2b: Floette|Floette-Mega, L50, F
|-mega|p2b: Floette|Floette|Floettite
|-ability|p2b: Floette|Fairy Aura
|move|p1a: Starih|Protect|p1a: Starih
|-singleturn|p1a: Starih|Protect
|move|p2a: Whimsicott|Tailwind|p2a: Whimsicott
|-sidestart|p2: toughlogvgc|move: Tailwind
|move|p1b: Whih|Tailwind|p1b: Whih
|-sidestart|p1: mmmspicy69|move: Tailwind
|move|p2b: Floette|Moonblast|p1a: Starih
|-activate|p1a: Starih|move: Protect
|
|upkeep
|turn|2
|
|t:|1783811786
|switch|p1a: Garchih|Garchomp, L50, M|100/100
|switch|p1b: Farih|Farigiraf, L50, M|100/100
|move|p2a: Whimsicott|Encore||[still]
|cant|p1b: Farih|ability: Armor Tail|Encore|[of] p2a: Whimsicott
|move|p2b: Floette|Moonblast|p1a: Garchih
|-supereffective|p1a: Garchih|1
|-damage|p1a: Garchih|0 fnt
|faint|p1a: Garchih
|
|upkeep
|
|t:|1783811795
|switch|p1a: Starih|Staraptor, L50, M|100/100
|-ability|p1a: Starih|Intimidate|boost
|-unboost|p2a: Whimsicott|atk|1
|-unboost|p2b: Floette|atk|1
|turn|3
|
|t:|1783811822
|detailschange|p1a: Starih|Staraptor-Mega, L50, M
|-mega|p1a: Starih|Staraptor|Staraptite
|move|p1a: Starih|Protect|p1a: Starih
|-singleturn|p1a: Starih|Protect
|move|p2a: Whimsicott|Moonblast|p1b: Farih
|-damage|p1b: Farih|48/100
|-enditem|p1b: Farih|Sitrus Berry|[eat]
|-heal|p1b: Farih|73/100|[from] item: Sitrus Berry
|move|p2b: Floette|Dazzling Gleam|p1a: Starih|[spread] p1b
|-activate|p1a: Starih|move: Protect
|-damage|p1b: Farih|22/100
|move|p1b: Farih|Wish|p1b: Farih
|
|upkeep
|turn|4
|
|t:|1783811850
|move|p1b: Farih|Helping Hand|p1a: Starih
|-singleturn|p1a: Starih|Helping Hand|[of] p1b: Farih
|move|p2a: Whimsicott|Moonblast|p1a: Starih
|-supereffective|p1a: Starih|1
|-damage|p1a: Starih|0 fnt
|faint|p1a: Starih
|move|p2b: Floette|Dazzling Gleam|p1b: Farih
|-damage|p1b: Farih|0 fnt
|faint|p1b: Farih
|
|-sideend|p1: mmmspicy69|move: Tailwind
|-sideend|p2: toughlogvgc|move: Tailwind
|upkeep
|
|t:|1783811859
|switch|p1a: Whih|Whimsicott, L50, F|100/100
|turn|5
|-message|mmmspicy69 forfeited.
|
|win|toughlogvgc
||mmmspicy69 is ready for game 3.
|inactive|toughlogvgc has 30 seconds to confirm battle start!
||toughlogvgc is ready for game 3.
|uhtml|next|Next: Game 3 of 3
|l|☆toughlogvgc
|player|p2|
|j|☆toughlogvgc
|player|p2|toughlogvgc|170|
