|j|☆merr123
|j|☆T8mcrae
|html|merr123T8mcrae    
|uhtml|bestof|Game 2 of a best-of-3
|t:|1756960645
|gametype|doubles
|player|p1|merr123|sisandbro|1344
|player|p2|T8mcrae|102|1216
|gen|9
|tier|[Gen 9] VGC 2025 Reg H (Bo3)
|rated|
|rule|Species Clause: Limit one of each Pokémon
|rule|Item Clause: Limit 1 of each item
|clearpoke
|poke|p1|Sneasler, L50, M|
|poke|p1|Gholdengo, L50|
|poke|p1|Amoonguss, L50, F|
|poke|p1|Incineroar, L50, F|
|poke|p1|Ursaluna-Bloodmoon, L50, M|
|poke|p1|Farigiraf, L50, F|
|poke|p2|Annihilape, L50, F|
|poke|p2|Primarina, L50, F|
|poke|p2|Gholdengo, L50|
|poke|p2|Maushold, L50|
|poke|p2|Vivillon-Ocean, L50, M|
|poke|p2|Rillaboom, L50, F|
|teampreview|4
|showteam|p1|Sneasler||ClearAmulet|PoisonTouch|FakeOut,CloseCombat,DireClaw,Protect|||M|||50|,,,,,Water]Gholdengo||MetalCoat|GoodasGold|NastyPlot,MakeItRain,ShadowBall,Protect||||||50|,,,,,Water]Amoonguss||SitrusBerry|Regenerator|Spore,RagePowder,PollenPuff,Protect|||F|||50|,,,,,Water]Incineroar||SafetyGoggles|Intimidate|FakeOut,FlareBlitz,KnockOff,PartingShot|||F|||50|,,,,,Ghost]Ursaluna-Bloodmoon||LifeOrb|MindsEye|CalmMind,EarthPower,BloodMoon,Protect|||M|||50|,,,,,Poison]Farigiraf||MentalHerb|ArmorTail|HyperVoice,ShadowBall,TrickRoom,Protect|||F|||50|,,,,,Dragon
|showteam|p2|Annihilape||SafetyGoggles|Defiant|RageFist,DrainPunch,BulkUp,Protect|||F|||50|,,,,,Fire]Primarina||SitrusBerry|LiquidVoice|HyperVoice,Moonblast,Haze,Protect|||F|||50|,,,,,Water]Gholdengo||LifeOrb|GoodasGold|MakeItRain,ShadowBall,NastyPlot,Protect||||||50|,,,,,Dragon]Maushold||WideLens|FriendGuard|PopulationBomb,FollowMe,BeatUp,Protect||||||50|,,,,,Grass]Vivillon-Ocean||FocusSash|CompoundEyes|Hurricane,SleepPowder,Tailwind,Protect|||M|||50|,,,,,Ghost]Rillaboom||AssaultVest|GrassySurge|FakeOut,GrassyGlide,DrumBeating,HighHorsepower|||F|||50|,,,,,Fire
|inactive|Battle timer is ON: inactive players will automatically lose when time's up. (requested by merr123)
|inactive|merr123 has 60 seconds left.
|inactive|merr123 has 30 seconds left.
|
|t:|1756960715
|teamsize|p1|4
|teamsize|p2|4
|start
|switch|p1a: Amoonguss|Amoonguss, L50, F|100/100
|switch|p1b: Farigiraf|Farigiraf, L50, F|100/100
|switch|p2a: Maushold|Maushold, L50, shiny|100/100
|switch|p2b: Annihilape|Annihilape, L50, F, shiny|100/100
|turn|1
|inactive|merr123 has 30 seconds left.
|inactive|merr123 has 20 seconds left.
|inactive|merr123 has 15 seconds left.
|inactive|merr123 has 10 seconds left.
|inactive|merr123 has 5 seconds left.
|
|t:|1756960767
|-terastallize|p2a: Maushold|Grass
|move|p2a: Maushold|Beat Up|p2b: Annihilape
|-damage|p2b: Annihilape|99/100
|-damage|p2b: Annihilape|96/100
|-crit|p2b: Annihilape
|-damage|p2b: Annihilape|91/100
|-damage|p2b: Annihilape|88/100
|-hitcount|p2b: Annihilape|4
|move|p2b: Annihilape|Bulk Up|p2b: Annihilape
|-boost|p2b: Annihilape|atk|1
|-boost|p2b: Annihilape|def|1
|move|p1a: Amoonguss|Spore|p2a: Maushold
|-immune|p2a: Maushold
|move|p1b: Farigiraf|Trick Room|p1b: Farigiraf
|-fieldstart|move: Trick Room|[of] p1b: Farigiraf
|
|upkeep
|turn|2
|inactive|T8mcrae has 30 seconds left.
|inactive|merr123 has 30 seconds left.
|inactive|T8mcrae has 20 seconds left.
|inactive|merr123 has 20 seconds left.
|inactive|merr123 has 15 seconds left.
|
|t:|1756960817
|switch|p1b: Ursaluna|Ursaluna-Bloodmoon, L50, M|100/100
|move|p1a: Amoonguss|Pollen Puff|p2a: Maushold
|-supereffective|p2a: Maushold
|-damage|p2a: Maushold|48/100
|move|p2b: Annihilape|Rage Fist|p1a: Amoonguss
|-damage|p1a: Amoonguss|0 fnt
|faint|p1a: Amoonguss
|move|p2a: Maushold|Population Bomb|p1b: Ursaluna
|-damage|p1b: Ursaluna|96/100
|-damage|p1b: Ursaluna|91/100
|-damage|p1b: Ursaluna|85/100
|-damage|p1b: Ursaluna|79/100
|-damage|p1b: Ursaluna|74/100
|-damage|p1b: Ursaluna|68/100
|-damage|p1b: Ursaluna|63/100
|-damage|p1b: Ursaluna|58/100
|-crit|p1b: Ursaluna
|-damage|p1b: Ursaluna|51/100
|-damage|p1b: Ursaluna|45/100
|-hitcount|p1b: Ursaluna|10
|
|upkeep
|
|t:|1756960840
|switch|p1a: Gholdengo|Gholdengo, L50|100/100
|turn|3
|
|t:|1756960862
|move|p2a: Maushold|Follow Me|p2a: Maushold
|-singleturn|p2a: Maushold|move: Follow Me
|move|p1b: Ursaluna|Blood Moon|p2a: Maushold
|-crit|p2a: Maushold
|-damage|p2a: Maushold|0 fnt
|faint|p2a: Maushold
|-damage|p1b: Ursaluna|35/100|[from] item: Life Orb
|move|p1a: Gholdengo|Shadow Ball|p2b: Annihilape
|-supereffective|p2b: Annihilape
|-damage|p2b: Annihilape|0 fnt
|faint|p2b: Annihilape
|
|upkeep
|
|t:|1756960877
|switch|p2b: Primarina|Primarina, L50, F|100/100
|switch|p2a: Rillaboom|Rillaboom, L50, F, shiny|100/100
|-fieldstart|move: Grassy Terrain|[from] ability: Grassy Surge|[of] p2a: Rillaboom
|turn|4
|inactive|merr123 has 30 seconds left.
|inactive|merr123 has 20 seconds left.
|inactive|merr123 has 15 seconds left.
|inactive|merr123 has 10 seconds left.
|inactive|merr123 has 5 seconds left.
|
|t:|1756960929
|move|p1b: Ursaluna|Protect|p1b: Ursaluna
|-singleturn|p1b: Ursaluna|Protect
|move|p2a: Rillaboom|Grassy Glide|p1b: Ursaluna
|-activate|p1b: Ursaluna|move: Protect
|move|p2b: Primarina|Hyper Voice|p1a: Gholdengo|[spread] p1a
|-activate|p1b: Ursaluna|move: Protect
|-damage|p1a: Gholdengo|66/100
|move|p1a: Gholdengo|Make It Rain|p2b: Primarina|[spread] p2a,p2b
|-damage|p2a: Rillaboom|44/100
|-damage|p2b: Primarina|50/100
|-unboost|p1a: Gholdengo|spa|1
|-enditem|p2b: Primarina|Sitrus Berry|[eat]
|-heal|p2b: Primarina|75/100|[from] item: Sitrus Berry
|
|-heal|p1b: Ursaluna|42/100|[from] Grassy Terrain
|-heal|p2b: Primarina|81/100|[from] Grassy Terrain
|-heal|p1a: Gholdengo|72/100|[from] Grassy Terrain
|-heal|p2a: Rillaboom|50/100|[from] Grassy Terrain
|upkeep
|turn|5
|inactive|merr123 has 30 seconds left.
|inactive|T8mcrae has 30 seconds left.
|
|t:|1756960956
|switch|p1a: Farigiraf|Farigiraf, L50, F|100/100
|-terastallize|p1b: Ursaluna|Poison
|move|p2b: Primarina|Protect|p2b: Primarina
|-singleturn|p2b: Primarina|Protect
|move|p1b: Ursaluna|Blood Moon|p2a: Rillaboom
|-damage|p2a: Rillaboom|0 fnt
|faint|p2a: Rillaboom
|-damage|p1b: Ursaluna|32/100|[from] item: Life Orb
|
|-heal|p1b: Ursaluna|38/100|[from] Grassy Terrain
|-heal|p2b: Primarina|87/100|[from] Grassy Terrain
|-fieldend|move: Trick Room
|upkeep
|turn|6
|inactive|merr123 has 30 seconds left.
|inactive|T8mcrae has 30 seconds left.
|
|t:|1756960986
|move|p2b: Primarina|Moonblast|p1a: Farigiraf
|-damage|p1a: Farigiraf|58/100
|move|p1b: Ursaluna|Calm Mind|p1b: Ursaluna
|-boost|p1b: Ursaluna|spa|1
|-boost|p1b: Ursaluna|spd|1
|move|p1a: Farigiraf|Hyper Voice|p2b: Primarina
|-damage|p2b: Primarina|59/100
|
|-heal|p2b: Primarina|65/100|[from] Grassy Terrain
|-heal|p1b: Ursaluna|45/100|[from] Grassy Terrain
|-heal|p1a: Farigiraf|64/100|[from] Grassy Terrain
|upkeep
|turn|7
|
|t:|1756961003
|move|p2b: Primarina|Haze|p2b: Primarina
|-clearallboost
|move|p1b: Ursaluna|Earth Power|p2b: Primarina
|-damage|p2b: Primarina|14/100
|-damage|p1b: Ursaluna|35/100|[from] item: Life Orb
|move|p1a: Farigiraf|Hyper Voice|p2b: Primarina
|-damage|p2b: Primarina|0 fnt
|faint|p2b: Primarina
|
|win|merr123
|raw|merr123's rating: 1344 → 1357(+13 for winning)
|raw|T8mcrae's rating: 1216 → 1200(-16 for losing)
