|j|☆Heywalker
|j|☆Piedrer
|html|HeywalkerPiedrer    
|uhtml|bestof|Game 1 of a best-of-3
|t:|1756773646
|gametype|doubles
|player|p1|Heywalker|flint|1074
|player|p2|Piedrer|red|1180
|gen|9
|tier|[Gen 9] VGC 2025 Reg H (Bo3)
|rated|
|rule|Species Clause: Limit one of each Pokémon
|rule|Item Clause: Limit 1 of each item
|clearpoke
|poke|p1|Dragapult, L50, F|
|poke|p1|Gothitelle, L50, M|
|poke|p1|Weezing, L50, F|
|poke|p1|Maushold-Four, L50|
|poke|p1|Empoleon, L50, F|
|poke|p1|Meowscarada, L50, M|
|poke|p2|Incineroar, L50, M|
|poke|p2|Primarina, L50, M|
|poke|p2|Vikavolt, L50, F|
|poke|p2|Oranguru, L50, F|
|poke|p2|Sinistcha, L50|
|poke|p2|Ursaluna, L50, F|
|teampreview|4
|showteam|p1|Dragapult||ChoiceBand|ClearBody|Uturn,DragonDarts,PhantomForce,TeraBlast|||F|||50|,,,,,Ghost]Gothitelle||ColburBerry|ShadowTag|Protect,FakeOut,Psychic,Taunt|||M|||50|,,,,,Grass]Weezing||SitrusBerry|NeutralizingGas|Protect,WillOWisp,Taunt,SludgeBomb|||F|||50|,,,,,Dark]Maushold-Four||WideLens|Technician|Protect,Encore,PopulationBomb,Bite||||||50|,,,,,Normal]Empoleon||AdrenalineOrb|Competitive|Protect,Yawn,FlashCannon,WaterPledge|||F|||50|,,,,,Fairy]Meowscarada||FocusSash|Overgrow|LowKick,KnockOff,FlowerTrick,GrassPledge|||M|||50|,,,,,Ghost
|showteam|p2|Incineroar||SitrusBerry|Intimidate|FlareBlitz,DarkestLariat,Uturn,FakeOut|||M|||50|,,,,,Grass]Primarina||ThroatSpray|LiquidVoice|HyperVoice,Moonblast,Psychic,Protect|||M|||50|,,,,,Water]Vikavolt||FocusSash|Levitate|Discharge,BugBuzz,EnergyBall,Protect|||F|||50|,,,,,Water]Oranguru||Leftovers|Telepathy|FoulPlay,TeraBlast,Instruct,TrickRoom|||F|||50|,,,,,Fighting]Sinistcha||RockyHelmet|Hospitality|MatchaGotcha,CalmMind,RagePowder,TrickRoom||||||50|,,,,,Dark]Ursaluna||FlameOrb|Guts|Earthquake,Facade,Crunch,Protect|||F|||50|,,,,,Normal
|inactive|Battle timer is ON: inactive players will automatically lose when time's up. (requested by Heywalker)
|inactive|Heywalker has 60 seconds left.
|inactive|Piedrer has 60 seconds left.
|
|t:|1756773689
|teamsize|p1|4
|teamsize|p2|4
|start
|switch|p1a: Gothitelle|Gothitelle, L50, M|100/100
|switch|p1b: Empoleon|Empoleon, L50, F|100/100
|switch|p2a: Sinistcha|Sinistcha, L50|100/100
|switch|p2b: Vikavolt|Vikavolt, L50, F|100/100
|turn|1
|inactive|Heywalker has 30 seconds left.
|
|t:|1756773715
|-terastallize|p2a: Sinistcha|Dark
|move|p2b: Vikavolt|Protect|p2b: Vikavolt
|-singleturn|p2b: Vikavolt|Protect
|move|p1b: Empoleon|Yawn|p2b: Vikavolt
|-activate|p2b: Vikavolt|move: Protect
|move|p1a: Gothitelle|Taunt|p2a: Sinistcha
|-start|p2a: Sinistcha|move: Taunt
|cant|p2a: Sinistcha|move: Taunt|Trick Room
|
|upkeep
|turn|2
|
|t:|1756773732
|move|p1b: Empoleon|Yawn|p2b: Vikavolt
|-start|p2b: Vikavolt|move: Yawn|[of] p1b: Empoleon
|move|p2a: Sinistcha|Matcha Gotcha|p1a: Gothitelle|[spread] p1b
|-miss|p2a: Sinistcha|p1a: Gothitelle
|-damage|p1b: Empoleon|78/100
|move|p1a: Gothitelle|Psychic|p2b: Vikavolt
|-damage|p2b: Vikavolt|61/100
|move|p2b: Vikavolt|Discharge|p1a: Gothitelle|[spread] p2a,p1a,p1b
|-supereffective|p1b: Empoleon
|-damage|p2a: Sinistcha|53/100
|-damage|p1a: Gothitelle|73/100
|-damage|p1b: Empoleon|0 fnt
|-status|p2a: Sinistcha|par
|faint|p1b: Empoleon
|
|upkeep
|
|t:|1756773751
|switch|p1b: Weezing|Weezing, L50, F|100/100
|-ability|p1b: Weezing|Neutralizing Gas
|turn|3
|
|t:|1756773770
|switch|p2b: Incineroar|Incineroar, L50, M|100/100
|move|p1a: Gothitelle|Protect|p1a: Gothitelle
|-singleturn|p1a: Gothitelle|Protect
|move|p1b: Weezing|Protect|p1b: Weezing
|-singleturn|p1b: Weezing|Protect
|cant|p2a: Sinistcha|par
|
|-end|p2a: Sinistcha|move: Taunt
|upkeep
|turn|4
|inactive|Heywalker has 30 seconds left.
|inactive|Heywalker has 20 seconds left.
|inactive|Heywalker has 15 seconds left.
|inactive|Heywalker has 10 seconds left.
|inactive|Heywalker has 5 seconds left.
|
|t:|1756773823
|move|p1a: Gothitelle|Taunt|p2a: Sinistcha
|-start|p2a: Sinistcha|move: Taunt
|move|p1b: Weezing|Sludge Bomb|p2a: Sinistcha
|-damage|p2a: Sinistcha|20/100 par
|move|p2b: Incineroar|Flare Blitz|p1a: Gothitelle
|-damage|p1a: Gothitelle|12/100
|-damage|p2b: Incineroar|83/100|[from] Recoil
|move|p2a: Sinistcha|Matcha Gotcha|p1a: Gothitelle|[spread] p1a,p1b
|-resisted|p1b: Weezing
|-damage|p1a: Gothitelle|0 fnt
|-heal|p2a: Sinistcha|25/100 par|[from] drain|[of] p1a: Gothitelle
|-damage|p1b: Weezing|85/100
|-heal|p2a: Sinistcha|33/100 par|[from] drain|[of] p1b: Weezing
|faint|p1a: Gothitelle
|
|upkeep
|
|t:|1756773833
|switch|p1a: Meowscarada|Meowscarada, L50, M|100/100
|turn|5
|
|t:|1756773855
|switch|p2a: Vikavolt|Vikavolt, L50, F|61/100
|move|p1a: Meowscarada|Low Kick|p2b: Incineroar
|-supereffective|p2b: Incineroar
|-damage|p2b: Incineroar|32/100
|-enditem|p2b: Incineroar|Sitrus Berry|[eat]
|-heal|p2b: Incineroar|57/100|[from] item: Sitrus Berry
|move|p1b: Weezing|Sludge Bomb|p2a: Vikavolt
|-damage|p2a: Vikavolt|27/100
|move|p2b: Incineroar|U-turn|p1a: Meowscarada
|-supereffective|p1a: Meowscarada
|-enditem|p1a: Meowscarada|Focus Sash
|-damage|p1a: Meowscarada|1/100
|
|t:|1756773868
|switch|p2b: Ursaluna|Ursaluna, L50, F|100/100|[from] U-turn
|
|-status|p2b: Ursaluna|brn|[from] item: Flame Orb
|upkeep
|turn|6
|inactive|Heywalker has 30 seconds left.
|
|t:|1756773901
|move|p1a: Meowscarada|Flower Trick|p2b: Ursaluna
|-supereffective|p2b: Ursaluna
|-crit|p2b: Ursaluna
|-damage|p2b: Ursaluna|26/100 brn
|move|p1b: Weezing|Sludge Bomb|p2a: Vikavolt
|-crit|p2a: Vikavolt
|-damage|p2a: Vikavolt|0 fnt
|faint|p2a: Vikavolt
|move|p2b: Ursaluna|Facade|p1b: Weezing
|-damage|p1b: Weezing|34/100
|-enditem|p1b: Weezing|Sitrus Berry|[eat]
|-heal|p1b: Weezing|59/100|[from] item: Sitrus Berry
|
|-damage|p2b: Ursaluna|20/100 brn|[from] brn
|upkeep
|
|t:|1756773915
|switch|p2a: Incineroar|Incineroar, L50, M|57/100
|turn|7
|
|t:|1756773930
|-terastallize|p1a: Meowscarada|Ghost
|move|p1b: Weezing|Protect|p1b: Weezing
|-singleturn|p1b: Weezing|Protect
|move|p2a: Incineroar|Fake Out|p1a: Meowscarada
|-immune|p1a: Meowscarada
|move|p1a: Meowscarada|Low Kick|p2a: Incineroar
|-supereffective|p2a: Incineroar
|-crit|p2a: Incineroar
|-damage|p2a: Incineroar|0 fnt
|faint|p2a: Incineroar
|move|p2b: Ursaluna|Earthquake|p1a: Meowscarada|[spread] p1a
|-activate|p1b: Weezing|move: Protect
|-damage|p1a: Meowscarada|0 fnt
|faint|p1a: Meowscarada
|
|-damage|p2b: Ursaluna|14/100 brn|[from] brn
|upkeep
|
|t:|1756773946
|switch|p2a: Sinistcha|Sinistcha, L50, tera:Dark|33/100 par
|turn|8
|
|t:|1756773959
|move|p2a: Sinistcha|Rage Powder|p2a: Sinistcha
|-singleturn|p2a: Sinistcha|move: Rage Powder
|move|p1b: Weezing|Sludge Bomb|p2a: Sinistcha
|-damage|p2a: Sinistcha|1/100 par
|move|p2b: Ursaluna|Earthquake|p1b: Weezing|[spread] p2a,p1b
|-supereffective|p1b: Weezing
|-damage|p2a: Sinistcha|0 fnt
|-damage|p1b: Weezing|30/100
|faint|p2a: Sinistcha
|
|-damage|p2b: Ursaluna|9/100 brn|[from] brn
|upkeep
|turn|9
|
|t:|1756773973
|move|p1b: Weezing|Protect|p1b: Weezing
|-singleturn|p1b: Weezing|Protect
|move|p2b: Ursaluna|Facade|p1b: Weezing
|-activate|p1b: Weezing|move: Protect
|
|-damage|p2b: Ursaluna|3/100 brn|[from] brn
|upkeep
|turn|10
|-message|Piedrer forfeited.
|raw|Heywalker's rating: 1074 → 1111(+37 for winning)
|raw|Piedrer's rating: 1180 → 1148(-32 for losing)
|
|win|Heywalker
|l|☆Piedrer
|player|p2|
|l|☆Heywalker
|player|p1|
|j|☆Heywalker
|player|p1|Heywalker|flint|
