|j|☆thebrickwall285
|j|☆imonx6pace!
|html|thebrickwall285imonx6pace!    
|uhtml|bestof|Game 2 of a best-of-3
|t:|1783045590
|gametype|doubles
|player|p1|thebrickwall285|170|1071
|player|p2|imonx6pace!|rocketgrunt|1186
|gen|9
|tier|[Gen 9 Champions] VGC 2026 Reg M-B (Bo3)
|rated|
|rule|Species Clause: Limit one of each Pokémon
|rule|Item Clause: Limit 1 of each item
|clearpoke
|poke|p1|Scovillain, L50, M|
|poke|p1|Aerodactyl, L50, M|
|poke|p1|Sylveon, L50, M|
|poke|p1|Salazzle, L50, F|
|poke|p1|Meowstic, L50, M|
|poke|p1|Kingambit, L50, F|
|poke|p2|Floette-Eternal, L50, F|
|poke|p2|Sinistcha, L50|
|poke|p2|Sneasler, L50, F|
|poke|p2|Basculegion, L50, M|
|poke|p2|Kingambit, L50, F|
|poke|p2|Talonflame, L50, M|
|teampreview|4
|showteam|p1|Scovillain||Scovillainite|Chlorophyll|Flamethrower,GigaDrain,Substitute,LeechSeed|Modest||M|||50|]Aerodactyl||Aerodactylite|RockHead|DragonClaw,Tailwind,DualWingbeat,RockSlide|Jolly||M|||50|]Sylveon||SitrusBerry|Pixilate|CalmMind,Protect,HyperVoice,ShadowBall|Modest||M|||50|]Salazzle||ShellBell|Corrosion|FakeOut,Flamethrower,SludgeBomb,Toxic|Hasty||F|||50|]Meowstic||FocusSash|Prankster|FakeOut,TrickRoom,Psychic,SunnyDay|Sassy||M|||50|]Kingambit||Leftovers|Defiant|IronHead,LowKick,SuckerPunch,KowtowCleave|Adamant||F|||50|
|showteam|p2|Floette-Eternal||Floettite|FlowerVeil|CalmMind,Moonblast,DazzlingGleam,Protect|Bold||F|||50|]Sinistcha||SitrusBerry|Hospitality|MatchaGotcha,RagePowder,LifeDew,TrickRoom|Calm|||||50|]Sneasler||WhiteHerb|Unburden|FakeOut,GunkShot,CloseCombat,Protect|Jolly||F|||50|]Basculegion||ChoiceScarf|Adaptability|FlipTurn,WaveCrash,AquaJet,LastRespects|Jolly||M|||50|]Kingambit||ChopleBerry|Defiant|KowtowCleave,SuckerPunch,IronHead,Protect|Adamant||F|||50|]Talonflame||FocusSash|FlameBody|Protect,Tailwind,DualWingbeat,FlareBlitz|Jolly||M|||50|
|
|t:|1783045623
|teamsize|p1|4
|teamsize|p2|4
|start
|switch|p1a: Meowstic|Meowstic, L50, M|100/100
|switch|p1b: Aerodactyl|Aerodactyl, L50, M|100/100
|switch|p2a: Floette|Floette-Eternal, L50, F|100/100
|switch|p2b: Sneasler|Sneasler, L50, F|100/100
|turn|1
|
|t:|1783045636
|switch|p2b: Kingambit|Kingambit, L50, F|100/100
|detailschange|p1b: Aerodactyl|Aerodactyl-Mega, L50, M
|-mega|p1b: Aerodactyl|Aerodactyl|Aerodactylite
|detailschange|p2a: Floette|Floette-Mega, L50, F
|-mega|p2a: Floette|Floette|Floettite
|-ability|p2a: Floette|Fairy Aura
|move|p1a: Meowstic|Fake Out|p2a: Floette
|-damage|p2a: Floette|95/100
|move|p1b: Aerodactyl|Dual Wingbeat|p2b: Kingambit
|-resisted|p2b: Kingambit|1
|-damage|p2b: Kingambit|88/100
|-resisted|p2b: Kingambit|1
|-damage|p2b: Kingambit|78/100
|-hitcount|p2b: Kingambit|2
|cant|p2a: Floette|flinch
|
|upkeep
|turn|2
|inactive|Battle timer is ON: inactive players will automatically lose when time's up. (requested by imonx6pace!)
|
|t:|1783045654
|move|p2b: Kingambit|Sucker Punch|p1b: Aerodactyl
|-damage|p1b: Aerodactyl|43/100
|move|p1b: Aerodactyl|Rock Slide|p2a: Floette|[spread] p2a,p2b
|-resisted|p2b: Kingambit|1
|-damage|p2a: Floette|73/100
|-damage|p2b: Kingambit|67/100
|move|p2a: Floette|Calm Mind|p2a: Floette
|-boost|p2a: Floette|spa|1
|-boost|p2a: Floette|spd|1
|move|p1a: Meowstic|Psychic|p2a: Floette
|-damage|p2a: Floette|59/100
|-unboost|p2a: Floette|spd|1
|
|upkeep
|turn|3
|
|t:|1783045669
|move|p2b: Kingambit|Sucker Punch||[still]
|-fail|p2b: Kingambit
|move|p1b: Aerodactyl|Tailwind|p1b: Aerodactyl
|-sidestart|p1: thebrickwall285|move: Tailwind
|move|p1a: Meowstic|Psychic|p2a: Floette
|-damage|p2a: Floette|38/100
|move|p2a: Floette|Dazzling Gleam|p1b: Aerodactyl|[spread] p1a,p1b
|-damage|p1a: Meowstic|51/100
|-damage|p1b: Aerodactyl|0 fnt
|faint|p1b: Aerodactyl
|
|upkeep
|
|t:|1783045678
|switch|p1b: Salazzle|Salazzle, L50, F|100/100
|turn|4
|
|t:|1783045693
|switch|p2a: Sneasler|Sneasler, L50, F|100/100
|move|p1a: Meowstic|Sunny Day|p1a: Meowstic
|-weather|SunnyDay
|move|p1b: Salazzle|Flamethrower|p2b: Kingambit
|-supereffective|p2b: Kingambit|1
|-damage|p2b: Kingambit|0 fnt
|faint|p2b: Kingambit
|
|-weather|SunnyDay|[upkeep]
|upkeep
|
|t:|1783045702
|switch|p2b: Basculegion|Basculegion, L50, M|100/100
|turn|5
|
|t:|1783045710
|switch|p1b: Kingambit|Kingambit, L50, F|100/100
|move|p2a: Sneasler|Protect|p2a: Sneasler
|-singleturn|p2a: Sneasler|Protect
|move|p1a: Meowstic|Psychic|p2a: Sneasler
|-activate|p2a: Sneasler|move: Protect
|move|p2b: Basculegion|Last Respects|p1a: Meowstic
|-supereffective|p1a: Meowstic|1
|-damage|p1a: Meowstic|0 fnt
|faint|p1a: Meowstic
|
|-weather|SunnyDay|[upkeep]
|upkeep
|
|t:|1783045716
|switch|p1a: Salazzle|Salazzle, L50, F|100/100
|turn|6
|
|t:|1783045734
|switch|p2b: Floette|Floette-Mega, L50, F|38/100
|-ability|p2b: Floette|Fairy Aura
|move|p1a: Salazzle|Fake Out|p2a: Sneasler
|-damage|p2a: Sneasler|88/100
|cant|p2a: Sneasler|flinch
|move|p1b: Kingambit|Kowtow Cleave|p2b: Floette
|-resisted|p2b: Floette|1
|-damage|p2b: Floette|19/100
|
|-weather|SunnyDay|[upkeep]
|-sideend|p1: thebrickwall285|move: Tailwind
|upkeep
|turn|7
|
|t:|1783045752
|move|p2a: Sneasler|Close Combat|p1b: Kingambit
|-supereffective|p1b: Kingambit|2
|-damage|p1b: Kingambit|0 fnt
|-unboost|p2a: Sneasler|def|1
|-unboost|p2a: Sneasler|spd|1
|faint|p1b: Kingambit
|-enditem|p2a: Sneasler|White Herb
|-clearnegativeboost|p2a: Sneasler|[silent]
|move|p1a: Salazzle|Flamethrower|p2a: Sneasler
|-damage|p2a: Sneasler|0 fnt
|faint|p2a: Sneasler
|move|p2b: Floette|Moonblast|p1a: Salazzle
|-resisted|p1a: Salazzle|2
|-damage|p1a: Salazzle|70/100
|
|-weather|SunnyDay|[upkeep]
|upkeep
|
|t:|1783045763
|switch|p2a: Basculegion|Basculegion, L50, M|100/100
|turn|8
|
|t:|1783045767
|move|p2a: Basculegion|Last Respects|p1a: Salazzle
|-crit|p1a: Salazzle
|-damage|p1a: Salazzle|0 fnt
|faint|p1a: Salazzle
|
|win|imonx6pace!
|raw|thebrickwall285's rating: 1071 → 1057(-14 for losing)
|raw|imonx6pace!'s rating: 1186 → 1203(+17 for winning)
|c|☆thebrickwall285|gg
|c|☆imonx6pace!|gg
|l|☆thebrickwall285
|player|p1|
