|j|☆Pakaan64
|j|☆alkdfe
|html|Pakaan64alkdfe    
|uhtml|bestof|Game 1 of a best-of-3
|t:|1783805176
|gametype|doubles
|player|p1|Pakaan64|170|1228
|player|p2|alkdfe|elesa|1123
|gen|9
|tier|[Gen 9 Champions] VGC 2026 Reg M-B (Bo3)
|rated|
|rule|Species Clause: Limit one of each Pokémon
|rule|Item Clause: Limit 1 of each item
|clearpoke
|poke|p1|Charizard, L50, F|
|poke|p1|Milotic, L50, M|
|poke|p1|Venusaur, L50, M|
|poke|p1|Sableye, L50, F|
|poke|p1|Aerodactyl, L50, M|
|poke|p1|Garchomp, L50, M|
|poke|p2|Aerodactyl, L50, F, shiny|
|poke|p2|Kingambit, L50, M, shiny|
|poke|p2|Sylveon, L50, M, shiny|
|poke|p2|Charizard, L50, F, shiny|
|poke|p2|Garchomp, L50, F, shiny|
|poke|p2|Farigiraf, L50, M, shiny|
|teampreview|4
|showteam|p1|Charizard||CharizarditeY|Blaze|HeatWave,WeatherBall,Protect,ScorchingSands|Modest||F|||50|]Milotic||Leftovers|Competitive|Coil,MuddyWater,IceBeam,Protect|Bold||M|||50|]Venusaur||FocusSash|Chlorophyll|LeafStorm,Protect,SludgeBomb,EarthPower|Modest||M|||50|]Sableye||RoseliBerry|Prankster|FakeOut,Quash,SunnyDay,FoulPlay|Impish||F|||50|]Aerodactyl||Aerodactylite|Unnerve|Tailwind,Protect,DualWingbeat,RockSlide|Jolly||M|||50|]Garchomp||LifeOrb|RoughSkin|RockTomb,DragonClaw,StompingTantrum,Protect|Jolly||M|||50|
|showteam|p2|Aerodactyl||Aerodactylite|Unnerve|RockSlide,DualWingbeat,IceFang,Tailwind|Jolly||F|||50|]Kingambit||FocusSash|Defiant|KowtowCleave,IronHead,SuckerPunch,LowKick|Adamant||M|||50|]Sylveon||FairyFeather|Pixilate|HyperVoice,QuickAttack,HyperBeam,Detect|Modest||M|||50|]Charizard||CharizarditeY|Blaze|HeatWave,WeatherBall,SolarBeam,Protect|Modest||F|||50|]Garchomp||LifeOrb|RoughSkin|DragonClaw,Earthquake,RockSlide,Protect|Jolly||F|||50|]Farigiraf||SitrusBerry|ArmorTail|TwinBeam,Thunderbolt,TrickRoom,HelpingHand|Relaxed||M|||50|
|inactive|Battle timer is ON: inactive players will automatically lose when time's up. (requested by Pakaan64)
|inactive|Pakaan64 has 60 seconds left.
|inactive|alkdfe has 60 seconds left.
|
|t:|1783805226
|teamsize|p1|4
|teamsize|p2|4
|start
|switch|p1a: Milotic|Milotic, L50, M|100/100
|switch|p1b: Sableye|Sableye, L50, F|100/100
|switch|p2a: Aerodactyl|Aerodactyl, L50, F, shiny|100/100
|switch|p2b: Kingambit|Kingambit, L50, M, shiny|100/100
|-ability|p2a: Aerodactyl|Unnerve
|turn|1
|
|t:|1783805251
|switch|p2a: Sylveon|Sylveon, L50, M, shiny|100/100
|move|p2b: Kingambit|Kowtow Cleave|p1b: Sableye
|-damage|p1b: Sableye|52/100
|move|p1a: Milotic|Coil|p1a: Milotic
|-boost|p1a: Milotic|atk|1
|-boost|p1a: Milotic|def|1
|-boost|p1a: Milotic|accuracy|1
|move|p1b: Sableye|Foul Play|p2b: Kingambit
|-resisted|p2b: Kingambit|1
|-damage|p2b: Kingambit|75/100
|
|upkeep
|turn|2
|
|t:|1783805268
|move|p1b: Sableye|Quash|p2a: Sylveon
|-activate|p2a: Sylveon|move: Quash
|move|p2b: Kingambit|Kowtow Cleave|p1a: Milotic
|-damage|p1a: Milotic|68/100
|move|p1a: Milotic|Muddy Water|p2b: Kingambit|[spread] p2a,p2b
|-damage|p2a: Sylveon|82/100
|-damage|p2b: Kingambit|50/100g
|move|p2a: Sylveon|Hyper Beam|p1a: Milotic
|-damage|p1a: Milotic|12/100
|-mustrecharge|p2a: Sylveon
|
|-heal|p1a: Milotic|18/100|[from] item: Leftovers
|upkeep
|turn|3
|inactive|Pakaan64 has 30 seconds left.
|inactive|Pakaan64 has 20 seconds left.
|
|t:|1783805307
|move|p1a: Milotic|Protect|p1a: Milotic
|-singleturn|p1a: Milotic|Protect
|move|p2b: Kingambit|Kowtow Cleave|p1b: Sableye
|-damage|p1b: Sableye|5/100
|cant|p2a: Sylveon|recharge
|move|p1b: Sableye|Foul Play|p2b: Kingambit
|-resisted|p2b: Kingambit|1
|-damage|p2b: Kingambit|26/100
|
|-heal|p1a: Milotic|24/100|[from] item: Leftovers
|upkeep
|turn|4
|inactive|alkdfe has 30 seconds left.
|
|t:|1783805332
|move|p1a: Milotic|Protect|p1a: Milotic
|-singleturn|p1a: Milotic|Protect
|move|p1b: Sableye|Quash|p2a: Sylveon
|-activate|p2a: Sylveon|move: Quash
|move|p2b: Kingambit|Kowtow Cleave|p1a: Milotic
|-activate|p1a: Milotic|move: Protect
|move|p2a: Sylveon|Hyper Voice|p1b: Sableye|[spread] p1b
|-activate|p1a: Milotic|move: Protect
|-supereffective|p1b: Sableye|1
|-enditem|p1b: Sableye|Roseli Berry|[eat]
|-enditem|p1b: Sableye|Roseli Berry|[weaken]
|-damage|p1b: Sableye|0 fnt
|faint|p1b: Sableye
|
|-heal|p1a: Milotic|30/100|[from] item: Leftovers
|upkeep
|
|t:|1783805350
|switch|p1b: Garchomp|Garchomp, L50, M|100/100
|turn|5
|
|t:|1783805362
|switch|p2b: Aerodactyl|Aerodactyl, L50, F, shiny|100/100
|-ability|p2b: Aerodactyl|Unnerve
|move|p1b: Garchomp|Protect|p1b: Garchomp
|-singleturn|p1b: Garchomp|Protect
|move|p1a: Milotic|Muddy Water|p2b: Aerodactyl|[spread] p2a,p2b
|-supereffective|p2b: Aerodactyl|1
|-damage|p2a: Sylveon|65/100
|-damage|p2b: Aerodactyl|34/100
|move|p2a: Sylveon|Hyper Voice|p1a: Milotic|[spread] p1a
|-activate|p1b: Garchomp|move: Protect
|-damage|p1a: Milotic|5/100
|
|-heal|p1a: Milotic|11/100|[from] item: Leftovers
|upkeep
|turn|6
|inactive|Pakaan64 has 30 seconds left.
|
|t:|1783805391
|move|p2b: Aerodactyl|Ice Fang|p1b: Garchomp
|-supereffective|p1b: Garchomp|2
|-damage|p1b: Garchomp|28/100
|-status|p1b: Garchomp|frz
|-damage|p2b: Aerodactyl|22/100|[from] ability: Rough Skin|[of] p1b: Garchomp
|-curestatus|p1b: Garchomp|frz|[msg]
|move|p1b: Garchomp|Stomping Tantrum|p2a: Sylveon
|-damage|p2a: Sylveon|17/100
|-damage|p1b: Garchomp|18/100|[from] item: Life Orb
|move|p1a: Milotic|Muddy Water|p2b: Aerodactyl|[spread] p2a,p2b
|-supereffective|p2b: Aerodactyl|1
|-damage|p2a: Sylveon|0 fnt
|-damage|p2b: Aerodactyl|0 fnt
|faint|p2a: Sylveon
|faint|p2b: Aerodactyl
|
|-heal|p1a: Milotic|17/100|[from] item: Leftovers
|upkeep
|
|t:|1783805407
|switch|p2b: Kingambit|Kingambit, L50, M, shiny|26/100
|switch|p2a: Charizard|Charizard, L50, F, shiny|100/100
|turn|7
|
|t:|1783805426
|detailschange|p2a: Charizard|Charizard-Mega-Y, L50, F, shiny
|-mega|p2a: Charizard|Charizard|Charizardite Y
|-weather|SunnyDay|[from] ability: Drought|[of] p2a: Charizard
|move|p1a: Milotic|Protect|p1a: Milotic
|-singleturn|p1a: Milotic|Protect
|move|p2b: Kingambit|Sucker Punch|p1b: Garchomp
|-damage|p1b: Garchomp|0 fnt
|-damage|p2b: Kingambit|14/100|[from] ability: Rough Skin|[of] p1b: Garchomp
|faint|p1b: Garchomp
|move|p2a: Charizard|Heat Wave|p1a: Milotic
|-activate|p1a: Milotic|move: Protect
|
|-weather|SunnyDay|[upkeep]
|-heal|p1a: Milotic|23/100|[from] item: Leftovers
|upkeep
|
|t:|1783805437
|switch|p1b: Aerodactyl|Aerodactyl, L50, M|100/100
|-ability|p1b: Aerodactyl|Unnerve
|turn|8
|
|t:|1783805456
|detailschange|p1b: Aerodactyl|Aerodactyl-Mega, L50, M
|-mega|p1b: Aerodactyl|Aerodactyl|Aerodactylite
|move|p2a: Charizard|Protect|p2a: Charizard
|-singleturn|p2a: Charizard|Protect
|move|p1b: Aerodactyl|Dual Wingbeat|p2b: Kingambit
|-resisted|p2b: Kingambit|1
|-damage|p2b: Kingambit|1/100
|-resisted|p2b: Kingambit|1
|-damage|p2b: Kingambit|0 fnt
|faint|p2b: Kingambit
|-hitcount|p2: Kingambit|2
|move|p1a: Milotic|Coil|p1a: Milotic
|-boost|p1a: Milotic|atk|1
|-boost|p1a: Milotic|def|1
|-boost|p1a: Milotic|accuracy|1
|
|-weather|SunnyDay|[upkeep]
|-heal|p1a: Milotic|29/100|[from] item: Leftovers
|upkeep
|turn|9
|-message|alkdfe forfeited.
|
|win|Pakaan64
||alkdfe is ready for game 2.
||Pakaan64 is ready for game 2.
|uhtml|next|Next: Game 2 of 3
|l|☆Pakaan64
|player|p1|
