|j|鈽哖umitaNike
|j|鈽哠ceptileFan7a0
|html|PumitaNikeSceptileFan7a0    
|uhtml|bestof|Game 3 of a best-of-3
|t:|1757828323
|gametype|doubles
|player|p1|PumitaNike|1|
|player|p2|SceptileFan7a0|steven|
|gen|9
|tier|[Gen 9] VGC 2025 Reg H (Bo3)
|rule|Species Clause: Limit one of each Pok茅mon
|rule|Item Clause: Limit 1 of each item
|clearpoke
|poke|p1|Porygon2, L50|
|poke|p1|Ursaluna, L50, F|
|poke|p1|Amoonguss, L50, F|
|poke|p1|Gholdengo, L50|
|poke|p1|Incineroar, L50, M|
|poke|p1|Dragonite, L50, F|
|poke|p2|Archaludon, L50, M|
|poke|p2|Annihilape, L50, M|
|poke|p2|Grimmsnarl, L50, M|
|poke|p2|Maushold-Four, L50|
|poke|p2|Pelipper, L50, F|
|poke|p2|Sinistcha, L50|
|teampreview|4
|showteam|p1|Porygon2||Eviolite|Download|TeraBlast,IceBeam,Recover,TrickRoom||||||50|,,,,,Fighting]Ursaluna||FlameOrb|Guts|Facade,Protect,HeadlongRush,Earthquake|||F|||50|,,,,,Ghost]Amoonguss||RockyHelmet|Regenerator|PollenPuff,RagePowder,Spore,SludgeBomb|||F|||50|,,,,,Water]Gholdengo||LifeOrb|GoodasGold|NastyPlot,ShadowBall,MakeItRain,Protect||||||50|,,,,,Water]Incineroar||SitrusBerry|Intimidate|FakeOut,KnockOff,FlareBlitz,PartingShot|||M|||50|,,,,,Ghost]Dragonite||LoadedDice|Multiscale|ScaleShot,Tailwind,Haze,Protect|||F|||50|,,,,,Fairy
|showteam|p2|Archaludon||AssaultVest|Stamina|ElectroShot,DracoMeteor,Snarl,BodyPress|||M|||50|,,,,,Grass]Annihilape||Leftovers|Defiant|RageFist,DrainPunch,BulkUp,Protect|||M|||50|,,,,,Fire]Grimmsnarl||LightClay|Prankster|Reflect,LightScreen,ThunderWave,SpiritBreak|||M|||50|,,,,,Steel]Maushold-Four||SafetyGoggles|FriendGuard|BeatUp,Taunt,FollowMe,Protect||||||50|,,,,,Ghost]Pelipper||FocusSash|Drizzle|Hurricane,WeatherBall,Tailwind,Protect|||F|||50|,,,,,Stellar]Sinistcha||SitrusBerry|Hospitality|LifeDew,RagePowder,StrengthSap,MatchaGotcha||||||50|,,,,,Water
|c|鈽哠ceptileFan7a0|sali贸 fallido el tera predict jajja
|
|t:|1757828388
|teamsize|p1|4
|teamsize|p2|4
|start
|switch|p1a: Gholdengo|Gholdengo, L50|100/100
|switch|p1b: Amoonguss|Amoonguss, L50, F|100/100
|switch|p2a: Archaludon|Archaludon, L50, M|100/100
|switch|p2b: Grimmsnarl|Grimmsnarl, L50, M|100/100
|turn|1
|
|t:|1757828412
|-terastallize|p2a: Archaludon|Grass
|move|p2b: Grimmsnarl|Light Screen|p2b: Grimmsnarl
|-sidestart|p2: SceptileFan7a0|move: Light Screen
|move|p1a: Gholdengo|Nasty Plot|p1a: Gholdengo
|-boost|p1a: Gholdengo|spa|2
|move|p2a: Archaludon|Snarl|p1b: Amoonguss|[spread] p1a
|-miss|p2a: Archaludon|p1b: Amoonguss
|-supereffective|p1a: Gholdengo
|-damage|p1a: Gholdengo|70/100
|-unboost|p1a: Gholdengo|spa|1
|move|p1b: Amoonguss|Spore|p2b: Grimmsnarl
|-status|p2b: Grimmsnarl|slp|[from] move: Spore
|
|upkeep
|turn|2
|
|t:|1757828461
|cant|p2b: Grimmsnarl|slp
|move|p1a: Gholdengo|Nasty Plot|p1a: Gholdengo
|-boost|p1a: Gholdengo|spa|2
|move|p2a: Archaludon|Draco Meteor|p1a: Gholdengo
|-resisted|p1a: Gholdengo
|-damage|p1a: Gholdengo|37/100
|-unboost|p2a: Archaludon|spa|2
|move|p1b: Amoonguss|Spore|p2b: Grimmsnarl
|-fail|p2b: Grimmsnarl|slp
|
|upkeep
|turn|3
|c|鈽哠ceptileFan7a0|pens茅 q me sab铆a la tabla de tipos che
|c|鈽哠ceptileFan7a0|me acabo de enterar q acero resiste dragon
|
|t:|1757828512
|move|p1a: Gholdengo|Make It Rain|p2b: Grimmsnarl|[spread] p2a,p2b
|-supereffective|p2b: Grimmsnarl
|-damage|p2a: Archaludon|38/100
|-damage|p2b: Grimmsnarl|0 fnt
|-unboost|p1a: Gholdengo|spa|1
|-ability|p2a: Archaludon|Stamina|boost
|-boost|p2a: Archaludon|def|1
|faint|p2b: Grimmsnarl
|-damage|p1a: Gholdengo|28/100|[from] item: Life Orb
|move|p2a: Archaludon|Snarl|p1b: Amoonguss|[spread] p1a,p1b
|-supereffective|p1a: Gholdengo
|-damage|p1a: Gholdengo|13/100
|-damage|p1b: Amoonguss|95/100
|-unboost|p1a: Gholdengo|spa|1
|-unboost|p1b: Amoonguss|spa|1
|move|p1b: Amoonguss|Pollen Puff|p1a: Gholdengo
|-heal|p1a: Gholdengo|63/100
|
|upkeep
|
|t:|1757828529
|switch|p2b: Sinistcha|Sinistcha, L50|100/100
|-heal|p2a: Archaludon|63/100|[from] ability: Hospitality|[of] p2b: Sinistcha
|turn|4
|
|t:|1757828547
|switch|p2a: Pelipper|Pelipper, L50, F|100/100
|-weather|RainDance|[from] ability: Drizzle|[of] p2a: Pelipper
|move|p1a: Gholdengo|Shadow Ball|p2b: Sinistcha
|-supereffective|p2b: Sinistcha
|-damage|p2b: Sinistcha|13/100
|-enditem|p2b: Sinistcha|Sitrus Berry|[eat]
|-heal|p2b: Sinistcha|38/100|[from] item: Sitrus Berry
|-damage|p1a: Gholdengo|54/100|[from] item: Life Orb
|move|p2b: Sinistcha|Matcha Gotcha|p1b: Amoonguss|[spread] p1a,p1b
|-resisted|p1a: Gholdengo
|-resisted|p1b: Amoonguss
|-damage|p1a: Gholdengo|41/100
|-heal|p2b: Sinistcha|44/100|[from] drain|[of] p1a: Gholdengo
|-damage|p1b: Amoonguss|90/100
|-heal|p2b: Sinistcha|47/100|[from] drain|[of] p1b: Amoonguss
|move|p1b: Amoonguss|Sludge Bomb|p2b: Sinistcha
|-damage|p2b: Sinistcha|36/100
|
|-weather|RainDance|[upkeep]
|upkeep
|turn|5
|
|t:|1757828583
|switch|p2b: Archaludon|Archaludon, L50, M, tera:Grass|63/100
|move|p2a: Pelipper|Protect|p2a: Pelipper
|-singleturn|p2a: Pelipper|Protect
|move|p1a: Gholdengo|Shadow Ball|p2b: Archaludon
|-damage|p2b: Archaludon|28/100
|-ability|p2b: Archaludon|Stamina|boost
|-boost|p2b: Archaludon|def|1
|-damage|p1a: Gholdengo|31/100|[from] item: Life Orb
|move|p1b: Amoonguss|Spore|p2a: Pelipper
|-activate|p2a: Pelipper|move: Protect
|
|-weather|RainDance|[upkeep]
|upkeep
|turn|6
|
|t:|1757828612
|switch|p2a: Sinistcha|Sinistcha, L50|36/100
|-heal|p2b: Archaludon|53/100|[from] ability: Hospitality|[of] p2a: Sinistcha
|move|p1a: Gholdengo|Make It Rain|p2b: Archaludon|[spread] p2a,p2b
|-damage|p2a: Sinistcha|0 fnt
|-damage|p2b: Archaludon|14/100
|-unboost|p1a: Gholdengo|spa|1
|-ability|p2b: Archaludon|Stamina|boost
|-boost|p2b: Archaludon|def|1
|faint|p2a: Sinistcha
|-damage|p1a: Gholdengo|22/100|[from] item: Life Orb
|move|p2b: Archaludon|Electro Shot||[still]
|-prepare|p2b: Archaludon|Electro Shot
|-boost|p2b: Archaludon|spa|1
|-anim|p2b: Archaludon|Electro Shot|p1a: Gholdengo
|-damage|p1a: Gholdengo|0 fnt
|faint|p1a: Gholdengo
|move|p1b: Amoonguss|Sludge Bomb|p2b: Archaludon
|-supereffective|p2b: Archaludon
|-damage|p2b: Archaludon|0 fnt
|faint|p2b: Archaludon
|
|-weather|RainDance|[upkeep]
|upkeep
|
|t:|1757828636
|switch|p1a: Dragonite|Dragonite, L50, F|100/100
|switch|p2b: Pelipper|Pelipper, L50, F|100/100
|turn|7
|
|t:|1757828652
|-terastallize|p1b: Amoonguss|Water
|move|p1a: Dragonite|Scale Shot|p2b: Pelipper
|-damage|p2b: Pelipper|80/100
|-damage|p2b: Pelipper|61/100
|-damage|p2b: Pelipper|40/100
|-damage|p2b: Pelipper|22/100
|-damage|p2b: Pelipper|1/100
|-hitcount|p2b: Pelipper|5
|-unboost|p1a: Dragonite|def|1
|-boost|p1a: Dragonite|spe|1
|move|p2b: Pelipper|Hurricane|p1b: Amoonguss
|-damage|p1b: Amoonguss|45/100
|move|p1b: Amoonguss|Spore|p2b: Pelipper
|-status|p2b: Pelipper|slp|[from] move: Spore
|
|-weather|RainDance|[upkeep]
|upkeep
|turn|8
|
|t:|1757828673
|move|p1a: Dragonite|Scale Shot|p2b: Pelipper
|-damage|p2b: Pelipper|0 fnt
|faint|p2b: Pelipper
|-hitcount|p2: Pelipper|1
|
|win|PumitaNike
|c|鈽哖umitaNike|GG
|c|鈽哠ceptileFan7a0|ggs
|c|鈽哠ceptileFan7a0|bueno ahora si te dejo
|c|鈽哠ceptileFan7a0|me tienen la cabeza podrida estos bichos
|c|鈽哠ceptileFan7a0|jajajjj
|c|鈽哖umitaNike|Jajaja
|c|鈽哖umitaNike|Oka
|c|鈽哖umitaNike|Guardo las replay
|c|鈽哠ceptileFan7a0|chau loko
|c|鈽哠ceptileFan7a0|de una
|c|鈽哠ceptileFan7a0|yo mande lo anterior a mi canal, x si no lo guardaste
|c|鈽哠ceptileFan7a0|ahora si, chau
|l|鈽哠ceptileFan7a0
|player|p2|
