|j|☆LeonardPlayz
|j|☆C.blaze
|html|LeonardPlayzC.blaze    
|uhtml|bestof|Game 3 of a best-of-3
|t:|1783393347
|gametype|doubles
|player|p1|LeonardPlayz|hilbert-wonderlauncher|1138
|player|p2|C.blaze|101|1192
|gen|9
|tier|[Gen 9 Champions] VGC 2026 Reg M-B (Bo3)
|rated|
|rule|Species Clause: Limit one of each Pokémon
|rule|Item Clause: Limit 1 of each item
|clearpoke
|poke|p1|Aerodactyl, L50, F|
|poke|p1|Gengar, L50, M|
|poke|p1|Mamoswine, L50, M|
|poke|p1|Gholdengo, L50|
|poke|p1|Grimmsnarl, L50, M|
|poke|p1|Incineroar, L50, F|
|poke|p2|Mawile, L50, M|
|poke|p2|Hydreigon, L50, M|
|poke|p2|Oranguru, L50, F|
|poke|p2|Rotom-Wash, L50|
|poke|p2|Sylveon, L50, M|
|poke|p2|Talonflame, L50, F|
|teampreview|4
|showteam|p1|Aerodactyl||Aerodactylite|RockHead|Tailwind,RockSlide,DualWingbeat,Protect|Jolly||F|||50|]Gengar||Gengarite|CursedBody|ShadowBall,PerishSong,Disable,Protect|Timid||M|||50|]Mamoswine||LifeOrb|Oblivious|IceShard,HighHorsepower,Haze,Protect|Adamant||M|||50|]Gholdengo||FocusSash|GoodasGold|MakeItRain,ShadowBall,FocusBlast,Protect|Modest|||||50|]Grimmsnarl||LightClay|Prankster|FakeOut,PartingShot,Reflect,LightScreen|Impish||M|||50|]Incineroar||SitrusBerry|Intimidate|FakeOut,ThroatChop,PartingShot,Protect|Careful||F|||50|
|showteam|p2|Mawile||Mawilite|Intimidate|PlayRough,IronHead,Protect,RockSlide|Brave||M|||50|]Hydreigon||HabanBerry|Levitate|DracoMeteor,DarkPulse,Protect,Snarl|Timid||M|||50|]Oranguru||MentalHerb|InnerFocus|Psychic,Encore,Instruct,TrickRoom|Sassy||F|||50|]Rotom-Wash||SitrusBerry|Levitate|Thunderbolt,HydroPump,Electroweb,WillOWisp|Timid|||||50|]Sylveon||FairyFeather|Pixilate|HyperVoice,HyperBeam,Protect,MysticalFire|Modest||M|||50|]Talonflame||SharpBeak|GaleWings|DualWingbeat,FlareBlitz,Protect,Tailwind|Jolly||F|||50|
|inactive|Battle timer is ON: inactive players will automatically lose when time's up. (requested by LeonardPlayz)
|
|t:|1783393361
|teamsize|p1|4
|teamsize|p2|4
|start
|switch|p1a: Gengar|Gengar, L50, M|100/100
|switch|p1b: Grimmsnarl|Grimmsnarl, L50, M|100/100
|switch|p2a: Oranguru|Oranguru, L50, F|100/100
|switch|p2b: Hydreigon|Hydreigon, L50, M|100/100
|turn|1
|
|t:|1783393374
|detailschange|p1a: Gengar|Gengar-Mega, L50, M
|-mega|p1a: Gengar|Gengar|Gengarite
|move|p1b: Grimmsnarl|Fake Out|p2b: Hydreigon
|-damage|p2b: Hydreigon|86/100
|move|p1a: Gengar|Perish Song|p1a: Gengar
|-start|p1a: Gengar|perish3|[silent]
|-start|p1b: Grimmsnarl|perish3|[silent]
|-start|p2a: Oranguru|perish3|[silent]
|-start|p2b: Hydreigon|perish3|[silent]
|-fieldactivate|move: Perish Song
|cant|p2b: Hydreigon|flinch
|move|p2a: Oranguru|Psychic|p1a: Gengar
|-supereffective|p1a: Gengar|1
|-damage|p1a: Gengar|30/100
|
|-start|p1a: Gengar|perish3
|-start|p2b: Hydreigon|perish3
|-start|p1b: Grimmsnarl|perish3
|-start|p2a: Oranguru|perish3
|upkeep
|turn|2
|
|t:|1783393395
|move|p1a: Gengar|Protect|p1a: Gengar
|-singleturn|p1a: Gengar|Protect
|move|p1b: Grimmsnarl|Parting Shot|p2a: Oranguru
|-unboost|p2a: Oranguru|atk|1
|-unboost|p2a: Oranguru|spa|1
|
|t:|1783393401
|switch|p1b: Incineroar|Incineroar, L50, F|100/100|[from] Parting Shot
|-ability|p1b: Incineroar|Intimidate|boost
|-fail|p2a: Oranguru|unboost|Attack|[from] ability: Inner Focus|[of] p2a: Oranguru
|-unboost|p2b: Hydreigon|atk|1
|move|p2b: Hydreigon|Draco Meteor|p1b: Incineroar
|-damage|p1b: Incineroar|48/100
|-unboost|p2b: Hydreigon|spa|2
|-enditem|p1b: Incineroar|Sitrus Berry|[eat]
|-heal|p1b: Incineroar|72/100|[from] item: Sitrus Berry
|move|p2a: Oranguru|Trick Room|p2a: Oranguru
|-fieldstart|move: Trick Room|[of] p2a: Oranguru
|
|-start|p2a: Oranguru|perish2
|-start|p2b: Hydreigon|perish2
|-start|p1a: Gengar|perish2
|upkeep
|turn|3
|inactive|LeonardPlayz has 30 seconds left.
|
|t:|1783393430
|switch|p1a: Grimmsnarl|Grimmsnarl, L50, M|100/100
|move|p1b: Incineroar|Parting Shot|p2a: Oranguru
|-unboost|p2a: Oranguru|atk|1
|-unboost|p2a: Oranguru|spa|1
|
|t:|1783393438
|switch|p1b: Gengar|Gengar-Mega, L50, M|30/100|[from] Parting Shot
|move|p2b: Hydreigon|Dark Pulse|p1a: Grimmsnarl
|-resisted|p1a: Grimmsnarl|2
|-damage|p1a: Grimmsnarl|95/100
|move|p2a: Oranguru|Trick Room|p2a: Oranguru
|-fieldend|move: Trick Room
|
|-start|p2b: Hydreigon|perish1
|-start|p2a: Oranguru|perish1
|upkeep
|turn|4
|
|t:|1783393454
|move|p1b: Gengar|Protect|p1b: Gengar
|-singleturn|p1b: Gengar|Protect
|move|p1a: Grimmsnarl|Light Screen|p1a: Grimmsnarl
|-sidestart|p1: LeonardPlayz|move: Light Screen
|move|p2b: Hydreigon|Draco Meteor|p1b: Gengar
|-activate|p1b: Gengar|move: Protect
|move|p2a: Oranguru|Trick Room|p2a: Oranguru
|-fieldstart|move: Trick Room|[of] p2a: Oranguru
|
|-start|p2a: Oranguru|perish0
|-start|p2b: Hydreigon|perish0
|faint|p2a: Oranguru
|faint|p2b: Hydreigon
|upkeep
|
|t:|1783393458
|switch|p2a: Sylveon|Sylveon, L50, M|100/100
|switch|p2b: Mawile|Mawile, L50, M|100/100
|-ability|p2b: Mawile|Intimidate|boost
|-unboost|p1a: Grimmsnarl|atk|1
|-unboost|p1b: Gengar|atk|1
|turn|5
|
|t:|1783393479
|detailschange|p2b: Mawile|Mawile-Mega, L50, M
|-mega|p2b: Mawile|Mawile|Mawilite
|move|p1a: Grimmsnarl|Parting Shot|p2b: Mawile
|-unboost|p2b: Mawile|atk|1
|-unboost|p2b: Mawile|spa|1
|
|t:|1783393484
|switch|p1a: Incineroar|Incineroar, L50, F|72/100|[from] Parting Shot
|-ability|p1a: Incineroar|Intimidate|boost
|-unboost|p2a: Sylveon|atk|1
|-unboost|p2b: Mawile|atk|1
|move|p2b: Mawile|Play Rough|p1b: Gengar
|-resisted|p1b: Gengar|1
|-damage|p1b: Gengar|3/100
|move|p2a: Sylveon|Hyper Voice|p1a: Incineroar|[spread] p1a,p1b
|-resisted|p1b: Gengar|1
|-damage|p1a: Incineroar|45/100
|-damage|p1b: Gengar|0 fnt
|faint|p1b: Gengar
|
|upkeep
|
|t:|1783393504
|switch|p1b: Grimmsnarl|Grimmsnarl, L50, M|95/100
|turn|6
|
|t:|1783393517
|move|p1b: Grimmsnarl|Fake Out|p2a: Sylveon
|-damage|p2a: Sylveon|85/100
|move|p2b: Mawile|Play Rough|p1b: Grimmsnarl
|-supereffective|p1b: Grimmsnarl|1
|-damage|p1b: Grimmsnarl|5/100
|move|p1a: Incineroar|Parting Shot|p1b: Grimmsnarl
|-unboost|p1b: Grimmsnarl|atk|1
|-unboost|p1b: Grimmsnarl|spa|1
|
|t:|1783393525
|switch|p1a: Gholdengo|Gholdengo, L50|100/100|[from] Parting Shot
|cant|p2a: Sylveon|flinch
|
|upkeep
|turn|7
|
|t:|1783393537
|move|p1b: Grimmsnarl|Parting Shot|p2b: Mawile
|-unboost|p2b: Mawile|atk|1
|-unboost|p2b: Mawile|spa|1
|
|t:|1783393541
|switch|p1b: Incineroar|Incineroar, L50, F|45/100|[from] Parting Shot
|-ability|p1b: Incineroar|Intimidate|boost
|-unboost|p2a: Sylveon|atk|1
|-unboost|p2b: Mawile|atk|1
|move|p2b: Mawile|Rock Slide|p1b: Incineroar|[spread] p1a,p1b
|-resisted|p1a: Gholdengo|1
|-supereffective|p1b: Incineroar|1
|-damage|p1a: Gholdengo|93/100
|-damage|p1b: Incineroar|26/100
|move|p2a: Sylveon|Mystical Fire|p1a: Gholdengo
|-supereffective|p1a: Gholdengo|1
|-damage|p1a: Gholdengo|55/100
|-unboost|p1a: Gholdengo|spa|1
|move|p1a: Gholdengo|Shadow Ball|p2b: Mawile
|-damage|p2b: Mawile|61/100
|-unboost|p2b: Mawile|spd|1
|
|upkeep
|turn|8
|
|t:|1783393564
|move|p2a: Sylveon|Protect|p2a: Sylveon
|-singleturn|p2a: Sylveon|Protect
|move|p1b: Incineroar|Fake Out|p2a: Sylveon
|-activate|p2a: Sylveon|move: Protect
|move|p2b: Mawile|Rock Slide|p1b: Incineroar|[spread] p1a,p1b
|-resisted|p1a: Gholdengo|1
|-supereffective|p1b: Incineroar|1
|-damage|p1a: Gholdengo|48/100
|-damage|p1b: Incineroar|4/100
|move|p1a: Gholdengo|Make It Rain|p2b: Mawile|[spread] p2b
|-activate|p2a: Sylveon|move: Protect
|-damage|p2b: Mawile|4/100
|-unboost|p1a: Gholdengo|spa|2
|
|-fieldend|move: Trick Room
|upkeep
|turn|9
|
|t:|1783393581
|move|p1a: Gholdengo|Make It Rain|p2b: Mawile|[spread] p2a
|-miss|p1a: Gholdengo|p2b: Mawile
|-supereffective|p2a: Sylveon|1
|-crit|p2a: Sylveon
|-damage|p2a: Sylveon|0 fnt
|-unboost|p1a: Gholdengo|spa|2
|faint|p2a: Sylveon
|move|p1b: Incineroar|Parting Shot|p2b: Mawile
|-unboost|p2b: Mawile|atk|1
|-unboost|p2b: Mawile|spa|1
|
|t:|1783393589
|switch|p1b: Grimmsnarl|Grimmsnarl, L50, M|5/100|[from] Parting Shot
|move|p2b: Mawile|Rock Slide|p1a: Gholdengo|[spread] p1a,p1b
|-resisted|p1a: Gholdengo|1
|-damage|p1a: Gholdengo|42/100
|-damage|p1b: Grimmsnarl|0 fnt
|faint|p1b: Grimmsnarl
|
|upkeep
|
|t:|1783393591
|switch|p1b: Incineroar|Incineroar, L50, F|4/100
|-ability|p1b: Incineroar|Intimidate|boost
|-unboost|p2b: Mawile|atk|1
|turn|10
|
|t:|1783393597
|move|p1b: Incineroar|Fake Out|p2b: Mawile
|-resisted|p2b: Mawile|1
|-damage|p2b: Mawile|0 fnt
|faint|p2b: Mawile
|
|win|LeonardPlayz
|raw|LeonardPlayz's rating: 1138 → 1167(+29 for winning)
|raw|C.blaze's rating: 1192 → 1163(-29 for losing)
