|j|☆toadsamongmen
|j|☆tr4ppy08
|html|toadsamongmentr4ppy08    
|uhtml|bestof|Game 2 of a best-of-3
|t:|1783530862
|gametype|doubles
|player|p1|toadsamongmen|surfer|
|player|p2|tr4ppy08|hilbert|
|gen|9
|tier|[Gen 9 Champions] VGC 2026 Reg M-B (Bo3)
|rule|Species Clause: Limit one of each Pokémon
|rule|Item Clause: Limit 1 of each item
|clearpoke
|poke|p1|Mawile, L50, M|
|poke|p1|Archaludon, L50, F|
|poke|p1|Pelipper, L50, F|
|poke|p1|Swampert, L50, M|
|poke|p1|Incineroar, L50, F|
|poke|p1|Farigiraf, L50, M|
|poke|p2|Gholdengo, L50|
|poke|p2|Hydreigon, L50, M, shiny|
|poke|p2|Staraptor, L50, M, shiny|
|poke|p2|Maushold, L50, shiny|
|poke|p2|Incineroar, L50, F|
|poke|p2|Whimsicott, L50, M, shiny|
|teampreview|4
|showteam|p1|Mawile||Mawilite|HyperCutter|SuckerPunch,RockSlide,PlayRough,IronHead|Brave||M|||50|]Archaludon||Leftovers|Stamina|ElectroShot,DragonPulse,AuraSphere,Protect|Calm||F|||50|]Pelipper||FocusSash|Drizzle|Tailwind,WeatherBall,Hurricane,Protect|Modest||F|||50|]Swampert||Swampertite|Damp|HighHorsepower,WaveCrash,Protect,KnockOff|Adamant||M|||50|]Incineroar||Charcoal|Intimidate|FakeOut,FlareBlitz,CloseCombat,ThroatChop|Adamant||F|||50|]Farigiraf||ColburBerry|ArmorTail|TrickRoom,Psychic,HelpingHand,FoulPlay|Relaxed||M|||50|
|showteam|p2|Gholdengo||LifeOrb|GoodasGold|NastyPlot,MakeItRain,ShadowBall,Protect|Modest|||||50|]Hydreigon||ChoiceScarf|Levitate|Tailwind,DracoMeteor,DarkPulse,Flamethrower|Modest||M|||50|]Staraptor||Staraptite|Intimidate|BraveBird,CloseCombat,Roost,Protect|Adamant||M|||50|]Maushold||SitrusBerry|FriendGuard|Feint,FollowMe,Taunt,Protect|Jolly|||||50|]Incineroar||ChopleBerry|Intimidate|FakeOut,ThroatChop,FlareBlitz,PartingShot|Careful||F|||50|]Whimsicott||FocusSash|Prankster|Moonblast,Tailwind,Charm,Encore|Timid||M|||50|
|
|t:|1783530929
|teamsize|p1|4
|teamsize|p2|4
|start
|switch|p1a: Farigiraf|Farigiraf, L50, M|100/100
|switch|p1b: Incineroar|Incineroar, L50, F|100/100
|switch|p2a: Hydreigon|Hydreigon, L50, M, shiny|100/100
|switch|p2b: Incineroar|Incineroar, L50, F|100/100
|-ability|p2b: Incineroar|Intimidate|boost
|-unboost|p1a: Farigiraf|atk|1
|-unboost|p1b: Incineroar|atk|1
|-ability|p1b: Incineroar|Intimidate|boost
|-unboost|p2a: Hydreigon|atk|1
|-unboost|p2b: Incineroar|atk|1
|turn|1
|inactive|Battle timer is ON: inactive players will automatically lose when time's up. (requested by tr4ppy08)
|
|t:|1783530963
|switch|p1b: Mawile|Mawile, L50, M|100/100
|move|p2b: Incineroar|Fake Out||[still]
|cant|p1a: Farigiraf|ability: Armor Tail|Fake Out|[of] p2b: Incineroar
|move|p2a: Hydreigon|Dark Pulse|p1a: Farigiraf
|-supereffective|p1a: Farigiraf|1
|-enditem|p1a: Farigiraf|Colbur Berry|[eat]
|-enditem|p1a: Farigiraf|Colbur Berry|[weaken]
|-damage|p1a: Farigiraf|55/100
|move|p1a: Farigiraf|Trick Room|p1a: Farigiraf
|-fieldstart|move: Trick Room|[of] p1a: Farigiraf
|
|upkeep
|turn|2
|inactive|tr4ppy08 has 30 seconds left.
|
|t:|1783530998
|switch|p2a: Whimsicott|Whimsicott, L50, M, shiny|100/100
|detailschange|p1b: Mawile|Mawile-Mega, L50, M
|-mega|p1b: Mawile|Mawile|Mawilite
|move|p1a: Farigiraf|Helping Hand|p1b: Mawile
|-singleturn|p1b: Mawile|Helping Hand|[of] p1a: Farigiraf
|move|p1b: Mawile|Play Rough|p2a: Whimsicott
|-enditem|p2a: Whimsicott|Focus Sash
|-damage|p2a: Whimsicott|1/100
|move|p2b: Incineroar|Flare Blitz|p1b: Mawile
|-supereffective|p1b: Mawile|1
|-damage|p1b: Mawile|40/100
|-damage|p2b: Incineroar|85/100|[from] Recoil
|
|upkeep
|turn|3
|inactive|toadsamongmen has 30 seconds left.
|inactive|tr4ppy08 has 30 seconds left.
|inactive|toadsamongmen has 20 seconds left.
|inactive|tr4ppy08 has 20 seconds left.
|inactive|toadsamongmen has 15 seconds left.
|inactive|tr4ppy08 has 15 seconds left.
|inactive|toadsamongmen has 10 seconds left.
|inactive|tr4ppy08 has 10 seconds left.
|inactive|tr4ppy08 has 5 seconds left.
|
|t:|1783531053
|switch|p1a: Pelipper|Pelipper, L50, F|100/100
|-weather|RainDance|[from] ability: Drizzle|[of] p1a: Pelipper
|move|p1b: Mawile|Rock Slide|p2b: Incineroar|[spread] p2a,p2b
|-supereffective|p2b: Incineroar|1
|-damage|p2a: Whimsicott|0 fnt
|-damage|p2b: Incineroar|23/100
|faint|p2a: Whimsicott
|cant|p2b: Incineroar|flinch
|
|-weather|RainDance|[upkeep]
|upkeep
|
|t:|1783531078
|switch|p2a: Staraptor|Staraptor, L50, M, shiny|100/100
|-ability|p2a: Staraptor|Intimidate|boost
|-unboost|p1a: Pelipper|atk|1
|-unboost|p1b: Mawile|atk|1
|turn|4
|
|t:|1783531095
|switch|p2b: Hydreigon|Hydreigon, L50, M, shiny|100/100
|move|p2a: Staraptor|Protect|p2a: Staraptor
|-singleturn|p2a: Staraptor|Protect
|move|p1b: Mawile|Rock Slide|p2b: Hydreigon|[spread] p2b
|-activate|p2a: Staraptor|move: Protect
|-damage|p2b: Hydreigon|73/100
|move|p1a: Pelipper|Hurricane|p2a: Staraptor
|-activate|p2a: Staraptor|move: Protect
|
|-weather|RainDance|[upkeep]
|upkeep
|turn|5
|inactive|tr4ppy08 has 30 seconds left.
|inactive|tr4ppy08 has 20 seconds left.
|inactive|tr4ppy08 has 15 seconds left.
|
|t:|1783531139
|switch|p2b: Incineroar|Incineroar, L50, F|23/100
|-ability|p2b: Incineroar|Intimidate|boost
|-unboost|p1a: Pelipper|atk|1
|-unboost|p1b: Mawile|atk|1
|move|p1b: Mawile|Play Rough|p2b: Incineroar
|-damage|p2b: Incineroar|0 fnt
|faint|p2b: Incineroar
|move|p1a: Pelipper|Hurricane|p2a: Staraptor
|-damage|p2a: Staraptor|16/100
|move|p2a: Staraptor|Roost|p2a: Staraptor
|-heal|p2a: Staraptor|66/100
|-singleturn|p2a: Staraptor|move: Roost
|
|-weather|RainDance|[upkeep]
|-fieldend|move: Trick Room
|upkeep
|
|t:|1783531153
|switch|p2b: Hydreigon|Hydreigon, L50, M, shiny|73/100
|turn|6
|inactive|tr4ppy08 has 30 seconds left.
|
|t:|1783531180
|switch|p1b: Incineroar|Incineroar, L50, F|100/100
|-ability|p1b: Incineroar|Intimidate|boost
|-unboost|p2a: Staraptor|atk|1
|-unboost|p2b: Hydreigon|atk|1
|detailschange|p2a: Staraptor|Staraptor-Mega, L50, M, shiny
|-mega|p2a: Staraptor|Staraptor|Staraptite
|move|p2b: Hydreigon|Dark Pulse|p1a: Pelipper
|-damage|p1a: Pelipper|27/100
|move|p2a: Staraptor|Close Combat|p1b: Incineroar
|-supereffective|p1b: Incineroar|1
|-damage|p1b: Incineroar|12/100
|-boost|p2a: Staraptor|def|1
|-boost|p2a: Staraptor|spd|1
|move|p1a: Pelipper|Hurricane|p2a: Staraptor
|-supereffective|p2a: Staraptor|1
|-damage|p2a: Staraptor|0 fnt
|faint|p2a: Staraptor
|
|-weather|RainDance|[upkeep]
|upkeep
|turn|7
|
|t:|1783531202
|move|p1b: Incineroar|Fake Out|p2b: Hydreigon
|-damage|p2b: Hydreigon|59/100
|cant|p2b: Hydreigon|flinch
|move|p1a: Pelipper|Hurricane|p2b: Hydreigon
|-damage|p2b: Hydreigon|0 fnt
|faint|p2b: Hydreigon
|
|win|toadsamongmen
||toadsamongmen is ready for game 3.
|inactive|tr4ppy08 has 30 seconds to confirm battle start!
||tr4ppy08 is ready for game 3.
|uhtml|next|Next: Game 3 of 3
|l|☆tr4ppy08
|player|p2|
