|j|☆Pelosis
|j|☆bcam1
|html|Pelosisbcam1    
|uhtml|bestof|Game 2 of a best-of-3
|t:|1784560809
|gametype|doubles
|player|p1|Pelosis|170|1135
|player|p2|bcam1|2|1116
|gen|9
|tier|[Gen 9 Champions] VGC 2026 Reg M-B (Bo3)
|rated|
|rule|Species Clause: Limit one of each Pokémon
|rule|Item Clause: Limit 1 of each item
|clearpoke
|poke|p1|Mawile, L50, M|
|poke|p1|Farigiraf, L50, M|
|poke|p1|Incineroar, L50, F|
|poke|p1|Torkoal, L50, M|
|poke|p1|Venusaur, L50, M|
|poke|p1|Scrafty, L50, F|
|poke|p2|Staraptor, L50, F|
|poke|p2|Farigiraf, L50, M|
|poke|p2|Garchomp, L50, F|
|poke|p2|Metagross, L50|
|poke|p2|Whimsicott, L50, M|
|poke|p2|Ceruledge, L50, M|
|teampreview|4
|showteam|p1|Mawile||Mawilite|HyperCutter|Protect,PlayRough,RockSlide,SuckerPunch|Brave||M|||50|]Farigiraf||SitrusBerry|ArmorTail|TrickRoom,TwinBeam,Thunderbolt,HelpingHand|Quiet||M|||50|]Incineroar||WhiteHerb|Intimidate|FakeOut,CloseCombat,FlareBlitz,DarkestLariat|Brave||F|||50|]Torkoal||Charcoal|Drought|Protect,Eruption,HeatWave,WeatherBall|Quiet||M|||50|]Venusaur||FocusSash|Chlorophyll|SleepPowder,EarthPower,EnergyBall,SludgeBomb|Modest||M|||50|]Scrafty||Scraftinite|Intimidate|FakeOut,CloseCombat,KnockOff,IcePunch|Brave||F|||50|
|showteam|p2|Staraptor||Staraptite|Intimidate|Protect,CloseCombat,BraveBird,Roost|Jolly||F|||50|]Farigiraf||SitrusBerry|ArmorTail|HelpingHand,Psychic,Thunderbolt,TrickRoom|Calm||M|||50|]Garchomp||LifeOrb|RoughSkin|Protect,StompingTantrum,RockSlide,DragonClaw|Jolly||F|||50|]Metagross||Metagrossite|ClearBody|Protect,IronHead,PsychicFangs,StompingTantrum|Adamant|||||50|]Whimsicott||FocusSash|Prankster|Moonblast,Tailwind,Charm,Encore|Timid||M|||50|]Ceruledge||ColburBerry|FlashFire|Protect,ShadowSneak,BitterBlade,BulkUp|Adamant||M|||50|
|inactive|Battle timer is ON: inactive players will automatically lose when time's up. (requested by Pelosis)
|
|t:|1784560832
|teamsize|p1|4
|teamsize|p2|4
|start
|switch|p1a: Farigiraf|Farigiraf, L50, M|100/100
|switch|p1b: Incineroar|Incineroar, L50, F|100/100
|switch|p2a: Farigiraf|Farigiraf, L50, M|100/100
|switch|p2b: Ceruledge|Ceruledge, L50, M|100/100
|-ability|p1b: Incineroar|Intimidate|boost
|-unboost|p2a: Farigiraf|atk|1
|-unboost|p2b: Ceruledge|atk|1
|turn|1
|
|t:|1784560851
|switch|p2b: Staraptor|Staraptor, L50, F|100/100
|-ability|p2b: Staraptor|Intimidate|boost
|-unboost|p1a: Farigiraf|atk|1
|-unboost|p1b: Incineroar|atk|1
|-enditem|p1b: Incineroar|White Herb
|-clearnegativeboost|p1b: Incineroar|[silent]
|move|p2a: Farigiraf|Helping Hand|p2b: Staraptor
|-singleturn|p2b: Staraptor|Helping Hand|[of] p2a: Farigiraf
|move|p1a: Farigiraf|Helping Hand|p1b: Incineroar
|-singleturn|p1b: Incineroar|Helping Hand|[of] p1a: Farigiraf
|move|p1b: Incineroar|Darkest Lariat|p2a: Farigiraf
|-supereffective|p2a: Farigiraf|1
|-damage|p2a: Farigiraf|0 fnt
|faint|p2a: Farigiraf
|
|upkeep
|
|t:|1784560855
|switch|p2a: Ceruledge|Ceruledge, L50, M|100/100
|turn|2
|
|t:|1784560873
|switch|p1b: Scrafty|Scrafty, L50, F|100/100
|-ability|p1b: Scrafty|Intimidate|boost
|-unboost|p2a: Ceruledge|atk|1
|-unboost|p2b: Staraptor|atk|1
|detailschange|p2b: Staraptor|Staraptor-Mega, L50, F
|-mega|p2b: Staraptor|Staraptor|Staraptite
|move|p2b: Staraptor|Protect|p2b: Staraptor
|-singleturn|p2b: Staraptor|Protect
|move|p2a: Ceruledge|Protect|p2a: Ceruledge
|-singleturn|p2a: Ceruledge|Protect
|move|p1a: Farigiraf|Trick Room|p1a: Farigiraf
|-fieldstart|move: Trick Room|[of] p1a: Farigiraf
|
|upkeep
|turn|3
|c|☆Pelosis|?
|
|t:|1784560890
|switch|p2b: Garchomp|Garchomp, L50, F|100/100
|detailschange|p1b: Scrafty|Scrafty-Mega, L50, F
|-mega|p1b: Scrafty|Scrafty|Scraftinite
|-ability|p1b: Scrafty|Intimidate|boost
|-unboost|p2a: Ceruledge|atk|1
|-unboost|p2b: Garchomp|atk|1
|move|p1a: Farigiraf|Twin Beam|p2b: Garchomp
|-damage|p2b: Garchomp|80/100
|-crit|p2b: Garchomp
|-damage|p2b: Garchomp|52/100
|-hitcount|p2b: Garchomp|2
|move|p1b: Scrafty|Knock Off|p2a: Ceruledge
|-supereffective|p2a: Ceruledge|1
|-enditem|p2a: Ceruledge|Colbur Berry|[eat]
|-enditem|p2a: Ceruledge|Colbur Berry|[weaken]
|-damage|p2a: Ceruledge|30/100
|move|p2a: Ceruledge|Bitter Blade|p1b: Scrafty
|-damage|p1b: Scrafty|82/100
|-heal|p2a: Ceruledge|39/100|[from] drain|[of] p1b: Scrafty
|
|upkeep
|turn|4
|inactive|Pelosis has 30 seconds left.
|
|t:|1784560921
|switch|p1a: Incineroar|Incineroar, L50, F|100/100
|-ability|p1a: Incineroar|Intimidate|boost
|-unboost|p2a: Ceruledge|atk|1
|-unboost|p2b: Garchomp|atk|1
|move|p1b: Scrafty|Ice Punch|p2b: Garchomp
|-supereffective|p2b: Garchomp|2
|-damage|p2b: Garchomp|0 fnt
|-damage|p1b: Scrafty|70/100|[from] ability: Rough Skin|[of] p2b: Garchomp
|faint|p2b: Garchomp
|move|p2a: Ceruledge|Bitter Blade|p1b: Scrafty
|-damage|p1b: Scrafty|54/100
|-heal|p2a: Ceruledge|46/100|[from] drain|[of] p1b: Scrafty
|
|upkeep
|
|t:|1784560925
|switch|p2b: Staraptor|Staraptor-Mega, L50, F|100/100
|turn|5
|c|☆Pelosis|what u doing? XD
|
|t:|1784560941
|move|p2b: Staraptor|Protect|p2b: Staraptor
|-singleturn|p2b: Staraptor|Protect
|move|p1a: Incineroar|Fake Out|p2b: Staraptor
|-activate|p2b: Staraptor|move: Protect
|move|p1b: Scrafty|Knock Off|p2a: Ceruledge
|-supereffective|p2a: Ceruledge|1
|-damage|p2a: Ceruledge|0 fnt
|faint|p2a: Ceruledge
|
|upkeep
|turn|6
|
|t:|1784560956
|move|p1a: Incineroar|Flare Blitz|p2b: Staraptor
|-damage|p2b: Staraptor|43/100
|-damage|p1a: Incineroar|82/100|[from] Recoil
|move|p1b: Scrafty|Ice Punch|p2b: Staraptor
|-supereffective|p2b: Staraptor|1
|-damage|p2b: Staraptor|0 fnt
|faint|p2b: Staraptor
|
|win|Pelosis
|raw|Pelosis's rating: 1135 → 1159(+24 for winning)
|raw|bcam1's rating: 1116 → 1092(-24 for losing)
