|j|☆fetru
|j|☆ShoukoKun
|html|fetruShoukoKun    
|uhtml|bestof|Game 3 of a best-of-3
|t:|1782618401
|gametype|doubles
|player|p1|fetru|266|1058
|player|p2|ShoukoKun|veteranf|1183
|gen|9
|tier|[Gen 9 Champions] VGC 2026 Reg M-B (Bo3)
|rated|
|rule|Species Clause: Limit one of each Pokémon
|rule|Item Clause: Limit 1 of each item
|clearpoke
|poke|p1|Hydreigon, L50, M|
|poke|p1|Garchomp, L50, M|
|poke|p1|Metagross, L50|
|poke|p1|Charizard, L50, M|
|poke|p1|Grimmsnarl, L50, M|
|poke|p1|Toxapex, L50, M|
|poke|p2|Floette-Eternal, L50, F|
|poke|p2|Venusaur, L50, F|
|poke|p2|Kingambit, L50, M|
|poke|p2|Sinistcha, L50|
|poke|p2|Incineroar, L50, F|
|poke|p2|Basculegion, L50, M|
|teampreview|4
|showteam|p1|Hydreigon||ChoiceScarf|Levitate|HeatWave,DarkPulse,DracoMeteor,Snarl|Modest||M|||50|]Garchomp||SitrusBerry|RoughSkin|Earthquake,RockSlide,DragonClaw,Protect|Adamant||M|||50|]Metagross||Metagrossite|ClearBody|IronHead,HammerArm,BulletPunch,Protect|Adamant|||||50|]Charizard||CharizarditeY|Blaze|Protect,HeatWave,SolarBeam,WeatherBall|Timid||M|||50|]Grimmsnarl||RoseliBerry|Prankster|FakeOut,FoulPlay,Reflect,PartingShot|Sassy||M|||50|]Toxapex||Leftovers|Regenerator|Infestation,Toxic,BanefulBunker,WideGuard|Bold||M|||50|
|showteam|p2|Floette-Eternal||Floettite|FlowerVeil|Moonblast,DazzlingGleam,CalmMind,Protect|Modest||F|||50|]Venusaur||Venusaurite|Chlorophyll|GigaDrain,SludgeBomb,EarthPower,Protect|Modest||F|||50|]Kingambit||BlackGlasses|Defiant|KowtowCleave,SuckerPunch,SwordsDance,Protect|Adamant||M|||50|]Sinistcha||Leftovers|Hospitality|MatchaGotcha,RagePowder,TrickRoom,Protect|Bold|||||50|]Incineroar||PasshoBerry|Intimidate|FakeOut,FlareBlitz,ThroatChop,PartingShot|Careful||F|||50|]Basculegion||ChoiceScarf|Adaptability|AquaJet,WaveCrash,FlipTurn,LastRespects|Jolly||M|||50|
|
|t:|1782618444
|teamsize|p1|4
|teamsize|p2|4
|start
|switch|p1a: Grimmsnarl|Grimmsnarl, L50, M|100/100
|switch|p1b: Metagross|Metagross, L50|100/100
|switch|p2a: Venusaur|Venusaur, L50, F|100/100
|switch|p2b: Basculegion|Basculegion, L50, M|100/100
|turn|1
|
|t:|1782618461
|detailschange|p2a: Venusaur|Venusaur-Mega, L50, F
|-mega|p2a: Venusaur|Venusaur|Venusaurite
|move|p2a: Venusaur|Protect|p2a: Venusaur
|-singleturn|p2a: Venusaur|Protect
|move|p1b: Metagross|Protect|p1b: Metagross
|-singleturn|p1b: Metagross|Protect
|move|p1a: Grimmsnarl|Parting Shot|p2a: Venusaur
|-activate|p2a: Venusaur|move: Protect
|move|p2b: Basculegion|Flip Turn|p1b: Metagross
|-activate|p1b: Metagross|move: Protect
|
|upkeep
|turn|2
|
|t:|1782618486
|detailschange|p1b: Metagross|Metagross-Mega, L50
|-mega|p1b: Metagross|Metagross|Metagrossite
|move|p1b: Metagross|Bullet Punch|p2b: Basculegion
|-resisted|p2b: Basculegion|1
|-damage|p2b: Basculegion|77/100
|move|p1a: Grimmsnarl|Parting Shot|p2a: Venusaur
|-unboost|p2a: Venusaur|atk|1
|-unboost|p2a: Venusaur|spa|1
|
|t:|1782618495
|switch|p1a: Garchomp|Garchomp, L50, M|100/100|[from] Parting Shot
|move|p2b: Basculegion|Flip Turn|p1a: Garchomp
|-damage|p1a: Garchomp|69/100
|-damage|p2b: Basculegion|64/100|[from] ability: Rough Skin|[of] p1a: Garchomp
|
|t:|1782618502
|switch|p2b: Incineroar|Incineroar, L50, F|100/100|[from] Flip Turn
|-ability|p2b: Incineroar|Intimidate|boost
|-unboost|p1a: Garchomp|atk|1
|-unboost|p1b: Metagross|atk|1
|move|p2a: Venusaur|Earth Power|p1b: Metagross
|-supereffective|p1b: Metagross|1
|-damage|p1b: Metagross|62/100
|
|upkeep
|turn|3
|
|t:|1782618516
|switch|p1b: Grimmsnarl|Grimmsnarl, L50, M|100/100
|switch|p2a: Sinistcha|Sinistcha, L50|100/100
|move|p2b: Incineroar|Fake Out|p1a: Garchomp
|-damage|p1a: Garchomp|59/100
|-damage|p2b: Incineroar|87/100|[from] ability: Rough Skin|[of] p1a: Garchomp
|cant|p1a: Garchomp|flinch
|
|upkeep
|turn|4
|
|t:|1782618532
|switch|p1b: Metagross|Metagross-Mega, L50|62/100
|move|p1a: Garchomp|Earthquake|p2b: Incineroar|[spread] p1b,p2a,p2b
|-supereffective|p1b: Metagross|1
|-resisted|p2a: Sinistcha|1
|-supereffective|p2b: Incineroar|1
|-damage|p1b: Metagross|26/100
|-damage|p2a: Sinistcha|89/100
|-damage|p2b: Incineroar|39/100
|move|p2a: Sinistcha|Matcha Gotcha|p1b: Metagross|[spread] p1a
|-miss|p2a: Sinistcha|p1b: Metagross
|-damage|p1a: Garchomp|35/100
|-heal|p2a: Sinistcha|100/100|[from] drain|[of] p1a: Garchomp
|-enditem|p1a: Garchomp|Sitrus Berry|[eat]
|-heal|p1a: Garchomp|60/100|[from] item: Sitrus Berry
|move|p2b: Incineroar|Parting Shot|p1a: Garchomp
|-unboost|p1a: Garchomp|atk|1
|-unboost|p1a: Garchomp|spa|1
|
|t:|1782618548
|switch|p2b: Venusaur|Venusaur-Mega, L50, F|100/100|[from] Parting Shot
|
|upkeep
|turn|5
|
|t:|1782618559
|switch|p1b: Grimmsnarl|Grimmsnarl, L50, M|100/100
|move|p1a: Garchomp|Protect|p1a: Garchomp
|-singleturn|p1a: Garchomp|Protect
|move|p2b: Venusaur|Giga Drain|p1a: Garchomp
|-activate|p1a: Garchomp|move: Protect
|move|p2a: Sinistcha|Matcha Gotcha|p1b: Grimmsnarl|[spread] p1b
|-activate|p1a: Garchomp|move: Protect
|-damage|p1b: Grimmsnarl|76/100
|
|upkeep
|turn|6
|
|t:|1782618578
|move|p1b: Grimmsnarl|Fake Out|p2b: Venusaur
|-damage|p2b: Venusaur|90/100
|move|p2a: Sinistcha|Rage Powder|p2a: Sinistcha
|-singleturn|p2a: Sinistcha|move: Rage Powder
|move|p1a: Garchomp|Rock Slide|p2a: Sinistcha|[spread] p2a,p2b
|-damage|p2a: Sinistcha|92/100
|-damage|p2b: Venusaur|82/100
|cant|p2b: Venusaur|flinch
|
|-heal|p2a: Sinistcha|98/100|[from] item: Leftovers
|upkeep
|turn|7
|
|t:|1782618612
|move|p2a: Sinistcha|Rage Powder|p2a: Sinistcha
|-singleturn|p2a: Sinistcha|move: Rage Powder
|move|p1b: Grimmsnarl|Parting Shot|p2a: Sinistcha
|-unboost|p2a: Sinistcha|atk|1
|-unboost|p2a: Sinistcha|spa|1
|
|t:|1782618616
|switch|p1b: Charizard|Charizard, L50, M|100/100|[from] Parting Shot
|move|p1a: Garchomp|Earthquake|p2a: Sinistcha|[spread] p2a,p2b
|-immune|p1b: Charizard
|-resisted|p2a: Sinistcha|1
|-damage|p2a: Sinistcha|91/100
|-damage|p2b: Venusaur|65/100
|move|p2b: Venusaur|Earth Power|p1b: Charizard
|-immune|p1b: Charizard
|
|-heal|p2a: Sinistcha|97/100|[from] item: Leftovers
|upkeep
|turn|8
|
|t:|1782618631
|switch|p1a: Grimmsnarl|Grimmsnarl, L50, M|76/100
|move|p1b: Charizard|Protect|p1b: Charizard
|-singleturn|p1b: Charizard|Protect
|move|p2b: Venusaur|Sludge Bomb|p1b: Charizard
|-activate|p1b: Charizard|move: Protect
|move|p2a: Sinistcha|Trick Room|p2a: Sinistcha
|-fieldstart|move: Trick Room|[of] p2a: Sinistcha
|
|-heal|p2a: Sinistcha|100/100|[from] item: Leftovers
|upkeep
|turn|9
|
|t:|1782618651
|switch|p2b: Basculegion|Basculegion, L50, M|64/100
|move|p1a: Grimmsnarl|Fake Out|p2b: Basculegion
|-immune|p2b: Basculegion
|move|p2a: Sinistcha|Matcha Gotcha|p1b: Charizard|[spread] p1a,p1b
|-resisted|p1b: Charizard|2
|-damage|p1a: Grimmsnarl|62/100
|-damage|p1b: Charizard|95/100
|move|p1b: Charizard|Heat Wave|p2a: Sinistcha|[spread] p2a,p2b
|-supereffective|p2a: Sinistcha|1
|-resisted|p2b: Basculegion|1
|-damage|p2a: Sinistcha|41/100
|-damage|p2b: Basculegion|49/100
|
|-heal|p2a: Sinistcha|47/100|[from] item: Leftovers
|upkeep
|turn|10
|
|t:|1782618674
|move|p1b: Charizard|Protect|p1b: Charizard
|-singleturn|p1b: Charizard|Protect
|move|p2a: Sinistcha|Rage Powder|p2a: Sinistcha
|-singleturn|p2a: Sinistcha|move: Rage Powder
|move|p1a: Grimmsnarl|Foul Play|p2a: Sinistcha
|-supereffective|p2a: Sinistcha|1
|-damage|p2a: Sinistcha|29/100
|move|p2b: Basculegion|Flip Turn|p1b: Charizard
|-activate|p1b: Charizard|move: Protect
|
|-heal|p2a: Sinistcha|35/100|[from] item: Leftovers
|upkeep
|turn|11
|
|t:|1782618690
|move|p2a: Sinistcha|Rage Powder|p2a: Sinistcha
|-singleturn|p2a: Sinistcha|move: Rage Powder
|move|p1a: Grimmsnarl|Reflect|p1a: Grimmsnarl
|-sidestart|p1: fetru|Reflect
|move|p1b: Charizard|Heat Wave|p2b: Basculegion|[spread] p2a,p2b
|-supereffective|p2a: Sinistcha|1
|-resisted|p2b: Basculegion|1
|-damage|p2a: Sinistcha|0 fnt
|-damage|p2b: Basculegion|34/100
|faint|p2a: Sinistcha
|move|p2b: Basculegion|Flip Turn|p1b: Charizard
|-supereffective|p1b: Charizard|1
|-damage|p1b: Charizard|44/100
|
|t:|1782618699
|switch|p2b: Incineroar|Incineroar, L50, F|39/100|[from] Flip Turn
|-ability|p2b: Incineroar|Intimidate|boost
|-unboost|p1a: Grimmsnarl|atk|1
|-unboost|p1b: Charizard|atk|1
|
|upkeep
|
|t:|1782618705
|switch|p2a: Venusaur|Venusaur-Mega, L50, F|65/100
|turn|12
|
|t:|1782618722
|move|p1b: Charizard|Protect|p1b: Charizard
|-singleturn|p1b: Charizard|Protect
|move|p1a: Grimmsnarl|Parting Shot|p2a: Venusaur
|-unboost|p2a: Venusaur|atk|1
|-unboost|p2a: Venusaur|spa|1
|
|t:|1782618733
|switch|p1a: Garchomp|Garchomp, L50, M|60/100|[from] Parting Shot
|move|p2b: Incineroar|Throat Chop|p1b: Charizard
|-activate|p1b: Charizard|move: Protect
|move|p2a: Venusaur|Sludge Bomb|p1a: Garchomp
|-resisted|p1a: Garchomp|1
|-damage|p1a: Garchomp|45/100
|
|-fieldend|move: Trick Room
|upkeep
|turn|13
|
|t:|1782618750
|switch|p2a: Basculegion|Basculegion, L50, M|34/100
|move|p1b: Charizard|Heat Wave|p2b: Incineroar|[spread] p2b
|-miss|p1b: Charizard|p2a: Basculegion
|-resisted|p2b: Incineroar|1
|-damage|p2b: Incineroar|27/100
|move|p1a: Garchomp|Earthquake|p2a: Basculegion|[spread] p2a,p2b
|-immune|p1b: Charizard
|-supereffective|p2b: Incineroar|1
|-damage|p2a: Basculegion|0 fnt
|-damage|p2b: Incineroar|0 fnt
|faint|p2a: Basculegion
|faint|p2b: Incineroar
|
|upkeep
|
|t:|1782618762
|switch|p2b: Venusaur|Venusaur-Mega, L50, F|65/100
|turn|14
|
|t:|1782618769
|switch|p1b: Grimmsnarl|Grimmsnarl, L50, M|62/100
|move|p1a: Garchomp|Protect|p1a: Garchomp
|-singleturn|p1a: Garchomp|Protect
|move|p2b: Venusaur|Giga Drain|p1a: Garchomp
|-activate|p1a: Garchomp|move: Protect
|
|upkeep
|turn|15
|
|t:|1782618784
|move|p2b: Venusaur|Protect|p2b: Venusaur
|-singleturn|p2b: Venusaur|Protect
|move|p1b: Grimmsnarl|Parting Shot|p2b: Venusaur
|-activate|p2b: Venusaur|move: Protect
|move|p1a: Garchomp|Dragon Claw|p2b: Venusaur
|-activate|p2b: Venusaur|move: Protect
|
|-sideend|p1: fetru|Reflect
|upkeep
|turn|16
|
|t:|1782618796
|move|p1b: Grimmsnarl|Parting Shot|p2b: Venusaur
|-unboost|p2b: Venusaur|atk|1
|-unboost|p2b: Venusaur|spa|1
|
|t:|1782618801
|switch|p1b: Metagross|Metagross-Mega, L50|26/100|[from] Parting Shot
|move|p1a: Garchomp|Dragon Claw|p2b: Venusaur
|-crit|p2b: Venusaur
|-damage|p2b: Venusaur|13/100
|move|p2b: Venusaur|Giga Drain|p1a: Garchomp
|-damage|p1a: Garchomp|18/100
|-heal|p2b: Venusaur|30/100|[from] drain|[of] p1a: Garchomp
|
|upkeep
|turn|17
|-message|ShoukoKun forfeited.
|
|win|fetru
|raw|fetru's rating: 1058 → 1100(+42 for winning)
|raw|ShoukoKun's rating: 1183 → 1149(-34 for losing)
|l|☆ShoukoKun
|player|p2|
