|j|☆guillelona
|j|☆Nova2309
|html|guillelonaNova2309    
|uhtml|bestof|Game 1 of a best-of-3
|t:|1785632889
|gametype|doubles
|player|p1|guillelona|1|1300
|player|p2|Nova2309|265|1520
|gen|9
|tier|[Gen 9 Champions] VGC 2026 Reg M-B (Bo3)
|rated|
|rule|Species Clause: Limit one of each Pokémon
|rule|Item Clause: Limit 1 of each item
|clearpoke
|poke|p1|Charizard, L50, M|
|poke|p1|Glimmora, L50, M|
|poke|p1|Whimsicott, L50, F|
|poke|p1|Ninetales-Alola, L50, F|
|poke|p1|Kingambit, L50, M|
|poke|p1|Kommo-o, L50, M|
|poke|p2|Grimmsnarl, L50, M|
|poke|p2|Incineroar, L50, M|
|poke|p2|Garchomp, L50, F|
|poke|p2|Floette-Eternal, L50, F|
|poke|p2|Charizard, L50, F|
|poke|p2|Venusaur, L50, F|
|teampreview|4
|showteam|p1|Charizard||CharizarditeY|Blaze|HeatWave,WeatherBall,SolarBeam,Protect|Modest||M|||50|]Glimmora||Glimmoranite|ToxicDebris|SludgeBomb,PowerGem,EarthPower,SpikyShield|Modest||M|||50|]Whimsicott||FocusSash|Prankster|Moonblast,Tailwind,Encore,Protect|Timid||F|||50|]Ninetales-Alola||NeverMeltIce|SnowWarning|Blizzard,FreezeDry,Disable,Protect|Timid||F|||50|]Kingambit||BlackGlasses|Defiant|KowtowCleave,SuckerPunch,IronHead,Protect|Adamant||M|||50|]Kommo-o||LifeOrb|Overcoat|ClangingScales,AuraSphere,VacuumWave,Protect|Modest||M|||50|
|showteam|p2|Grimmsnarl||LightClay|Prankster|SpiritBreak,PartingShot,Reflect,LightScreen|Careful||M|||50|]Incineroar||SitrusBerry|Intimidate|FlareBlitz,WillOWisp,FakeOut,PartingShot|Careful||M|||50|]Garchomp||ChoiceScarf|RoughSkin|DragonClaw,Earthquake,StompingTantrum,RockSlide|Adamant||F|||50|]Floette-Eternal||Floettite|FlowerVeil|Moonblast,DrainingKiss,CalmMind,Protect|Modest||F|||50|]Charizard||CharizarditeY|Blaze|WeatherBall,HeatWave,SolarBeam,Protect|Modest||F|||50|]Venusaur||FocusSash|Chlorophyll|SludgeBomb,LeafStorm,SleepPowder,Protect|Modest||F|||50|
|
|t:|1785632940
|teamsize|p1|4
|teamsize|p2|4
|start
|switch|p1a: Ninetales|Ninetales-Alola, L50, F|100/100
|switch|p1b: Whimsicott|Whimsicott, L50, F|100/100
|switch|p2a: Charizard|Charizard, L50, F|100/100
|switch|p2b: Venusaur|Venusaur, L50, F|100/100
|-weather|Snowscape|[from] ability: Snow Warning|[of] p1a: Ninetales
|turn|1
|
|t:|1785632954
|detailschange|p2a: Charizard|Charizard-Mega-Y, L50, F
|-mega|p2a: Charizard|Charizard|Charizardite Y
|-weather|SunnyDay|[from] ability: Drought|[of] p2a: Charizard
|move|p1b: Whimsicott|Tailwind|p1b: Whimsicott
|-sidestart|p1: guillelona|move: Tailwind
|move|p1a: Ninetales|Blizzard|p2b: Venusaur|[spread] p2a,p2b
|-supereffective|p2b: Venusaur|1
|-damage|p2a: Charizard|66/100
|-damage|p2b: Venusaur|12/100
|move|p2b: Venusaur|Sludge Bomb|p1b: Whimsicott
|-supereffective|p1b: Whimsicott|2
|-enditem|p1b: Whimsicott|Focus Sash
|-damage|p1b: Whimsicott|1/100
|move|p2a: Charizard|Heat Wave|p1b: Whimsicott|[spread] p1a,p1b
|-supereffective|p1a: Ninetales|1
|-supereffective|p1b: Whimsicott|1
|-damage|p1a: Ninetales|0 fnt
|-damage|p1b: Whimsicott|0 fnt
|faint|p1a: Ninetales
|faint|p1b: Whimsicott
|
|-weather|SunnyDay|[upkeep]
|upkeep
|
|t:|1785632969
|switch|p1b: Kommo-o|Kommo-o, L50, M|100/100
|switch|p1a: Glimmora|Glimmora, L50, M|100/100
|turn|2
|
|t:|1785632990
|detailschange|p1a: Glimmora|Glimmora-Mega, L50, M
|-mega|p1a: Glimmora|Glimmora|Glimmoranite
|move|p2b: Venusaur|Protect|p2b: Venusaur
|-singleturn|p2b: Venusaur|Protect
|move|p2a: Charizard|Protect|p2a: Charizard
|-singleturn|p2a: Charizard|Protect
|move|p1a: Glimmora|Sludge Bomb|p2a: Charizard
|-activate|p2a: Charizard|move: Protect
|move|p1b: Kommo-o|Clanging Scales|p2a: Charizard|[spread] 
|-activate|p2a: Charizard|move: Protect
|-activate|p2b: Venusaur|move: Protect
|
|-weather|SunnyDay|[upkeep]
|upkeep
|turn|3
|
|t:|1785633002
|switch|p2a: Incineroar|Incineroar, L50, M|100/100
|-ability|p2a: Incineroar|Intimidate|boost
|-unboost|p1a: Glimmora|atk|1
|-unboost|p1b: Kommo-o|atk|1
|move|p1a: Glimmora|Sludge Bomb|p2a: Incineroar
|-damage|p2a: Incineroar|37/100
|-status|p2a: Incineroar|psn
|-enditem|p2a: Incineroar|Sitrus Berry|[eat]
|-heal|p2a: Incineroar|62/100 psn|[from] item: Sitrus Berry
|move|p1b: Kommo-o|Clanging Scales|p2a: Incineroar|[spread] p2a,p2b
|-damage|p2a: Incineroar|25/100 psn
|-damage|p2b: Venusaur|0 fnt
|faint|p2b: Venusaur
|-unboost|p1b: Kommo-o|def|1
|-damage|p1b: Kommo-o|90/100|[from] item: Life Orb
|
|-weather|SunnyDay|[upkeep]
|-damage|p2a: Incineroar|12/100 psn|[from] psn
|upkeep
|
|t:|1785633021
|switch|p2b: Garchomp|Garchomp, L50, F|100/100
|turn|4
|
|t:|1785633037
|move|p1a: Glimmora|Spiky Shield|p1a: Glimmora
|-singleturn|p1a: Glimmora|move: Protect
|move|p2a: Incineroar|Fake Out|p1b: Kommo-o
|-damage|p1b: Kommo-o|74/100
|cant|p1b: Kommo-o|flinch
|move|p2b: Garchomp|Earthquake|p1a: Glimmora|[spread] p2a,p1b
|-activate|p1a: Glimmora|move: Protect
|-supereffective|p2a: Incineroar|1
|-damage|p2a: Incineroar|0 fnt
|-damage|p1b: Kommo-o|19/100
|faint|p2a: Incineroar
|
|-weather|SunnyDay|[upkeep]
|-sideend|p1: guillelona|move: Tailwind
|upkeep
|
|t:|1785633042
|switch|p2a: Charizard|Charizard-Mega-Y, L50, F|66/100
|turn|5
|
|t:|1785633052
|move|p2b: Garchomp|Earthquake|p1b: Kommo-o|[spread] p1a,p1b
|-immune|p2a: Charizard
|-supereffective|p1a: Glimmora|2
|-damage|p1a: Glimmora|0 fnt
|-damage|p1b: Kommo-o|0 fnt
|faint|p1a: Glimmora
|faint|p1b: Kommo-o
|
|win|Nova2309
||Nova2309 is ready for game 2.
|l|☆guillelona
|player|p1|
||guillelona is ready for game 2.
|uhtml|next|Next: Game 2 of 3
|j|☆guillelona
|player|p1|guillelona|1|
