|j|☆night fight 15
|j|☆SlimesandGrimes
|html|night fight 15SlimesandGrimes    
|uhtml|bestof|Game 1 of a best-of-3
|t:|1783027150
|gametype|doubles
|player|p1|night fight 15|lucas|1111
|player|p2|SlimesandGrimes|miku-psychic|1000
|gen|9
|tier|[Gen 9 Champions] VGC 2026 Reg M-B (Bo3)
|rated|
|rule|Species Clause: Limit one of each Pokémon
|rule|Item Clause: Limit 1 of each item
|clearpoke
|poke|p1|Archaludon, L50, M|
|poke|p1|Gengar, L50, F|
|poke|p1|Incineroar, L50, M|
|poke|p1|Swampert, L50, M|
|poke|p1|Pelipper, L50, F|
|poke|p1|Sinistcha, L50|
|poke|p2|Delphox, L50, F|
|poke|p2|Incineroar, L50, F|
|poke|p2|Sinistcha, L50|
|poke|p2|Maushold, L50|
|poke|p2|Blastoise, L50, F|
|poke|p2|Sneasler, L50, M|
|teampreview|4
|showteam|p1|Archaludon||Leftovers|Stamina|ElectroShot,AuraSphere,FlashCannon,Protect|Modest||M|||50|]Gengar||Gengarite|CursedBody|Protect,Disable,PerishSong,ShadowBall|Timid||F|||50|]Incineroar||PasshoBerry|Intimidate|Protect,ThroatChop,FakeOut,PartingShot|Sassy||M|||50|]Swampert||Swampertite|Torrent|Protect,KnockOff,WaveCrash,Earthquake|Adamant||M|||50|]Pelipper||FocusSash|Drizzle|Protect,Tailwind,WeatherBall,Hurricane|Timid||F|||50|]Sinistcha||KasibBerry|Hospitality|MatchaGotcha,RagePowder,LifeDew,Protect|Bold|||||50|
|showteam|p2|Delphox||Delphoxite|Blaze|Protect,NastyPlot,HeatWave,Psyshock|Modest||F|||50|]Incineroar||PasshoBerry|Intimidate|FlareBlitz,FakeOut,DarkestLariat,PartingShot|Impish||F|||50|]Sinistcha||KasibBerry|Hospitality|Protect,MatchaGotcha,RagePowder,LifeDew|Bold|||||50|]Maushold||FocusSash|FriendGuard|Protect,SuperFang,FollowMe,Feint|Jolly|||||50|]Blastoise||Blastoisinite|RainDish|Protect,ShellSmash,WaterSpout,DarkPulse|Modest||F|||50|]Sneasler||WhiteHerb|Unburden|Protect,FakeOut,GunkShot,CloseCombat|Jolly||M|||50|
|inactive|Battle timer is ON: inactive players will automatically lose when time's up. (requested by night fight 15)
|inactive|night fight 15 has 60 seconds left.
|inactive|SlimesandGrimes has 60 seconds left.
|inactive|SlimesandGrimes has 30 seconds left.
|inactive|SlimesandGrimes has 20 seconds left.
|inactive|SlimesandGrimes has 15 seconds left.
|inactive|SlimesandGrimes has 10 seconds left.
|
|t:|1783027238
|teamsize|p1|4
|teamsize|p2|4
|start
|switch|p1a: Pelipper|Pelipper, L50, F|100/100
|switch|p1b: Archaludon|Archaludon, L50, M|100/100
|switch|p2a: Blastoise|Blastoise, L50, F|100/100
|switch|p2b: Sneasler|Sneasler, L50, M|100/100
|-weather|RainDance|[from] ability: Drizzle|[of] p1a: Pelipper
|turn|1
|inactive|SlimesandGrimes has 30 seconds left.
|
|t:|1783027270
|detailschange|p2a: Blastoise|Blastoise-Mega, L50, F
|-mega|p2a: Blastoise|Blastoise|Blastoisinite
|move|p2b: Sneasler|Fake Out|p1b: Archaludon
|-resisted|p1b: Archaludon|1
|-damage|p1b: Archaludon|95/100
|-ability|p1b: Archaludon|Stamina|boost
|-boost|p1b: Archaludon|def|1
|move|p2a: Blastoise|Shell Smash|p2a: Blastoise
|-unboost|p2a: Blastoise|def|1
|-unboost|p2a: Blastoise|spd|1
|-boost|p2a: Blastoise|atk|2
|-boost|p2a: Blastoise|spa|2
|-boost|p2a: Blastoise|spe|2
|move|p1a: Pelipper|Tailwind|p1a: Pelipper
|-sidestart|p1: night fight 15|move: Tailwind
|cant|p1b: Archaludon|flinch
|
|-weather|RainDance|[upkeep]
|-heal|p1b: Archaludon|100/100|[from] item: Leftovers
|upkeep
|turn|2
|inactive|night fight 15 has 30 seconds left.
|
|t:|1783027302
|move|p2a: Blastoise|Water Spout|p1b: Archaludon|[spread] p1a,p1b
|-resisted|p1a: Pelipper|1
|-resisted|p1b: Archaludon|1
|-enditem|p1a: Pelipper|Focus Sash
|-damage|p1a: Pelipper|1/100
|-damage|p1b: Archaludon|7/100
|-ability|p1b: Archaludon|Stamina|boost
|-boost|p1b: Archaludon|def|1
|move|p1a: Pelipper|Hurricane|p2a: Blastoise
|-damage|p2a: Blastoise|30/100
|-start|p2a: Blastoise|confusion
|move|p1b: Archaludon|Electro Shot||[still]
|-prepare|p1b: Archaludon|Electro Shot
|-boost|p1b: Archaludon|spa|1
|-anim|p1b: Archaludon|Electro Shot|p2b: Sneasler
|-crit|p2b: Sneasler
|-damage|p2b: Sneasler|0 fnt
|faint|p2b: Sneasler
|
|-weather|RainDance|[upkeep]
|-heal|p1b: Archaludon|13/100|[from] item: Leftovers
|upkeep
|
|t:|1783027322
|switch|p2b: Sinistcha|Sinistcha, L50|100/100
|-heal|p2a: Blastoise|55/100|[from] ability: Hospitality|[of] p2b: Sinistcha
|turn|3
|
|t:|1783027332
|switch|p2b: Incineroar|Incineroar, L50, F|100/100
|-ability|p2b: Incineroar|Intimidate|boost
|-unboost|p1a: Pelipper|atk|1
|-unboost|p1b: Archaludon|atk|1
|move|p1b: Archaludon|Protect|p1b: Archaludon
|-singleturn|p1b: Archaludon|Protect
|-activate|p2a: Blastoise|confusion
|move|p2a: Blastoise|Water Spout|p1a: Pelipper|[spread] p1a
|-activate|p1b: Archaludon|move: Protect
|-resisted|p1a: Pelipper|1
|-damage|p1a: Pelipper|0 fnt
|faint|p1a: Pelipper
|
|-weather|RainDance|[upkeep]
|-heal|p1b: Archaludon|20/100r|[from] item: Leftovers
|upkeep
|
|t:|1783027343
|switch|p1a: Swampert|Swampert, L50, M|100/100
|turn|4
|inactive|SlimesandGrimes has 30 seconds left.
|inactive|SlimesandGrimes has 20 seconds left.
|inactive|SlimesandGrimes has 15 seconds left.
|
|t:|1783027385
|switch|p1b: Sinistcha|Sinistcha, L50|100/100
|-end|p2a: Blastoise|confusion
|move|p2a: Blastoise|Protect|p2a: Blastoise
|-singleturn|p2a: Blastoise|Protect
|move|p1a: Swampert|Protect|p1a: Swampert
|-singleturn|p1a: Swampert|Protect
|move|p2b: Incineroar|Fake Out|p1a: Swampert
|-activate|p1a: Swampert|move: Protect
|
|-weather|RainDance|[upkeep]
|-sideend|p1: night fight 15|move: Tailwind
|upkeep
|turn|5
|inactive|night fight 15 has 30 seconds left.
|
|t:|1783027411
|switch|p2b: Sinistcha|Sinistcha, L50|100/100
|-heal|p2a: Blastoise|80/100|[from] ability: Hospitality|[of] p2b: Sinistcha
|detailschange|p1a: Swampert|Swampert-Mega, L50, M
|-mega|p1a: Swampert|Swampert|Swampertite
|move|p2a: Blastoise|Water Spout|p1b: Sinistcha|[spread] p1a,p1b
|-resisted|p1b: Sinistcha|1
|-damage|p1a: Swampert|0 fnt
|-damage|p1b: Sinistcha|20/100y
|faint|p1a: Swampert
|move|p1b: Sinistcha|Life Dew|p1b: Sinistcha
|-heal|p1b: Sinistcha|45/100
|
|-weather|none
|upkeep
|
|t:|1783027423
|switch|p1a: Archaludon|Archaludon, L50, M|20/100r
|turn|6
|-message|night fight 15 forfeited.
|
|win|SlimesandGrimes
