|j|☆noka47
|j|☆GokuTheGogoat
|html|noka47GokuTheGogoat    
|uhtml|bestof|Game 2 of a best-of-3
|t:|1782233392
|gametype|doubles
|player|p1|noka47|101|1221
|player|p2|GokuTheGogoat|wallace|1204
|gen|9
|tier|[Gen 9 Champions] VGC 2026 Reg M-B (Bo3)
|rated|
|rule|Species Clause: Limit one of each Pokémon
|rule|Item Clause: Limit 1 of each item
|clearpoke
|poke|p1|Mawile, L50, M|
|poke|p1|Incineroar, L50, F|
|poke|p1|Sneasler, L50, M|
|poke|p1|Pelipper, L50, M|
|poke|p1|Farigiraf, L50, M|
|poke|p1|Sinistcha, L50|
|poke|p2|Raichu, L50, M|
|poke|p2|Farigiraf, L50, F|
|poke|p2|Ninetales-Alola, L50, M|
|poke|p2|Annihilape, L50, M|
|poke|p2|Maushold, L50|
|poke|p2|Garchomp, L50, F|
|teampreview|4
|showteam|p1|Mawile||Mawilite|Intimidate|IronHead,PlayRough,SuckerPunch,Protect|Adamant||M|||50|]Incineroar||PasshoBerry|Intimidate|FlareBlitz,DarkestLariat,FakeOut,PartingShot|Adamant||F|||50|]Sneasler||WhiteHerb|Unburden|CloseCombat,DireClaw,FakeOut,Protect|Adamant||M|||50|]Pelipper||LifeOrb|Drizzle|Hurricane,WeatherBall,IceBeam,Protect|Modest||M|||50|]Farigiraf||ColburBerry|ArmorTail|Psychic,Thunderbolt,TrickRoom,Protect|Quiet||M|||50|]Sinistcha||SitrusBerry|Hospitality|MatchaGotcha,RagePowder,TrickRoom,ShadowBall|Relaxed|||||50|
|showteam|p2|Raichu||RaichuniteX|LightningRod|VoltTackle,RisingVoltage,PlayRough,FakeOut|Hasty||M|||50|]Farigiraf||SitrusBerry|ArmorTail|HelpingHand,PsychicFangs,FoulPlay,TrickRoom|Impish||F|||50|]Ninetales-Alola||ChoiceScarf|SnowWarning|Blizzard,FreezeDry,Moonblast,IcyWind|Modest||M|||50|]Annihilape||Leftovers|Defiant|RageFist,DrainPunch,BulkUp,Protect|Adamant||M|||50|]Maushold||ChopleBerry|FriendGuard|BeatUp,FollowMe,Encore,Protect|Timid|||||50|]Garchomp||LifeOrb|RoughSkin|Protect,Earthquake,DragonClaw,RockSlide|Jolly||F|||50|
|inactive|Battle timer is ON: inactive players will automatically lose when time's up. (requested by GokuTheGogoat)
|inactive|GokuTheGogoat has 60 seconds left.
|
|t:|1782233431
|teamsize|p1|4
|teamsize|p2|4
|start
|switch|p1a: Farigiraf|Farigiraf, L50, M|100/100
|switch|p1b: Incineroar|Incineroar, L50, F|100/100
|switch|p2a: Maushold|Maushold, L50|100/100
|switch|p2b: Annihilape|Annihilape, L50, M|100/100
|-ability|p1b: Incineroar|Intimidate|boost
|-unboost|p2a: Maushold|atk|1
|-unboost|p2b: Annihilape|atk|1
|-ability|p2b: Annihilape|Defiant|boost
|-boost|p2b: Annihilape|atk|2
|turn|1
|
|t:|1782233448
|move|p2a: Maushold|Protect|p2a: Maushold
|-singleturn|p2a: Maushold|Protect
|move|p1b: Incineroar|Fake Out|p2a: Maushold
|-activate|p2a: Maushold|move: Protect
|move|p2b: Annihilape|Drain Punch|p1b: Incineroar
|-supereffective|p1b: Incineroar|1
|-damage|p1b: Incineroar|0 fnt
|faint|p1b: Incineroar
|move|p1a: Farigiraf|Trick Room|p1a: Farigiraf
|-fieldstart|move: Trick Room|[of] p1a: Farigiraf
|
|upkeep
|
|t:|1782233460
|switch|p1b: Mawile|Mawile, L50, M|100/100
|-ability|p1b: Mawile|Intimidate|boost
|-unboost|p2a: Maushold|atk|1
|-unboost|p2b: Annihilape|atk|1
|-ability|p2b: Annihilape|Defiant|boost
|-boost|p2b: Annihilape|atk|2
|turn|2
|inactive|GokuTheGogoat has 30 seconds left.
|
|t:|1782233488
|detailschange|p1b: Mawile|Mawile-Mega, L50, M
|-mega|p1b: Mawile|Mawile|Mawilite
|move|p2a: Maushold|Follow Me|p2a: Maushold
|-singleturn|p2a: Maushold|move: Follow Me
|move|p1b: Mawile|Play Rough|p2a: Maushold
|-damage|p2a: Maushold|0 fnt
|faint|p2a: Maushold
|move|p1a: Farigiraf|Psychic|p2b: Annihilape
|-supereffective|p2b: Annihilape|1
|-damage|p2b: Annihilape|22/100
|move|p2b: Annihilape|Drain Punch|p1b: Mawile
|-damage|p1b: Mawile|26/100
|-heal|p2b: Annihilape|48/100|[from] drain|[of] p1b: Mawile
|
|-heal|p2b: Annihilape|54/100|[from] item: Leftovers
|upkeep
|
|t:|1782233496
|switch|p2a: Farigiraf|Farigiraf, L50, F|100/100
|turn|3
|inactive|noka47 has 30 seconds left.
|
|t:|1782233523
|switch|p1a: Sinistcha|Sinistcha, L50|100/100
|-heal|p1b: Mawile|50/100g|[from] ability: Hospitality|[of] p1a: Sinistcha
|move|p2b: Annihilape|Protect|p2b: Annihilape
|-singleturn|p2b: Annihilape|Protect
|move|p1b: Mawile|Play Rough|p2b: Annihilape
|-activate|p2b: Annihilape|move: Protect
|move|p2a: Farigiraf|Trick Room|p2a: Farigiraf
|-fieldend|move: Trick Room
|
|-heal|p2b: Annihilape|60/100|[from] item: Leftovers
|upkeep
|turn|4
|inactive|GokuTheGogoat has 30 seconds left.
|
|t:|1782233551
|move|p1a: Sinistcha|Rage Powder|p1a: Sinistcha
|-singleturn|p1a: Sinistcha|move: Rage Powder
|move|p2b: Annihilape|Rage Fist|p1a: Sinistcha
|-supereffective|p1a: Sinistcha|1
|-damage|p1a: Sinistcha|0 fnt
|faint|p1a: Sinistcha
|move|p2a: Farigiraf|Foul Play|p1b: Mawile
|-resisted|p1b: Mawile|1
|-damage|p1b: Mawile|36/100
|move|p1b: Mawile|Play Rough|p2b: Annihilape
|-supereffective|p2b: Annihilape|1
|-damage|p2b: Annihilape|0 fnt
|faint|p2b: Annihilape
|
|upkeep
|
|t:|1782233563
|switch|p2b: Raichu|Raichu, L50, M|100/100
|switch|p1a: Farigiraf|Farigiraf, L50, M|100/100
|turn|5
|inactive|GokuTheGogoat has 30 seconds left.
|inactive|noka47 has 30 seconds left.
|
|t:|1782233600
|detailschange|p2b: Raichu|Raichu-Mega-X, L50, M
|-mega|p2b: Raichu|Raichu|Raichunite X
|-fieldstart|move: Electric Terrain|[from] ability: Electric Surge|[of] p2b: Raichu
|move|p2a: Farigiraf|Helping Hand|p2b: Raichu
|-singleturn|p2b: Raichu|Helping Hand|[of] p2a: Farigiraf
|move|p1b: Mawile|Protect|p1b: Mawile
|-singleturn|p1b: Mawile|Protect
|move|p2b: Raichu|Volt Tackle|p1a: Farigiraf
|-damage|p1a: Farigiraf|0 fnt
|faint|p1a: Farigiraf
|-damage|p2b: Raichu|46/100|[from] Recoil
|
|upkeep
|turn|6
|
|t:|1782233614
|move|p2a: Farigiraf|Helping Hand|p2b: Raichu
|-singleturn|p2b: Raichu|Helping Hand|[of] p2a: Farigiraf
|move|p2b: Raichu|Rising Voltage|p1b: Mawile
|-hint|Rising Voltage's BP doubled on grounded target.
|-damage|p1b: Mawile|0 fnt
|faint|p1b: Mawile
|
|win|GokuTheGogoat
||noka47 is ready for game 3.
||GokuTheGogoat is ready for game 3.
|uhtml|next|Next: Game 3 of 3
|l|☆GokuTheGogoat
|player|p2|
