|j|☆ZilverZurfer
|j|☆rainsmeller5000
|html|ZilverZurferrainsmeller5000    
|uhtml|bestof|Game 2 of a best-of-3
|t:|1757632132
|gametype|doubles
|player|p1|ZilverZurfer|2|1132
|player|p2|rainsmeller5000|265|1000
|gen|9
|tier|[Gen 9] VGC 2025 Reg H (Bo3)
|rated|
|rule|Species Clause: Limit one of each Pokémon
|rule|Item Clause: Limit 1 of each item
|clearpoke
|poke|p1|Torkoal, L50, M|
|poke|p1|Lilligant-Hisui, L50, F|
|poke|p1|Indeedee-F, L50, F|
|poke|p1|Hatterene, L50, F|
|poke|p1|Gallade, L50, M|
|poke|p1|Ursaluna, L50, M|
|poke|p2|Politoed, L50, M|
|poke|p2|Archaludon, L50, F|
|poke|p2|Kingdra, L50, M|
|poke|p2|Incineroar, L50, F|
|poke|p2|Amoonguss, L50, M|
|poke|p2|Gothitelle, L50, F|
|teampreview|4
|showteam|p1|Torkoal||ChoiceSpecs|Drought|Eruption,HeatWave,EarthPower,WeatherBall|||M|||50|,,,,,Fire]Lilligant-Hisui||FocusSash|Chlorophyll|Protect,AfterYou,CloseCombat,SolarBlade|||F|||50|,,,,,Ghost]Indeedee-F||PsychicSeed|PsychicSurge|Psychic,HelpingHand,TrickRoom,FollowMe|||F|||50|,,,,,Water]Hatterene||LifeOrb|MagicBounce|Protect,ExpandingForce,DazzlingGleam,TrickRoom|||F|||50|,,,,,Fire]Gallade||ClearAmulet|Sharpness|SacredSword,PsychoCut,TrickRoom,WideGuard|||M|||50|,,,,,Grass]Ursaluna||FlameOrb|Guts|Protect,HeadlongRush,Earthquake,Facade|||M|||50|,,,,,Ghost
|showteam|p2|Politoed||Leftovers|Drizzle|Protect,WeatherBall,PerishSong,Encore|||M|||50|,,,,,Grass]Archaludon||PowerHerb|Sturdy|Protect,ElectroShot,FlashCannon,DragonPulse|||F|||50|,,,,,Electric]Kingdra||LifeOrb|SwiftSwim|Protect,DracoMeteor,WeatherBall,MuddyWater|||M|||50|,,,,,Stellar]Incineroar||SafetyGoggles|Intimidate|FakeOut,KnockOff,PartingShot,Protect|||F|||50|,,,,,Ghost]Amoonguss||EjectButton|Regenerator|Protect,RagePowder,Spore,PollenPuff|||M|||50|,,,,,Fairy]Gothitelle||SitrusBerry|ShadowTag|Protect,Psychic,FakeOut,TrickRoom|||F|||50|,,,,,Dark
|j| Arkhept
|l| Arkhept
|inactive|Battle timer is ON: inactive players will automatically lose when time's up. (requested by rainsmeller5000)
|
|t:|1757632165
|teamsize|p1|4
|teamsize|p2|4
|start
|switch|p1a: Gallade|Gallade, L50, M|100/100
|switch|p1b: Indeedee|Indeedee-F, L50, F|100/100
|switch|p2a: Incineroar|Incineroar, L50, F|100/100
|switch|p2b: Kingdra|Kingdra, L50, M|100/100
|-fieldstart|move: Psychic Terrain|[from] ability: Psychic Surge|[of] p1b: Indeedee
|-enditem|p1b: Indeedee|Psychic Seed
|-boost|p1b: Indeedee|spd|1|[from] item: Psychic Seed
|-ability|p2a: Incineroar|Intimidate|boost
|-fail|p1a: Gallade|unboost|[from] item: Clear Amulet|[of] p1a: Gallade
|-unboost|p1b: Indeedee|atk|1
|turn|1
|inactive|ZilverZurfer has 30 seconds left.
|
|t:|1757632191
|move|p2b: Kingdra|Protect|p2b: Kingdra
|-singleturn|p2b: Kingdra|Protect
|move|p1a: Gallade|Wide Guard|p1a: Gallade
|-singleturn|p1a: Gallade|Wide Guard
|move|p2a: Incineroar|Parting Shot|p1a: Gallade
|-fail|p1a: Gallade|unboost|[from] item: Clear Amulet|[of] p1a: Gallade
|move|p1b: Indeedee|Trick Room|p1b: Indeedee
|-fieldstart|move: Trick Room|[of] p1b: Indeedee
|
|upkeep
|turn|2
|inactive|rainsmeller5000 has 30 seconds left.
|
|t:|1757632222
|switch|p2a: Politoed|Politoed, L50, M|100/100
|-weather|RainDance|[from] ability: Drizzle|[of] p2a: Politoed
|move|p1a: Gallade|Psycho Cut|p2b: Kingdra
|-damage|p2b: Kingdra|4/100
|move|p1b: Indeedee|Psychic|p2b: Kingdra
|-damage|p2b: Kingdra|0 fnt
|faint|p2b: Kingdra
|
|-weather|RainDance|[upkeep]
|upkeep
|
|t:|1757632232
|switch|p2b: Archaludon|Archaludon, L50, F|100/100
|turn|3
|
|t:|1757632258
|switch|p1b: Torkoal|Torkoal, L50, M|100/100
|-weather|SunnyDay|[from] ability: Drought|[of] p1b: Torkoal
|-terastallize|p2b: Archaludon|Electric
|move|p2a: Politoed|Weather Ball|p1b: Torkoal
|-resisted|p1b: Torkoal
|-damage|p1b: Torkoal|80/100
|move|p1a: Gallade|Sacred Sword|p2b: Archaludon
|-damage|p2b: Archaludon|37/100
|move|p2b: Archaludon|Electro Shot||[still]
|-prepare|p2b: Archaludon|Electro Shot
|-boost|p2b: Archaludon|spa|1
|-enditem|p2b: Archaludon|Power Herb
|-anim|p2b: Archaludon|Electro Shot|p1a: Gallade
|-damage|p1a: Gallade|0 fnt
|faint|p1a: Gallade
|
|-weather|SunnyDay|[upkeep]
|upkeep
|
|t:|1757632273
|switch|p1a: Hatterene|Hatterene, L50, F|100/100
|turn|4
|
|t:|1757632281
|switch|p2a: Incineroar|Incineroar, L50, F|100/100
|-ability|p2a: Incineroar|Intimidate|boost
|-unboost|p1a: Hatterene|atk|1
|-unboost|p1b: Torkoal|atk|1
|move|p2b: Archaludon|Protect|p2b: Archaludon
|-singleturn|p2b: Archaludon|Protect
|move|p1b: Torkoal|Eruption|p2a: Incineroar|[spread] p2a
|-activate|p2b: Archaludon|move: Protect
|-resisted|p2a: Incineroar
|-damage|p2a: Incineroar|70/100
|move|p1a: Hatterene|Expanding Force|p2b: Archaludon|[spread] 
|-activate|p2b: Archaludon|move: Protect
|-immune|p2a: Incineroar
|
|-weather|SunnyDay|[upkeep]
|upkeep
|turn|5
|
|t:|1757632303
|switch|p2b: Politoed|Politoed, L50, M|100/100
|-weather|RainDance|[from] ability: Drizzle|[of] p2b: Politoed
|-terastallize|p1b: Torkoal|Fire
|move|p2a: Incineroar|Fake Out|p1a: Hatterene
|-activate|p1a: Hatterene|move: Psychic Terrain
|move|p1b: Torkoal|Eruption|p2b: Politoed|[spread] p2a,p2b
|-resisted|p2a: Incineroar
|-resisted|p2b: Politoed
|-damage|p2a: Incineroar|56/100
|-damage|p2b: Politoed|88/100
|move|p1a: Hatterene|Dazzling Gleam|p2a: Incineroar|[spread] p2a,p2b
|-damage|p2a: Incineroar|26/100
|-damage|p2b: Politoed|59/100
|-damage|p1a: Hatterene|91/100|[from] item: Life Orb
|
|-weather|RainDance|[upkeep]
|-heal|p2b: Politoed|65/100|[from] item: Leftovers
|-fieldend|move: Trick Room
|-fieldend|move: Psychic Terrain
|upkeep
|turn|6
|
|t:|1757632326
|switch|p1b: Indeedee|Indeedee-F, L50, F|100/100
|-fieldstart|move: Psychic Terrain|[from] ability: Psychic Surge|[of] p1b: Indeedee
|move|p2b: Politoed|Weather Ball|p1b: Indeedee
|-damage|p1b: Indeedee|56/100
|move|p2a: Incineroar|Parting Shot|p1a: Hatterene
|move|p1a: Hatterene|Parting Shot|p2a: Incineroar|[from] ability: Magic Bounce
|-unboost|p2a: Incineroar|atk|1
|-unboost|p2a: Incineroar|spa|1
|
|t:|1757632340
|switch|p1a: Torkoal|Torkoal, L50, M, tera:Fire|80/100|[from] Parting Shot
|-weather|SunnyDay|[from] ability: Drought|[of] p1a: Torkoal
|
|-weather|SunnyDay|[upkeep]
|-heal|p2b: Politoed|72/100|[from] item: Leftovers
|upkeep
|turn|7
|
|t:|1757632355
|switch|p2a: Archaludon|Archaludon, L50, F, tera:Electric|37/100
|move|p2b: Politoed|Protect|p2b: Politoed
|-singleturn|p2b: Politoed|Protect
|move|p1a: Torkoal|Heat Wave|p2a: Archaludon|[spread] p2a
|-activate|p2b: Politoed|move: Protect
|-damage|p2a: Archaludon|0 fnt
|faint|p2a: Archaludon
|move|p1b: Indeedee|Trick Room|p1b: Indeedee
|-fieldstart|move: Trick Room|[of] p1b: Indeedee
|
|-weather|SunnyDay|[upkeep]
|-heal|p2b: Politoed|78/100|[from] item: Leftovers
|upkeep
|-message|rainsmeller5000 forfeited.
|raw|ZilverZurfer's rating: 1132 → 1148(+16 for winning)
|raw|rainsmeller5000's rating: 1000 → 1000(+0 for losing)
|
|win|ZilverZurfer
|l|☆rainsmeller5000
|player|p2|
