|j|☆Slackermaru
|j|☆GenG Fan
|html|SlackermaruGenG Fan    
|uhtml|bestof|Game 3 of a best-of-3
|t:|1757242553
|gametype|doubles
|player|p1|Slackermaru|workerice|1512
|player|p2|GenG Fan|cynthia-gen4|1426
|gen|9
|tier|[Gen 9] VGC 2025 Reg H (Bo3)
|rated|
|rule|Species Clause: Limit one of each Pokémon
|rule|Item Clause: Limit 1 of each item
|clearpoke
|poke|p1|Rillaboom, L50, F|
|poke|p1|Dragonite, L50, M|
|poke|p1|Sneasler, L50, F|
|poke|p1|Kingambit, L50, M|
|poke|p1|Electabuzz, L50, F|
|poke|p1|Volcarona, L50, F|
|poke|p2|Hatterene, L50, F|
|poke|p2|Indeedee-F, L50, F|
|poke|p2|Torkoal, L50, F|
|poke|p2|Lilligant-Hisui, L50, F|
|poke|p2|Ursaluna, L50, F|
|poke|p2|Gallade, L50, M|
|teampreview|4
|showteam|p1|Rillaboom||AssaultVest|GrassySurge|FakeOut,HighHorsepower,WoodHammer,GrassyGlide|||F|||50|,,,,,Water]Dragonite||LoadedDice|Multiscale|ExtremeSpeed,ScaleShot,Protect,Haze|||M|||50|,,,,,Steel]Sneasler||FocusSash|Unburden|DireClaw,CloseCombat,Coaching,Protect|||F|||50|,,,,,Stellar]Kingambit||SafetyGoggles|Defiant|KowtowCleave,SuckerPunch,SwordsDance,Protect|||M|||50|,,,,,Ghost]Electabuzz||Eviolite|VitalSpirit|Thunderbolt,Taunt,FollowMe,Protect|||F|||50|,,,,,Ghost]Volcarona||Leftovers|FlameBody|HeatWave,TeraBlast,QuiverDance,Protect|||F|||50|,,,,,Fairy
|showteam|p2|Hatterene||LifeOrb|MagicBounce|ExpandingForce,DazzlingGleam,TrickRoom,Protect|||F|||50|,,,,,Water]Indeedee-F||RockyHelmet|PsychicSurge|Psychic,FollowMe,TrickRoom,HelpingHand|||F|||50|,,,,,Grass]Torkoal||Charcoal|Drought|Eruption,WeatherBall,EarthPower,Protect|||F|||50|,,,,,Fire]Lilligant-Hisui||FocusSash|Chlorophyll|SolarBlade,CloseCombat,SleepPowder,AfterYou|||F|||50|,,,,,Ghost]Ursaluna||FlameOrb|Guts|Facade,HeadlongRush,Roar,Protect|||F|||50|,,,,,Ghost]Gallade||ClearAmulet|Sharpness|SacredSword,PsychoCut,TrickRoom,WideGuard|||M|||50|,,,,,Grass
|inactive|Battle timer is ON: inactive players will automatically lose when time's up. (requested by GenG Fan)
|
|t:|1757242572
|teamsize|p1|4
|teamsize|p2|4
|start
|switch|p1a: Kingambit|Kingambit, L50, M, shiny|100/100
|switch|p1b: Electabuzz|Electabuzz, L50, F|100/100
|switch|p2a: Torkoal|Torkoal, L50, F|100/100
|switch|p2b: Lilligant|Lilligant-Hisui, L50, F|100/100
|-weather|SunnyDay|[from] ability: Drought|[of] p2a: Torkoal
|turn|1
|inactive|GenG Fan has 30 seconds left.
|
|t:|1757242605
|-terastallize|p1a: Kingambit|Ghost
|-terastallize|p2a: Torkoal|Fire
|move|p1b: Electabuzz|Follow Me|p1b: Electabuzz
|-singleturn|p1b: Electabuzz|move: Follow Me
|move|p2b: Lilligant|After You||[still]
|-fail|p2b: Lilligant
|move|p1a: Kingambit|Kowtow Cleave|p2a: Torkoal
|-damage|p2a: Torkoal|62/100
|move|p2a: Torkoal|Eruption|p1b: Electabuzz|[spread] p1a,p1b
|-damage|p1a: Kingambit|29/100
|-damage|p1b: Electabuzz|40/100
|
|-weather|SunnyDay|[upkeep]
|upkeep
|turn|2
|inactive|GenG Fan has 30 seconds left.
|inactive|GenG Fan has 20 seconds left.
|inactive|GenG Fan has 15 seconds left.
|
|t:|1757242646
|move|p1b: Electabuzz|Protect|p1b: Electabuzz
|-singleturn|p1b: Electabuzz|Protect
|move|p2a: Torkoal|Protect|p2a: Torkoal
|-singleturn|p2a: Torkoal|Protect
|move|p1a: Kingambit|Sucker Punch||[still]
|-fail|p1a: Kingambit
|move|p2b: Lilligant|Close Combat|p1b: Electabuzz
|-activate|p1b: Electabuzz|move: Protect
|
|-weather|SunnyDay|[upkeep]
|upkeep
|turn|3
|inactive|GenG Fan has 30 seconds left.
|
|t:|1757242675
|switch|p2a: Indeedee|Indeedee-F, L50, F|100/100
|-fieldstart|move: Psychic Terrain|[from] ability: Psychic Surge|[of] p2a: Indeedee
|move|p1b: Electabuzz|Follow Me|p1b: Electabuzz
|-singleturn|p1b: Electabuzz|move: Follow Me
|move|p2b: Lilligant|Close Combat|p1b: Electabuzz
|-damage|p1b: Electabuzz|0 fnt
|-unboost|p2b: Lilligant|def|1
|-unboost|p2b: Lilligant|spd|1
|faint|p1b: Electabuzz
|move|p1a: Kingambit|Kowtow Cleave|p2a: Indeedee
|-supereffective|p2a: Indeedee
|-damage|p2a: Indeedee|11/100
|-damage|p1a: Kingambit|13/100|[from] item: Rocky Helmet|[of] p2a: Indeedee
|
|-weather|SunnyDay|[upkeep]
|upkeep
|
|t:|1757242698
|switch|p1b: Rillaboom|Rillaboom, L50, F|100/100
|-fieldstart|move: Grassy Terrain|[from] ability: Grassy Surge|[of] p1b: Rillaboom
|turn|4
|inactive|GenG Fan has 30 seconds left.
|
|t:|1757242729
|move|p1b: Rillaboom|Grassy Glide|p2a: Indeedee
|-damage|p2a: Indeedee|0 fnt
|-damage|p1b: Rillaboom|84/100|[from] item: Rocky Helmet|[of] p2a: Indeedee
|faint|p2a: Indeedee
|move|p1a: Kingambit|Sucker Punch|p2b: Lilligant
|-resisted|p2b: Lilligant
|-damage|p2b: Lilligant|54/100
|move|p2b: Lilligant|Solar Blade||[still]
|-prepare|p2b: Lilligant|Solar Blade
|-anim|p2b: Lilligant|Solar Blade|p1a: Kingambit
|-damage|p1a: Kingambit|0 fnt
|faint|p1a: Kingambit
|
|-weather|SunnyDay|[upkeep]
|-heal|p2b: Lilligant|60/100|[from] Grassy Terrain
|-heal|p1b: Rillaboom|90/100|[from] Grassy Terrain
|upkeep
|
|t:|1757242748
|switch|p2a: Torkoal|Torkoal, L50, F, tera:Fire|62/100
|switch|p1a: Dragonite|Dragonite, L50, M, shiny|100/100
|turn|5
|
|t:|1757242769
|move|p2a: Torkoal|Protect|p2a: Torkoal
|-singleturn|p2a: Torkoal|Protect
|move|p1a: Dragonite|Extreme Speed|p2b: Lilligant
|-damage|p2b: Lilligant|0 fnt
|faint|p2b: Lilligant
|move|p1b: Rillaboom|High Horsepower|p2a: Torkoal
|-activate|p2a: Torkoal|move: Protect
|
|-weather|none
|-heal|p1b: Rillaboom|96/100|[from] Grassy Terrain
|-heal|p2a: Torkoal|68/100|[from] Grassy Terrain
|upkeep
|
|t:|1757242779
|switch|p2b: Hatterene|Hatterene, L50, F|100/100
|turn|6
|
|t:|1757242799
|move|p1a: Dragonite|Scale Shot|p2a: Torkoal
|-crit|p2a: Torkoal
|-damage|p2a: Torkoal|49/100
|-damage|p2a: Torkoal|36/100
|-damage|p2a: Torkoal|23/100
|-crit|p2a: Torkoal
|-damage|p2a: Torkoal|4/100
|-damage|p2a: Torkoal|0 fnt
|faint|p2a: Torkoal
|-hitcount|p2: Torkoal|5
|-unboost|p1a: Dragonite|def|1
|-boost|p1a: Dragonite|spe|1
|move|p1b: Rillaboom|High Horsepower|p2b: Hatterene
|-damage|p2b: Hatterene|67/100
|move|p2b: Hatterene|Dazzling Gleam|p1a: Dragonite|[spread] p1a,p1b
|-supereffective|p1a: Dragonite
|-damage|p1a: Dragonite|51/100
|-damage|p1b: Rillaboom|63/100
|-damage|p2b: Hatterene|57/100|[from] item: Life Orb
|
|-heal|p1b: Rillaboom|68/100|[from] Grassy Terrain
|-heal|p2b: Hatterene|63/100|[from] Grassy Terrain
|upkeep
|turn|7
|inactive|GenG Fan has 30 seconds left.
|
|t:|1757242833
|move|p1a: Dragonite|Extreme Speed|p2b: Hatterene
|-damage|p2b: Hatterene|29/100
|move|p1b: Rillaboom|Wood Hammer|p2b: Hatterene
|-damage|p2b: Hatterene|0 fnt
|faint|p2b: Hatterene
|-damage|p1b: Rillaboom|61/100|[from] Recoil
|
|win|Slackermaru
|raw|Slackermaru's rating: 1512 → 1527(+15 for winning)
|raw|GenG Fan's rating: 1426 → 1411(-15 for losing)
|l|☆GenG Fan
|player|p2|
