|j|☆backonmypittbull
|j|☆luckyross
|html|backonmypittbullluckyross    
|uhtml|bestof|Game 2 of a best-of-3
|t:|1755998387
|gametype|doubles
|player|p1|backonmypittbull|n|1343
|player|p2|luckyross|red|1284
|gen|9
|tier|[Gen 9] VGC 2025 Reg H (Bo3)
|rated|
|rule|Species Clause: Limit one of each Pokémon
|rule|Item Clause: Limit 1 of each item
|clearpoke
|poke|p1|Charizard, L50, M|
|poke|p1|Torkoal, L50, F|
|poke|p1|Porygon2, L50|
|poke|p1|Incineroar, L50, F|
|poke|p1|Jumpluff, L50, F|
|poke|p1|Ursaluna, L50, F|
|poke|p2|Murkrow, L50, M|
|poke|p2|Gholdengo, L50|
|poke|p2|Sylveon, L50, F|
|poke|p2|Pawmot, L50, M|
|poke|p2|Hydreigon, L50, F|
|poke|p2|Araquanid, L50, F|
|teampreview|4
|showteam|p1|Charizard||ChoiceSpecs|SolarPower|HeatWave,Overheat,WeatherBall,AirSlash|||M|||50|,,,,,Ghost]Torkoal||EjectPack|Drought|Eruption,Overheat,HelpingHand,Protect|||F|||50|,,,,,Fire]Porygon2||Eviolite|Download|TeraBlast,IceBeam,Recover,TrickRoom||||||50|,,,,,Fighting]Incineroar||SitrusBerry|Intimidate|FlareBlitz,KnockOff,FakeOut,PartingShot|||F|||50|,,,,,Ghost]Jumpluff||CovertCloak|Chlorophyll|SleepPowder,SunnyDay,RagePowder,Tailwind|||F|||50|,,,,,Water]Ursaluna||FlameOrb|Guts|HeadlongRush,Facade,Earthquake,Protect|||F|||50|,,,,,Ghost
|showteam|p2|Murkrow||Eviolite|Prankster|Tailwind,FoulPlay,Haze,Quash|||M|||50|,,,,,Ghost]Gholdengo||ChoiceSpecs|GoodasGold|MakeItRain,ShadowBall,FocusBlast,Trick||||||50|,,,,,Steel]Sylveon||ThroatSpray|Pixilate|HyperVoice,TeraBlast,Protect,QuickAttack|||F|||50|,,,,,Fire]Pawmot||FocusSash|VoltAbsorb|Protect,RevivalBlessing,CloseCombat,DoubleShock|||M|||50|,,,,,Electric]Hydreigon||LifeOrb|Levitate|DarkPulse,DracoMeteor,Snarl,Protect|||F|||50|,,,,,Ghost]Araquanid||ClearAmulet|WaterBubble|Liquidation,LeechLife,StickyWeb,WideGuard|||F|||50|,,,,,Ghost
|j| teamthief420
|inactive|Battle timer is ON: inactive players will automatically lose when time's up. (requested by luckyross)
|
|t:|1755998455
|teamsize|p1|4
|teamsize|p2|4
|start
|switch|p1a: Porygon2|Porygon2, L50|100/100
|switch|p1b: Charizard|Charizard, L50, M|100/100
|switch|p2a: Hydreigon|Hydreigon, L50, F, shiny|100/100
|switch|p2b: Murkrow|Murkrow, L50, M, shiny|100/100
|-ability|p1a: Porygon2|Download|boost
|-boost|p1a: Porygon2|atk|1
|turn|1
|inactive|backonmypittbull has 30 seconds left.
|inactive|backonmypittbull has 20 seconds left.
|inactive|backonmypittbull has 15 seconds left.
|
|t:|1755998495
|move|p1b: Charizard|Air Slash|p2a: Hydreigon
|-damage|p2a: Hydreigon|44/100
|move|p2a: Hydreigon|Dark Pulse|p1b: Charizard
|-crit|p1b: Charizard
|-damage|p1b: Charizard|3/100
|-damage|p2a: Hydreigon|34/100|[from] item: Life Orb
|move|p2b: Murkrow|Foul Play|p1b: Charizard
|-damage|p1b: Charizard|0 fnt
|faint|p1b: Charizard
|move|p1a: Porygon2|Trick Room|p1a: Porygon2
|-fieldstart|move: Trick Room|[of] p1a: Porygon2
|
|upkeep
|
|t:|1755998507
|switch|p1b: Torkoal|Torkoal, L50, F|100/100
|-weather|SunnyDay|[from] ability: Drought|[of] p1b: Torkoal
|turn|2
|
|t:|1755998530
|move|p2b: Murkrow|Quash|p1b: Torkoal
|-activate|p1b: Torkoal|move: Quash
|move|p1a: Porygon2|Ice Beam|p2a: Hydreigon
|-supereffective|p2a: Hydreigon
|-damage|p2a: Hydreigon|0 fnt
|faint|p2a: Hydreigon
|move|p1b: Torkoal|Eruption|p2b: Murkrow
|-damage|p2b: Murkrow|9/100
|
|-weather|SunnyDay|[upkeep]
|upkeep
|
|t:|1755998535
|switch|p2a: Araquanid|Araquanid, L50, F, shiny|100/100
|turn|3
|
|t:|1755998545
|move|p2b: Murkrow|Quash|p1b: Torkoal
|-activate|p1b: Torkoal|move: Quash
|move|p2a: Araquanid|Liquidation|p1b: Torkoal
|-supereffective|p1b: Torkoal
|-damage|p1b: Torkoal|52/100
|move|p1a: Porygon2|Ice Beam|p2b: Murkrow
|-supereffective|p2b: Murkrow
|-damage|p2b: Murkrow|0 fnt
|faint|p2b: Murkrow
|move|p1b: Torkoal|Overheat|p2a: Araquanid
|-damage|p2a: Araquanid|62/100
|-unboost|p1b: Torkoal|spa|2
|-enditem|p1b: Torkoal|Eject Pack
|
|t:|1755998558
|switch|p1b: Ursaluna|Ursaluna, L50, F|100/100
|
|-weather|SunnyDay|[upkeep]
|-status|p1b: Ursaluna|brn|[from] item: Flame Orb
|upkeep
|
|t:|1755998560
|switch|p2b: Ficello-Man|Gholdengo, L50|100/100
|turn|4
|
|t:|1755998584
|-terastallize|p2b: Ficello-Man|Steel
|move|p2a: Araquanid|Liquidation|p1b: Ursaluna
|-supereffective|p1b: Ursaluna
|-damage|p1b: Ursaluna|49/100 brn
|-unboost|p1b: Ursaluna|def|1
|move|p1a: Porygon2|Tera Blast|p2a: Araquanid
|-damage|p2a: Araquanid|27/100
|move|p1b: Ursaluna|Headlong Rush|p2b: Ficello-Man
|-supereffective|p2b: Ficello-Man
|-crit|p2b: Ficello-Man
|-damage|p2b: Ficello-Man|0 fnt
|-unboost|p1b: Ursaluna|def|1
|-unboost|p1b: Ursaluna|spd|1
|faint|p2b: Ficello-Man
|
|-weather|SunnyDay|[upkeep]
|-damage|p1b: Ursaluna|44/100 brn|[from] brn
|upkeep
|turn|5
|
|t:|1755998602
|move|p2a: Araquanid|Liquidation|p1b: Ursaluna
|-supereffective|p1b: Ursaluna
|-damage|p1b: Ursaluna|0 fnt
|faint|p1b: Ursaluna
|move|p1a: Porygon2|Tera Blast|p2a: Araquanid
|-damage|p2a: Araquanid|0 fnt
|faint|p2a: Araquanid
|
|win|backonmypittbull
|raw|backonmypittbull's rating: 1343 → 1360(+17 for winning)
|raw|luckyross's rating: 1284 → 1263(-21 for losing)
|l|☆luckyross
|player|p2|
