|j|☆Twigy1
|j|☆Invoker Kuzan
|html|Twigy1Invoker Kuzan    
|uhtml|bestof|Game 2 of a best-of-3
|t:|1756342148
|gametype|doubles
|player|p1|Twigy1|raihan|1266
|player|p2|Invoker Kuzan|marnie-masters3|1283
|gen|9
|tier|[Gen 9] VGC 2025 Reg H (Bo3)
|rated|
|rule|Species Clause: Limit one of each Pokémon
|rule|Item Clause: Limit 1 of each item
|clearpoke
|poke|p1|Garchomp, L50, M|
|poke|p1|Dragonite, L50, M|
|poke|p1|Gholdengo, L50|
|poke|p1|Talonflame, L50, M|
|poke|p1|Primarina, L50, M|
|poke|p1|Tyranitar, L50, M|
|poke|p2|Indeedee-F, L50, F|
|poke|p2|Hatterene, L50, F|
|poke|p2|Gallade, L50, M|
|poke|p2|Ursaluna, L50, M|
|poke|p2|Lilligant-Hisui, L50, F|
|poke|p2|Torkoal, L50, M|
|teampreview|4
|showteam|p1|Garchomp||LifeOrb|RoughSkin|StompingTantrum,DragonClaw,Earthquake,Protect|||M|||50|,,,,,Ground]Dragonite||ChoiceBand|InnerFocus|ExtremeSpeed,StompingTantrum,IceSpinner,Outrage|||M|||50|,,,,,Normal]Gholdengo||ChoiceSpecs|GoodasGold|SteelBeam,ShadowBall,MakeItRain,Thunderbolt||||||50|,,,,,Steel]Talonflame||CovertCloak|GaleWings|BraveBird,Tailwind,FlareBlitz,WillOWisp|||M|||50|,,,,,Stellar]Primarina||MysticWater|LiquidVoice|Haze,HyperVoice,Moonblast,Protect|||M|||50|,,,,,Water]Tyranitar||AssaultVest|SandStream|RockSlide,TeraBlast,LowKick,KnockOff|||M|||50|,,,,,Flying
|showteam|p2|Indeedee-F||PsychicSeed|PsychicSurge|TrickRoom,FollowMe,HelpingHand,DazzlingGleam|||F|||50|,,,,,Fire]Hatterene||LifeOrb|MagicBounce|ExpandingForce,TrickRoom,DazzlingGleam,Protect|||F|||50|,,,,,Psychic]Gallade||ClearAmulet|Sharpness|PsychoCut,TrickRoom,SacredSword,WideGuard|||M|||50|,,,,,Grass]Ursaluna||FlameOrb|Guts|HeadlongRush,Facade,SwordsDance,Protect|||M|||50|,,,,,Ghost]Lilligant-Hisui||FocusSash|Chlorophyll|SolarBlade,SleepPowder,CloseCombat,AfterYou|||F|||50|,,,,,Ghost]Torkoal||ChoiceSpecs|Drought|Eruption,HeatWave,WeatherBall,EarthPower|||M|||50|,,,,,Fire
|inactive|Battle timer is ON: inactive players will automatically lose when time's up. (requested by Invoker Kuzan)
|inactive|Twigy1 has 60 seconds left.
|
|t:|1756342191
|teamsize|p1|4
|teamsize|p2|4
|start
|switch|p1a: Dragonite|Dragonite, L50, M|100/100
|switch|p1b: Primarina|Primarina, L50, M|100/100
|switch|p2a: Indeedee|Indeedee-F, L50, F, shiny|100/100
|switch|p2b: Gallade|Gallade, L50, M, shiny|100/100
|-fieldstart|move: Psychic Terrain|[from] ability: Psychic Surge|[of] p2a: Indeedee
|-enditem|p2a: Indeedee|Psychic Seed
|-boost|p2a: Indeedee|spd|1|[from] item: Psychic Seed
|turn|1
|inactive|Invoker Kuzan has 30 seconds left.
|
|t:|1756342223
|move|p2b: Gallade|Wide Guard|p2b: Gallade
|-singleturn|p2b: Gallade|Wide Guard
|move|p1a: Dragonite|Ice Spinner|p2a: Indeedee
|-damage|p2a: Indeedee|53/100
|-fieldend|move: Psychic Terrain
|move|p1b: Primarina|Moonblast|p2b: Gallade
|-supereffective|p2b: Gallade
|-damage|p2b: Gallade|9/100
|move|p2a: Indeedee|Trick Room|p2a: Indeedee
|-fieldstart|move: Trick Room|[of] p2a: Indeedee
|
|upkeep
|turn|2
|inactive|Twigy1 has 30 seconds left.
|
|t:|1756342252
|switch|p2a: Ursaluna|Ursaluna, L50, M, shiny|100/100
|switch|p1a: Gholdengo|Gholdengo, L50|100/100
|move|p1b: Primarina|Moonblast|p2a: Ursaluna
|-damage|p2a: Ursaluna|51/100
|-unboost|p2a: Ursaluna|spa|1
|move|p2b: Gallade|Psycho Cut|p1a: Gholdengo
|-resisted|p1a: Gholdengo
|-damage|p1a: Gholdengo|66/100
|
|-status|p2a: Ursaluna|brn|[from] item: Flame Orb
|upkeep
|turn|3
|inactive|Twigy1 has 30 seconds left.
|
|t:|1756342277
|switch|p2b: Torkoal|Torkoal, L50, M, shiny|100/100
|-weather|SunnyDay|[from] ability: Drought|[of] p2b: Torkoal
|switch|p1a: Dragonite|Dragonite, L50, M|100/100
|move|p2a: Ursaluna|Facade|p1b: Primarina
|-damage|p1b: Primarina|0 fnt
|faint|p1b: Primarina
|
|-weather|SunnyDay|[upkeep]
|-damage|p2a: Ursaluna|45/100 brn|[from] brn
|upkeep
|
|t:|1756342289
|switch|p1b: Tyranitar|Tyranitar, L50, M|100/100
|-weather|Sandstorm|[from] ability: Sand Stream|[of] p1b: Tyranitar
|turn|4
|inactive|Twigy1 has 30 seconds left.
|inactive|Twigy1 has 20 seconds left.
|inactive|Twigy1 has 15 seconds left.
|inactive|Twigy1 has 10 seconds left.
|
|t:|1756342337
|switch|p2b: Indeedee|Indeedee-F, L50, F, shiny|53/100
|-fieldstart|move: Psychic Terrain|[from] ability: Psychic Surge|[of] p2b: Indeedee
|move|p2a: Ursaluna|Facade|p1a: Dragonite
|-damage|p1a: Dragonite|0 fnt
|faint|p1a: Dragonite
|move|p1b: Tyranitar|Knock Off|p2a: Ursaluna
|-damage|p2a: Ursaluna|1/100 brn
|-enditem|p2a: Ursaluna|Flame Orb|[from] move: Knock Off|[of] p1b: Tyranitar
|
|-weather|Sandstorm|[upkeep]
|-damage|p2b: Indeedee|47/100|[from] Sandstorm
|-damage|p2a: Ursaluna|0 fnt|[from] brn
|faint|p2a: Ursaluna
|upkeep
|
|t:|1756342352
|switch|p2a: Torkoal|Torkoal, L50, M, shiny|100/100
|switch|p1a: Gholdengo|Gholdengo, L50|66/100
|-weather|SunnyDay|[from] ability: Drought|[of] p2a: Torkoal
|turn|5
|
|t:|1756342368
|-terastallize|p2a: Torkoal|Fire
|move|p2b: Indeedee|Helping Hand|p2a: Torkoal
|-singleturn|p2a: Torkoal|Helping Hand|[of] p2b: Indeedee
|move|p2a: Torkoal|Eruption|p1a: Gholdengo|[spread] p1a,p1b
|-supereffective|p1a: Gholdengo
|-resisted|p1b: Tyranitar
|-damage|p1a: Gholdengo|0 fnt
|-damage|p1b: Tyranitar|32/100
|faint|p1a: Gholdengo
|move|p1b: Tyranitar|Rock Slide|p2a: Torkoal|[spread] p2a,p2b
|-supereffective|p2a: Torkoal
|-damage|p2a: Torkoal|52/100
|-damage|p2b: Indeedee|17/100
|
|-weather|SunnyDay|[upkeep]
|-fieldend|move: Trick Room
|upkeep
|turn|6
|
|t:|1756342386
|move|p1b: Tyranitar|Rock Slide|p2a: Torkoal|[spread] p2a,p2b
|-supereffective|p2a: Torkoal
|-damage|p2a: Torkoal|0 fnt
|-damage|p2b: Indeedee|0 fnt
|faint|p2a: Torkoal
|faint|p2b: Indeedee
|
|-weather|SunnyDay|[upkeep]
|upkeep
|
|t:|1756342395
|switch|p2a: Gallade|Gallade, L50, M, shiny|9/100
|turn|7
|
|t:|1756342412
|-terastallize|p1b: Tyranitar|Flying
|move|p2a: Gallade|Psycho Cut|p1b: Tyranitar
|-damage|p1b: Tyranitar|0 fnt
|faint|p1b: Tyranitar
|
|win|Invoker Kuzan
|raw|Twigy1's rating: 1266 → 1242(-24 for losing)
|raw|Invoker Kuzan's rating: 1283 → 1307(+24 for winning)
|c|☆Invoker Kuzan|gg
