|j|☆lryuzaki13
|j|☆MrMrvz
|html|lryuzaki13MrMrvz    
|uhtml|bestof|Game 3 of a best-of-3
|t:|1785436205
|gametype|doubles
|player|p1|lryuzaki13|n|1218
|player|p2|MrMrvz|ethan|1192
|gen|9
|tier|[Gen 9 Champions] VGC 2026 Reg M-B (Bo3)
|rated|
|rule|Species Clause: Limit one of each Pokémon
|rule|Item Clause: Limit 1 of each item
|clearpoke
|poke|p1|Sneasler, L50, M, shiny|
|poke|p1|Floette-Eternal, L50, F|
|poke|p1|Kingambit, L50, F, shiny|
|poke|p1|Whimsicott, L50, F, shiny|
|poke|p1|Garchomp, L50, F, shiny|
|poke|p1|Basculegion, L50, M, shiny|
|poke|p2|Staraptor, L50, M|
|poke|p2|Feraligatr, L50, M, shiny|
|poke|p2|Whimsicott, L50, M|
|poke|p2|Glimmora, L50, M|
|poke|p2|Delphox, L50, F|
|poke|p2|Kingambit, L50, M, shiny|
|teampreview|4
|showteam|p1|Sneasler||WhiteHerb|Unburden|CloseCombat,GunkShot,FakeOut,Protect|Jolly||M|||50|]Floette-Eternal||Floettite|FlowerVeil|DazzlingGleam,LightofRuin,Moonblast,Protect|Timid||F|||50|]Kingambit||BlackGlasses|Defiant|KowtowCleave,SuckerPunch,SwordsDance,Protect|Adamant||F|||50|]Whimsicott||MentalHerb|Prankster|Encore,Moonblast,Protect,Tailwind|Timid||F|||50|]Garchomp||LifeOrb|RoughSkin|Earthquake,Protect,RockSlide,StompingTantrum|Jolly||F|||50|]Basculegion||FocusSash|Adaptability|LastRespects,Liquidation,AquaJet,Protect|Adamant||M|||50|
|showteam|p2|Staraptor||Staraptite|Intimidate|BraveBird,CloseCombat,Roost,Protect|Jolly||M|||50|]Feraligatr||LifeOrb|SheerForce|Liquidation,RockSlide,IcePunch,AquaJet|Adamant||M|||50|]Whimsicott||OccaBerry|Prankster|Tailwind,Moonblast,Charm,LightScreen|Timid||M|||50|]Glimmora||FocusSash|ToxicDebris|PowerGem,SludgeBomb,EarthPower,SpikyShield|Modest||M|||50|]Delphox||Delphoxite|Blaze|HeatWave,Psychic,Encore,Protect|Timid||F|||50|]Kingambit||ChopleBerry|Defiant|KowtowCleave,IronHead,LowKick,SuckerPunch|Adamant||M|||50|
|
|t:|1785436222
|teamsize|p1|4
|teamsize|p2|4
|start
|switch|p1a: Bishop|Whimsicott, L50, F, shiny|100/100
|switch|p1b: Rook|Sneasler, L50, M, shiny|100/100
|switch|p2a: Glimmora|Glimmora, L50, M|100/100
|switch|p2b: Whimsicott|Whimsicott, L50, M|100/100
|turn|1
|
|t:|1785436243
|move|p1a: Bishop|Tailwind|p1a: Bishop
|-sidestart|p1: lryuzaki13|move: Tailwind
|move|p2b: Whimsicott|Tailwind|p2b: Whimsicott
|-sidestart|p2: MrMrvz|move: Tailwind
|move|p1b: Rook|Gunk Shot|p2b: Whimsicott
|-supereffective|p2b: Whimsicott|2
|-damage|p2b: Whimsicott|0 fnt
|faint|p2b: Whimsicott
|move|p2a: Glimmora|Sludge Bomb|p1a: Bishop
|-supereffective|p1a: Bishop|2
|-damage|p1a: Bishop|0 fnt
|faint|p1a: Bishop
|
|upkeep
|
|t:|1785436256
|switch|p1a: Pawn|Basculegion, L50, M, shiny|100/100
|switch|p2b: Delphox|Delphox, L50, F|100/100
|turn|2
|
|t:|1785436279
|switch|p2b: Kingambit|Kingambit, L50, M, shiny|100/100
|move|p1b: Rook|Protect|p1b: Rook
|-singleturn|p1b: Rook|Protect
|move|p2a: Glimmora|Earth Power|p1b: Rook
|-activate|p1b: Rook|move: Protect
|move|p1a: Pawn|Last Respects|p2b: Kingambit
|-resisted|p2b: Kingambit|1
|-damage|p2b: Kingambit|74/100
|
|upkeep
|turn|3
|
|t:|1785436315
|move|p1a: Pawn|Aqua Jet|p2b: Kingambit
|-damage|p2b: Kingambit|52/100
|move|p2b: Kingambit|Sucker Punch||[still]
|-fail|p2b: Kingambit
|move|p1b: Rook|Close Combat|p2b: Kingambit
|-supereffective|p2b: Kingambit|2
|-enditem|p2b: Kingambit|Chople Berry|[eat]
|-enditem|p2b: Kingambit|Chople Berry|[weaken]
|-damage|p2b: Kingambit|0 fnt
|-unboost|p1b: Rook|def|1
|-unboost|p1b: Rook|spd|1
|faint|p2b: Kingambit
|-enditem|p1b: Rook|White Herb
|-clearnegativeboost|p1b: Rook|[silent]
|move|p2a: Glimmora|Earth Power|p1b: Rook
|-supereffective|p1b: Rook|1
|-damage|p1b: Rook|0 fnt
|faint|p1b: Rook
|
|upkeep
|
|t:|1785436331
|switch|p1b: Queen|Floette-Eternal, L50, F|100/100
|switch|p2b: Delphox|Delphox, L50, F|100/100
|turn|4
|
|t:|1785436389
|detailschange|p2b: Delphox|Delphox-Mega, L50, F
|-mega|p2b: Delphox|Delphox|Delphoxite
|detailschange|p1b: Queen|Floette-Mega, L50, F
|-mega|p1b: Queen|Floette|Floettite
|-ability|p1b: Queen|Fairy Aura
|move|p1b: Queen|Protect|p1b: Queen
|-singleturn|p1b: Queen|Protect
|move|p1a: Pawn|Protect|p1a: Pawn
|-singleturn|p1a: Pawn|Protect
|move|p2b: Delphox|Psychic|p1a: Pawn
|-activate|p1a: Pawn|move: Protect
|move|p2a: Glimmora|Sludge Bomb|p1b: Queen
|-activate|p1b: Queen|move: Protect
|
|-sideend|p2: MrMrvz|move: Tailwind
|-sideend|p1: lryuzaki13|move: Tailwind
|upkeep
|turn|5
|
|t:|1785436442
|move|p1a: Pawn|Aqua Jet|p2a: Glimmora
|-supereffective|p2a: Glimmora|1
|-damage|p2a: Glimmora|29/100
|-activate|p2a: Glimmora|ability: Toxic Debris
|-sidestart|p1: lryuzaki13|move: Toxic Spikes
|move|p2b: Delphox|Psychic|p1a: Pawn
|-damage|p1a: Pawn|43/100
|move|p1b: Queen|Dazzling Gleam|p2b: Delphox|[spread] p2a,p2b
|-resisted|p2a: Glimmora|1
|-resisted|p2b: Delphox|1
|-damage|p2a: Glimmora|1/100
|-damage|p2b: Delphox|76/100
|move|p2a: Glimmora|Sludge Bomb|p1b: Queen
|-supereffective|p1b: Queen|1
|-damage|p1b: Queen|3/100
|
|upkeep
|turn|6
|
|t:|1785436476
|move|p2a: Glimmora|Spiky Shield|p2a: Glimmora
|-singleturn|p2a: Glimmora|move: Protect
|move|p1a: Pawn|Aqua Jet|p2b: Delphox
|-supereffective|p2b: Delphox|1
|-damage|p2b: Delphox|0 fnt
|faint|p2b: Delphox
|move|p1b: Queen|Dazzling Gleam|p2a: Glimmora
|-activate|p2a: Glimmora|move: Protect
|
|upkeep
|turn|7
|
|t:|1785436491
|move|p1a: Pawn|Aqua Jet|p2a: Glimmora
|-supereffective|p2a: Glimmora|1
|-damage|p2a: Glimmora|0 fnt
|-activate|p2a: Glimmora|ability: Toxic Debris
|-sidestart|p1: lryuzaki13|move: Toxic Spikes
|faint|p2a: Glimmora
|
|win|lryuzaki13
|raw|lryuzaki13's rating: 1218 → 1241(+23 for winning)
|raw|MrMrvz's rating: 1192 → 1169(-23 for losing)
