|j|вҳҶPursatiEvol
|j|вҳҶGyra78
|html|PursatiEvolGyra78    
|uhtml|bestof|Game 2 of a best-of-3
|t:|1756697578
|gametype|doubles
|player|p1|PursatiEvol|169|1222
|player|p2|Gyra78|volkner|1265
|gen|9
|tier|[Gen 9] VGC 2025 Reg H (Bo3)
|rated|
|rule|Species Clause: Limit one of each PokГ©mon
|rule|Item Clause: Limit 1 of each item
|clearpoke
|poke|p1|Sneasler, L50, F|
|poke|p1|Dragapult, L50, M|
|poke|p1|Primarina, L50, M|
|poke|p1|Rillaboom, L50, M|
|poke|p1|Kingambit, L50, M|
|poke|p1|Magmar, L50, F|
|poke|p2|Basculegion, L50, M|
|poke|p2|Pelipper, L50, M|
|poke|p2|Archaludon, L50, M|
|poke|p2|Incineroar, L50, M|
|poke|p2|Gholdengo, L50|
|poke|p2|Amoonguss, L50, M|
|teampreview|4
|showteam|p1|Sneasler||FocusSash|PoisonTouch|CloseCombat,DireClaw,FakeOut,Protect|||F|||50|,,,,,Stellar]Dragapult||ChoiceBand|ClearBody|DragonDarts,TeraBlast,PhantomForce,Uturn|||M|||50|,,,,,Ghost]Primarina||SitrusBerry|LiquidVoice|HyperVoice,Moonblast,Haze,Protect|||M|||50|,,,,,Water]Rillaboom||AssaultVest|GrassySurge|WoodHammer,GrassyGlide,HighHorsepower,FakeOut|||M|||50|,,,,,Fire]Kingambit||BlackGlasses|Defiant|KowtowCleave,SuckerPunch,SwordsDance,Protect|||M|||50|,,,,,Ghost]Magmar||Eviolite|VitalSpirit|Overheat,WillOWisp,FollowMe,Protect|||F|||50|,,,,,Ghost
|showteam|p2|Basculegion||LifeOrb|SwiftSwim|WaveCrash,LastRespects,Protect,FlipTurn|||M|||50|,,,,,Grass]Pelipper||FocusSash|Drizzle|Protect,Hurricane,WeatherBall,Tailwind|||M|||50|,,,,,Ghost]Archaludon||AssaultVest|Stamina|ElectroShot,DracoMeteor,Snarl,BodyPress|||M|||50|,,,,,Grass]Incineroar||SafetyGoggles|Intimidate|FakeOut,PartingShot,Taunt,KnockOff|||M|||50|,,,,,Bug]Gholdengo||SitrusBerry|GoodasGold|MakeItRain,ShadowBall,NastyPlot,Protect||||||50|,,,,,Dragon]Amoonguss||RockyHelmet|Regenerator|Spore,RagePowder,PollenPuff,Protect|||M|||50|,,,,,Water
|j| bfwpikadrew
|j| teamthief420
|inactive|Battle timer is ON: inactive players will automatically lose when time's up. (requested by Gyra78)
|inactive|Gyra78 has 60 seconds left.
|inactive|Gyra78 has 30 seconds left.
|inactive|Gyra78 has 20 seconds left.
|
|t:|1756697650
|teamsize|p1|4
|teamsize|p2|4
|start
|switch|p1a: Rillaboom|Rillaboom, L50, M|100/100
|switch|p1b: Kingambit|Kingambit, L50, M|100/100
|switch|p2a: ACвҡЎпёҺDC|Archaludon, L50, M, shiny|100/100
|switch|p2b: Davy Jones|Basculegion, L50, M, shiny|100/100
|-fieldstart|move: Grassy Terrain|[from] ability: Grassy Surge|[of] p1a: Rillaboom
|turn|1
|inactive|PursatiEvol has 30 seconds left.
|
|t:|1756697681
|-terastallize|p1b: Kingambit|Ghost
|move|p2b: Davy Jones|Protect|p2b: Davy Jones
|-singleturn|p2b: Davy Jones|Protect
|move|p1a: Rillaboom|Grassy Glide|p2b: Davy Jones
|-activate|p2b: Davy Jones|move: Protect
|move|p2a: ACвҡЎпёҺDC|Body Press|p1b: Kingambit
|-immune|p1b: Kingambit
|move|p1b: Kingambit|Swords Dance|p1b: Kingambit
|-boost|p1b: Kingambit|atk|2
|
|upkeep
|turn|2
|
|t:|1756697703
|switch|p2b: Sticky Feet|Pelipper, L50, M, shiny|100/100
|-weather|RainDance|[from] ability: Drizzle|[of] p2b: Sticky Feet
|move|p1b: Kingambit|Sucker Punch|p2a: ACвҡЎпёҺDC
|-damage|p2a: ACвҡЎпёҺDC|25/100
|-ability|p2a: ACвҡЎпёҺDC|Stamina|boost
|-boost|p2a: ACвҡЎпёҺDC|def|1
|move|p1a: Rillaboom|High Horsepower|p2a: ACвҡЎпёҺDC
|-supereffective|p2a: ACвҡЎпёҺDC
|-damage|p2a: ACвҡЎпёҺDC|0 fnt
|faint|p2a: ACвҡЎпёҺDC
|
|-weather|RainDance|[upkeep]
|upkeep
|
|t:|1756697717
|switch|p2a: Davy Jones|Basculegion, L50, M, shiny|100/100
|turn|3
|
|t:|1756697729
|-terastallize|p2a: Davy Jones|Grass
|move|p1b: Kingambit|Sucker Punch|p2a: Davy Jones
|-damage|p2a: Davy Jones|0 fnt
|faint|p2a: Davy Jones
|move|p1a: Rillaboom|Wood Hammer|p2b: Sticky Feet
|-enditem|p2b: Sticky Feet|Focus Sash
|-damage|p2b: Sticky Feet|1/100
|-damage|p1a: Rillaboom|78/100|[from] Recoil
|move|p2b: Sticky Feet|Hurricane|p1a: Rillaboom
|-supereffective|p1a: Rillaboom
|-damage|p1a: Rillaboom|4/100
|
|-weather|RainDance|[upkeep]
|-heal|p1a: Rillaboom|10/100|[from] Grassy Terrain
|upkeep
|
|t:|1756697733
|switch|p2a: Alfredo|Amoonguss, L50, M, shiny|100/100
|turn|4
|
|t:|1756697745
|move|p2b: Sticky Feet|Protect|p2b: Sticky Feet
|-singleturn|p2b: Sticky Feet|Protect
|move|p1a: Rillaboom|Grassy Glide|p2b: Sticky Feet
|-activate|p2b: Sticky Feet|move: Protect
|move|p1b: Kingambit|Kowtow Cleave|p2a: Alfredo
|-damage|p2a: Alfredo|11/100
|-damage|p1b: Kingambit|84/100|[from] item: Rocky Helmet|[of] p2a: Alfredo
|move|p2a: Alfredo|Spore|p1b: Kingambit
|-status|p1b: Kingambit|slp|[from] move: Spore
|
|-weather|RainDance|[upkeep]
|-heal|p1a: Rillaboom|16/100|[from] Grassy Terrain
|-heal|p1b: Kingambit|90/100 slp|[from] Grassy Terrain
|-heal|p2a: Alfredo|17/100|[from] Grassy Terrain
|upkeep
|turn|5
|
|t:|1756697761
|move|p2b: Sticky Feet|Protect||[still]
|-fail|p2b: Sticky Feet
|move|p1a: Rillaboom|Grassy Glide|p2b: Sticky Feet
|-damage|p2b: Sticky Feet|0 fnt
|faint|p2b: Sticky Feet
|cant|p1b: Kingambit|slp
|move|p2a: Alfredo|Pollen Puff|p1a: Rillaboom
|-supereffective|p1a: Rillaboom
|-damage|p1a: Rillaboom|0 fnt
|faint|p1a: Rillaboom
|
|-weather|RainDance|[upkeep]
|-heal|p1b: Kingambit|96/100 slp|[from] Grassy Terrain
|-heal|p2a: Alfredo|23/100|[from] Grassy Terrain
|-fieldend|move: Grassy Terrain
|upkeep
|-message|Gyra78 forfeited.
|
|win|PursatiEvol
||Gyra78 is ready for game 3.
||PursatiEvol is ready for game 3.
|uhtml|next|Next: Game 3 of 3
|l| teamthief420
|l|вҳҶGyra78
|player|p2|
|l| bfwpikadrew
