|j|☆FrancoilCieco777
|j|☆JuanGuerrero09
|html|FrancoilCieco777JuanGuerrero09    
|uhtml|bestof|Game 2 of a best-of-3
|t:|1757003869
|gametype|doubles
|player|p1|FrancoilCieco777|baker|1118
|player|p2|JuanGuerrero09|1|1070
|gen|9
|tier|[Gen 9] VGC 2025 Reg H (Bo3)
|rated|
|rule|Species Clause: Limit one of each Pokémon
|rule|Item Clause: Limit 1 of each item
|clearpoke
|poke|p1|Volcarona, L50, F|
|poke|p1|Electabuzz, L50, F|
|poke|p1|Sneasler, L50, M|
|poke|p1|Kingambit, L50, F|
|poke|p1|Dragonite, L50, M|
|poke|p1|Rillaboom, L50, F|
|poke|p2|Sneasler, L50, M|
|poke|p2|Indeedee, L50, M|
|poke|p2|Tyranitar, L50, M|
|poke|p2|Excadrill, L50, M|
|poke|p2|Gholdengo, L50|
|poke|p2|Incineroar, L50, F|
|teampreview|4
|showteam|p1|Volcarona||CovertCloak|FlameBody|HeatWave,TeraBlast,QuiverDance,Protect|||F|||50|,,,,,Fairy]Electabuzz||Eviolite|VitalSpirit|Thunderbolt,FollowMe,Taunt,Protect|||F|||50|,,,,,Ghost]Sneasler||FocusSash|Unburden|FakeOut,CloseCombat,DireClaw,Coaching|||M|||50|,,,,,Stellar]Kingambit||BlackGlasses|Defiant|KowtowCleave,SuckerPunch,SwordsDance,Protect|||F|||50|,,,,,Dark]Dragonite||LoadedDice|Multiscale|ScaleShot,ExtremeSpeed,Haze,Protect|||M|||50|,,,,,Normal]Rillaboom||AssaultVest|GrassySurge|WoodHammer,GrassyGlide,HighHorsepower,FakeOut|||F|||50|,,,,,Fire
|showteam|p2|Sneasler||WhiteHerb|Unburden|CloseCombat,DireClaw,FakeOut,Protect|||M|||50|,,,,,Dark]Indeedee||ChoiceScarf|PsychicSurge|ExpandingForce,TeraBlast,Trick,Protect|||M|||50|,,,,,Fire]Tyranitar||AssaultVest|SandStream|RockSlide,KnockOff,TeraBlast,LowKick|||M|||50|,,,,,Flying]Excadrill||FocusSash|SandRush|HighHorsepower,Earthquake,IronHead,Protect|||M|||50|,,,,,Ground]Gholdengo||MetalCoat|GoodasGold|ShadowBall,Protect,MakeItRain,NastyPlot||||||50|,,,,,Water]Incineroar||SafetyGoggles|Intimidate|FakeOut,KnockOff,FlareBlitz,PartingShot|||F|||50|,,,,,Ghost
|inactive|Battle timer is ON: inactive players will automatically lose when time's up. (requested by FrancoilCieco777)
|
|t:|1757003887
|teamsize|p1|4
|teamsize|p2|4
|start
|switch|p1a: Kingambit|Kingambit, L50, F, shiny|100/100
|switch|p1b: Dragonite|Dragonite, L50, M, shiny|100/100
|switch|p2a: Excadrill|Excadrill, L50, M|100/100
|switch|p2b: Tyranitar|Tyranitar, L50, M|100/100
|-weather|Sandstorm|[from] ability: Sand Stream|[of] p2b: Tyranitar
|turn|1
|
|t:|1757003900
|switch|p1b: Rillaboom|Rillaboom, L50, F|100/100
|-fieldstart|move: Grassy Terrain|[from] ability: Grassy Surge|[of] p1b: Rillaboom
|-terastallize|p1a: Kingambit|Dark
|-terastallize|p2b: Tyranitar|Flying
|move|p2a: Excadrill|Earthquake|p1b: Rillaboom|[spread] p1a,p1b
|-immune|p2b: Tyranitar
|-resisted|p1b: Rillaboom
|-damage|p1a: Kingambit|85/100
|-damage|p1b: Rillaboom|90/100
|move|p1a: Kingambit|Swords Dance|p1a: Kingambit
|-boost|p1a: Kingambit|atk|2
|move|p2b: Tyranitar|Rock Slide|p1a: Kingambit|[spread] p1a,p1b
|-damage|p1a: Kingambit|59/100
|-damage|p1b: Rillaboom|60/100
|
|-weather|Sandstorm|[upkeep]
|-damage|p1b: Rillaboom|54/100|[from] Sandstorm
|-damage|p2b: Tyranitar|95/100|[from] Sandstorm
|-damage|p1a: Kingambit|54/100|[from] Sandstorm
|-heal|p1b: Rillaboom|60/100|[from] Grassy Terrain
|-heal|p1a: Kingambit|59/100|[from] Grassy Terrain
|upkeep
|turn|2
|
|t:|1757003921
|switch|p2b: Incineroar|Incineroar, L50, F|100/100
|-ability|p2b: Incineroar|Intimidate|boost
|-unboost|p1a: Kingambit|atk|1
|-ability|p1a: Kingambit|Defiant|boost
|-boost|p1a: Kingambit|atk|2
|-unboost|p1b: Rillaboom|atk|1
|move|p2a: Excadrill|Protect|p2a: Excadrill
|-singleturn|p2a: Excadrill|Protect
|move|p1b: Rillaboom|Fake Out|p2a: Excadrill
|-activate|p2a: Excadrill|move: Protect
|move|p1a: Kingambit|Sucker Punch||[still]
|-fail|p1a: Kingambit
|
|-weather|Sandstorm|[upkeep]
|-damage|p1b: Rillaboom|54/100|[from] Sandstorm
|-damage|p1a: Kingambit|54/100|[from] Sandstorm
|-heal|p1b: Rillaboom|60/100|[from] Grassy Terrain
|-heal|p1a: Kingambit|59/100|[from] Grassy Terrain
|upkeep
|turn|3
|inactive|JuanGuerrero09 has 30 seconds left.
|inactive|FrancoilCieco777 has 30 seconds left.
|inactive|JuanGuerrero09 has 20 seconds left.
|inactive|JuanGuerrero09 has 15 seconds left.
|
|t:|1757003963
|move|p1a: Kingambit|Protect|p1a: Kingambit
|-singleturn|p1a: Kingambit|Protect
|move|p2a: Excadrill|High Horsepower|p1a: Kingambit
|-activate|p1a: Kingambit|move: Protect
|move|p1b: Rillaboom|Wood Hammer|p2a: Excadrill
|-damage|p2a: Excadrill|34/100
|-damage|p1b: Rillaboom|39/100|[from] Recoil
|move|p2b: Incineroar|Parting Shot|p1b: Rillaboom
|-unboost|p1b: Rillaboom|atk|1
|-unboost|p1b: Rillaboom|spa|1
|
|t:|1757003977
|switch|p2b: Sneasler|Sneasler, L50, M|100/100|[from] Parting Shot
|
|-weather|Sandstorm|[upkeep]
|-damage|p2b: Sneasler|95/100|[from] Sandstorm
|-damage|p1b: Rillaboom|33/100|[from] Sandstorm
|-damage|p1a: Kingambit|54/100|[from] Sandstorm
|-heal|p2a: Excadrill|40/100|[from] Grassy Terrain
|-heal|p2b: Sneasler|100/100|[from] Grassy Terrain
|-heal|p1b: Rillaboom|39/100|[from] Grassy Terrain
|-heal|p1a: Kingambit|59/100|[from] Grassy Terrain
|upkeep
|turn|4
|
|t:|1757003999
|switch|p1b: Dragonite|Dragonite, L50, M, shiny|100/100
|move|p1a: Kingambit|Sucker Punch|p2b: Sneasler
|-resisted|p2b: Sneasler
|-crit|p2b: Sneasler
|-damage|p2b: Sneasler|0 fnt
|faint|p2b: Sneasler
|move|p2a: Excadrill|Iron Head|p1b: Dragonite
|-damage|p1b: Dragonite|75/100
|
|-weather|Sandstorm|[upkeep]
|-damage|p1b: Dragonite|69/100|[from] Sandstorm
|-damage|p1a: Kingambit|54/100|[from] Sandstorm
|-heal|p2a: Excadrill|46/100|[from] Grassy Terrain
|-heal|p1a: Kingambit|59/100|[from] Grassy Terrain
|upkeep
|
|t:|1757004010
|switch|p2b: Tyranitar|Tyranitar, L50, M, tera:Flying|95/100
|turn|5
|
|t:|1757004020
|move|p1a: Kingambit|Sucker Punch|p2b: Tyranitar
|-damage|p2b: Tyranitar|0 fnt
|faint|p2b: Tyranitar
|move|p2a: Excadrill|Earthquake|p1a: Kingambit|[spread] p1a
|-immune|p1b: Dragonite
|-damage|p1a: Kingambit|43/100
|move|p1b: Dragonite|Scale Shot|p2a: Excadrill
|-resisted|p2a: Excadrill
|-damage|p2a: Excadrill|35/100
|-resisted|p2a: Excadrill
|-damage|p2a: Excadrill|25/100
|-resisted|p2a: Excadrill
|-damage|p2a: Excadrill|14/100
|-resisted|p2a: Excadrill
|-damage|p2a: Excadrill|3/100
|-resisted|p2a: Excadrill
|-damage|p2a: Excadrill|0 fnt
|faint|p2a: Excadrill
|-hitcount|p2: Excadrill|5
|-unboost|p1b: Dragonite|def|1
|-boost|p1b: Dragonite|spe|1
|
|-weather|none
|-heal|p1a: Kingambit|49/100|[from] Grassy Terrain
|-fieldend|move: Grassy Terrain
|upkeep
|-message|JuanGuerrero09 forfeited.
|raw|FrancoilCieco777's rating: 1118 → 1140(+22 for winning)
|raw|JuanGuerrero09's rating: 1070 → 1052(-18 for losing)
|
|win|FrancoilCieco777
