|j|☆thedelybird
|j|☆Trejox
|html|thedelybirdTrejox    
|uhtml|bestof|Game 2 of a best-of-3
|t:|1756496722
|gametype|doubles
|player|p1|thedelybird|blue-masters|1310
|player|p2|Trejox|102|1195
|gen|9
|tier|[Gen 9] VGC 2025 Reg H (Bo3)
|rated|
|rule|Species Clause: Limit one of each Pokémon
|rule|Item Clause: Limit 1 of each item
|clearpoke
|poke|p1|Basculegion, L50, M|
|poke|p1|Pelipper, L50, M|
|poke|p1|Archaludon, L50, F|
|poke|p1|Gholdengo, L50|
|poke|p1|Whimsicott, L50, M|
|poke|p1|Incineroar, L50, M|
|poke|p2|Lilligant-Hisui, L50, F|
|poke|p2|Torkoal, L50, M|
|poke|p2|Oranguru, L50, M|
|poke|p2|Ursaluna, L50, F|
|poke|p2|Vikavolt, L50, M|
|poke|p2|Indeedee-F, L50, F|
|teampreview|4
|showteam|p1|Basculegion||MysticWater|SwiftSwim|LastRespects,WaveCrash,AquaJet,Protect|||M|||50|,,,,,Water]Pelipper||FocusSash|Drizzle|Hurricane,WeatherBall,WideGuard,Tailwind|||M|||50|,,,,,Ghost]Archaludon||AssaultVest|Stamina|ElectroShot,BodyPress,DracoMeteor,FlashCannon|||F|||50|,,,,,Fairy]Gholdengo||MetalCoat|GoodasGold|MakeItRain,ShadowBall,NastyPlot,Protect||||||50|,,,,,Water]Whimsicott||CovertCloak|Prankster|Moonblast,Taunt,BeatUp,Tailwind|||M|||50|,,,,,Steel]Incineroar||SafetyGoggles|Intimidate|FakeOut,FlareBlitz,KnockOff,PartingShot|||M|||50|,,,,,Ghost
|showteam|p2|Lilligant-Hisui||FocusSash|Chlorophyll|SolarBlade,CloseCombat,SleepPowder,AfterYou|||F|||50|,,,,,Ghost]Torkoal||Charcoal|Drought|Eruption,EarthPower,WeatherBall,Protect|||M|||50|,,,,,Fire]Oranguru||MentalHerb|InnerFocus|Psychic,Instruct,TrickRoom,Protect|||M|||50|,,,,,Fairy]Ursaluna||FlameOrb|Guts|Facade,Earthquake,Roar,Protect|||F|||50|,,,,,Normal]Vikavolt||ChoiceSpecs|Levitate|Discharge,BugBuzz,AirSlash,VoltSwitch|||M|||50|,,,,,Electric]Indeedee-F||RockyHelmet|PsychicSurge|AlluringVoice,FollowMe,HelpingHand,TrickRoom|||F|||50|,,,,,Grass
|inactive|Battle timer is ON: inactive players will automatically lose when time's up. (requested by thedelybird)
|
|t:|1756496746
|teamsize|p1|4
|teamsize|p2|4
|start
|switch|p1a: Incineroar|Incineroar, L50, M|100/100
|switch|p1b: Gholdengo|Gholdengo, L50|100/100
|switch|p2a: Indeedee|Indeedee-F, L50, F|100/100
|switch|p2b: Ursaluna|Ursaluna, L50, F, shiny|100/100
|-ability|p1a: Incineroar|Intimidate|boost
|-unboost|p2a: Indeedee|atk|1
|-unboost|p2b: Ursaluna|atk|1
|-fieldstart|move: Psychic Terrain|[from] ability: Psychic Surge|[of] p2a: Indeedee
|turn|1
|
|t:|1756496769
|-terastallize|p2a: Indeedee|Grass
|move|p1b: Gholdengo|Make It Rain|p2b: Ursaluna|[spread] p2a,p2b
|-damage|p2a: Indeedee|46/100
|-damage|p2b: Ursaluna|54/100
|-unboost|p1b: Gholdengo|spa|1
|move|p1a: Incineroar|Knock Off|p2b: Ursaluna
|-damage|p2b: Ursaluna|18/100
|-enditem|p2b: Ursaluna|Flame Orb|[from] move: Knock Off|[of] p1a: Incineroar
|move|p2b: Ursaluna|Roar|p1a: Incineroar
|drag|p1a: Basculegion|Basculegion, L50, M|100/100
|move|p2a: Indeedee|Trick Room|p2a: Indeedee
|-fieldstart|move: Trick Room|[of] p2a: Indeedee
|
|upkeep
|turn|2
|
|t:|1756496792
|switch|p2a: Vikavolt|Vikavolt, L50, M, shiny|100/100
|-terastallize|p1b: Gholdengo|Water
|move|p2b: Ursaluna|Protect|p2b: Ursaluna
|-singleturn|p2b: Ursaluna|Protect
|move|p1a: Basculegion|Protect|p1a: Basculegion
|-singleturn|p1a: Basculegion|Protect
|move|p1b: Gholdengo|Make It Rain|p2a: Vikavolt|[spread] p2a
|-activate|p2b: Ursaluna|move: Protect
|-resisted|p2a: Vikavolt
|-damage|p2a: Vikavolt|79/100
|-unboost|p1b: Gholdengo|spa|1
|
|upkeep
|turn|3
|
|t:|1756496810
|switch|p1a: Incineroar|Incineroar, L50, M|100/100
|-ability|p1a: Incineroar|Intimidate|boost
|-unboost|p2a: Vikavolt|atk|1
|-unboost|p2b: Ursaluna|atk|1
|move|p1b: Gholdengo|Protect|p1b: Gholdengo
|-singleturn|p1b: Gholdengo|Protect
|move|p2a: Vikavolt|Discharge|p1b: Gholdengo|[spread] p1a
|-activate|p1b: Gholdengo|move: Protect
|-immune|p2b: Ursaluna
|-damage|p1a: Incineroar|51/100
|move|p2b: Ursaluna|Earthquake|p1a: Incineroar|[spread] p1a
|-activate|p1b: Gholdengo|move: Protect
|-immune|p2a: Vikavolt|[from] ability: Levitate
|-supereffective|p1a: Incineroar
|-damage|p1a: Incineroar|11/100
|
|upkeep
|turn|4
|
|t:|1756496831
|move|p1a: Incineroar|Fake Out|p2a: Vikavolt
|-hint|Psychic Terrain doesn't affect Pokémon immune to Ground.
|-damage|p2a: Vikavolt|63/100
|cant|p2a: Vikavolt|flinch
|move|p2b: Ursaluna|Earthquake|p1b: Gholdengo|[spread] p1a,p1b
|-immune|p2a: Vikavolt|[from] ability: Levitate
|-supereffective|p1a: Incineroar
|-damage|p1a: Incineroar|0 fnt
|-damage|p1b: Gholdengo|75/100
|faint|p1a: Incineroar
|move|p1b: Gholdengo|Make It Rain|p2a: Vikavolt|[spread] p2a,p2b
|-resisted|p2a: Vikavolt
|-damage|p2a: Vikavolt|47/100
|-damage|p2b: Ursaluna|0 fnt
|-unboost|p1b: Gholdengo|spa|1
|faint|p2b: Ursaluna
|
|upkeep
|
|t:|1756496846
|switch|p2b: Indeedee|Indeedee-F, L50, F, tera:Grass|46/100
|switch|p1a: Pelipper|Pelipper, L50, M|100/100
|-weather|RainDance|[from] ability: Drizzle|[of] p1a: Pelipper
|turn|5
|
|t:|1756496861
|switch|p2a: Torkoal|Torkoal, L50, M|100/100
|-weather|SunnyDay|[from] ability: Drought|[of] p2a: Torkoal
|switch|p1b: Basculegion|Basculegion, L50, M|100/100
|move|p2b: Indeedee|Follow Me|p2b: Indeedee
|-singleturn|p2b: Indeedee|move: Follow Me
|move|p1a: Pelipper|Hurricane|p2b: Indeedee
|-supereffective|p2b: Indeedee
|-damage|p2b: Indeedee|0 fnt
|faint|p2b: Indeedee
|
|-weather|SunnyDay|[upkeep]
|-fieldend|move: Trick Room
|-fieldend|move: Psychic Terrain
|upkeep
|
|t:|1756496873
|switch|p2b: Vikavolt|Vikavolt, L50, M, shiny|47/100
|turn|6
|
|t:|1756496885
|move|p2a: Torkoal|Protect|p2a: Torkoal
|-singleturn|p2a: Torkoal|Protect
|move|p1b: Basculegion|Wave Crash|p2a: Torkoal
|-activate|p2a: Torkoal|move: Protect
|move|p1a: Pelipper|Weather Ball|p2b: Vikavolt
|-supereffective|p2b: Vikavolt
|-damage|p2b: Vikavolt|0 fnt
|faint|p2b: Vikavolt
|
|-weather|SunnyDay|[upkeep]
|upkeep
|turn|7
|-message|Trejox forfeited.
|
|win|thedelybird
|l|☆Trejox
|player|p2|
||Trejox is ready for game 3.
|inactive|thedelybird has 30 seconds to confirm battle start!
