|j|☆ariel.mr_
|j|☆whoopeesucle
|html|ariel.mr_whoopeesucle    
|uhtml|bestof|Game 1 of a best-of-3
|t:|1783681929
|gametype|doubles
|player|p1|ariel.mr_|hilbert|1307
|player|p2|whoopeesucle|266|1239
|gen|9
|tier|[Gen 9 Champions] VGC 2026 Reg M-B (Bo3)
|rated|
|rule|Species Clause: Limit one of each Pokémon
|rule|Item Clause: Limit 1 of each item
|clearpoke
|poke|p1|Charizard, L50, M, shiny|
|poke|p1|Kingambit, L50, M|
|poke|p1|Sylveon, L50, M|
|poke|p1|Garchomp, L50, F|
|poke|p1|Aerodactyl, L50, M|
|poke|p1|Farigiraf, L50, F|
|poke|p2|Mawile, L50, M|
|poke|p2|Farigiraf, L50, M|
|poke|p2|Torkoal, L50, M|
|poke|p2|Vivillon, L50, F|
|poke|p2|Incineroar, L50, M|
|poke|p2|Gallade, L50, M|
|teampreview|4
|showteam|p1|Charizard||CharizarditeY|SolarPower|Protect,HeatWave,SolarBeam,WeatherBall|Modest||M|||50|]Kingambit||FocusSash|Defiant|IronHead,SuckerPunch,KowtowCleave,LowKick|Adamant||M|||50|]Sylveon||FairyFeather|Pixilate|Protect,HyperVoice,HyperBeam,QuickAttack|Modest||M|||50|]Garchomp||LifeOrb|RoughSkin|Protect,DragonClaw,Earthquake,RockSlide|Jolly||F|||50|]Aerodactyl||Aerodactylite|Unnerve|IceFang,RockSlide,Tailwind,DualWingbeat|Jolly||M|||50|]Farigiraf||SitrusBerry|ArmorTail|TrickRoom,Psychic,Thunderbolt,Roar|Bold||F|||50|
|showteam|p2|Mawile||Mawilite|HyperCutter|PlayRough,SuckerPunch,RockSlide,Protect|Brave||M|||50|]Farigiraf||SitrusBerry|ArmorTail|TwinBeam,Thunderbolt,TrickRoom,HelpingHand|Modest||M|||50|]Torkoal||Charcoal|Drought|Eruption,WeatherBall,HelpingHand,Protect|Quiet||M|||50|]Vivillon||FocusSash|CompoundEyes|RagePowder,Hurricane,SleepPowder,Protect|Timid||F|||50|]Incineroar||LifeOrb|Intimidate|FakeOut,DarkestLariat,FlareBlitz,CloseCombat|Adamant||M|||50|]Gallade||IronBall|Sharpness|SacredSword,LeafBlade,PsychoCut,TrickRoom|Brave||M|||50|
|inactive|Battle timer is ON: inactive players will automatically lose when time's up. (requested by ariel.mr_)
|inactive|ariel.mr_ has 60 seconds left.
|inactive|whoopeesucle has 60 seconds left.
|inactive|whoopeesucle has 30 seconds left.
|
|t:|1783681995
|teamsize|p1|4
|teamsize|p2|4
|start
|switch|p1a: Farigiraf|Farigiraf, L50, F|100/100
|switch|p1b: Garchomp|Garchomp, L50, F|100/100
|switch|p2a: Gallade|Gallade, L50, M|100/100
|switch|p2b: Vivillon|Vivillon, L50, F|100/100
|turn|1
|
|t:|1783682017
|move|p1b: Garchomp|Rock Slide|p2b: Vivillon|[spread] p2a,p2b
|-resisted|p2a: Gallade|1
|-supereffective|p2b: Vivillon|2
|-damage|p2a: Gallade|83/100
|-enditem|p2b: Vivillon|Focus Sash
|-damage|p2b: Vivillon|1/100
|-damage|p1b: Garchomp|90/100|[from] item: Life Orb
|cant|p2b: Vivillon|flinch
|move|p1a: Farigiraf|Psychic|p2a: Gallade
|-damage|p2a: Gallade|52/100
|move|p2a: Gallade|Trick Room|p2a: Gallade
|-fieldstart|move: Trick Room|[of] p2a: Gallade
|
|upkeep
|turn|2
|inactive|whoopeesucle has 30 seconds left.
|
|t:|1783682047
|move|p1b: Garchomp|Protect|p1b: Garchomp
|-singleturn|p1b: Garchomp|Protect
|move|p2a: Gallade|Sacred Sword|p1a: Farigiraf
|-damage|p1a: Farigiraf|46/100
|-enditem|p1a: Farigiraf|Sitrus Berry|[eat]
|-heal|p1a: Farigiraf|71/100|[from] item: Sitrus Berry
|move|p1a: Farigiraf|Thunderbolt|p2b: Vivillon
|-supereffective|p2b: Vivillon|1
|-damage|p2b: Vivillon|0 fnt
|faint|p2b: Vivillon
|
|upkeep
|inactive|whoopeesucle has 30 seconds left.
|
|t:|1783682082
|switch|p2b: Mawile|Mawile, L50, M|100/100
|turn|3
|inactive|ariel.mr_ has 30 seconds left.
|inactive|whoopeesucle has 30 seconds left.
|inactive|ariel.mr_ has 20 seconds left.
|inactive|whoopeesucle has 20 seconds left.
|inactive|whoopeesucle has 15 seconds left.
|inactive|ariel.mr_ has 15 seconds left.
|
|t:|1783682130
|detailschange|p2b: Mawile|Mawile-Mega, L50, M
|-mega|p2b: Mawile|Mawile|Mawilite
|move|p2a: Gallade|Sacred Sword|p1b: Garchomp
|-damage|p1b: Garchomp|22/100
|-damage|p2a: Gallade|40/100|[from] ability: Rough Skin|[of] p1b: Garchomp
|move|p2b: Mawile|Play Rough|p1a: Farigiraf|[miss]
|-miss|p2b: Mawile|p1a: Farigiraf
|move|p1b: Garchomp|Rock Slide|p2b: Mawile|[spread] p2a,p2b
|-resisted|p2a: Gallade|1
|-resisted|p2b: Mawile|1
|-damage|p2a: Gallade|23/100
|-damage|p2b: Mawile|89/100
|-damage|p1b: Garchomp|12/100|[from] item: Life Orb
|move|p1a: Farigiraf|Trick Room|p1a: Farigiraf
|-fieldend|move: Trick Room
|
|upkeep
|turn|4
|
|t:|1783682153
|switch|p1a: Charizard|Charizard, L50, M, shiny|100/100
|move|p1b: Garchomp|Earthquake|p2b: Mawile|[spread] p2a,p2b
|-immune|p1a: Charizard
|-supereffective|p2b: Mawile|1
|-damage|p2a: Gallade|0 fnt
|-damage|p2b: Mawile|0 fnt
|faint|p2a: Gallade
|faint|p2b: Mawile
|-damage|p1b: Garchomp|2/100|[from] item: Life Orb
|
|upkeep
|
|t:|1783682157
|switch|p2b: Incineroar|Incineroar, L50, M|100/100
|-ability|p2b: Incineroar|Intimidate|boost
|-unboost|p1a: Charizard|atk|1
|-unboost|p1b: Garchomp|atk|1
|turn|5
|
|t:|1783682181
|detailschange|p1a: Charizard|Charizard-Mega-Y, L50, M, shiny
|-mega|p1a: Charizard|Charizard|Charizardite Y
|-weather|SunnyDay|[from] ability: Drought|[of] p1a: Charizard
|move|p1b: Garchomp|Protect|p1b: Garchomp
|-singleturn|p1b: Garchomp|Protect
|move|p2b: Incineroar|Fake Out|p1b: Garchomp
|-activate|p1b: Garchomp|move: Protect
|move|p1a: Charizard|Heat Wave|p2b: Incineroar
|-resisted|p2b: Incineroar|1
|-damage|p2b: Incineroar|58/100
|
|-weather|SunnyDay|[upkeep]
|upkeep
|turn|6
|
|t:|1783682191
|move|p1b: Garchomp|Earthquake|p2b: Incineroar|[spread] p2b
|-immune|p1a: Charizard
|-supereffective|p2b: Incineroar|1
|-damage|p2b: Incineroar|0 fnt
|faint|p2b: Incineroar
|-damage|p1b: Garchomp|0 fnt|[from] item: Life Orb
|faint|p1b: Garchomp
|
|win|ariel.mr_
||ariel.mr_ is ready for game 2.
||whoopeesucle is ready for game 2.
|uhtml|next|Next: Game 2 of 3
