|j|☆Psycho_Azure
|j|☆Lamburrito
|html|Psycho_AzureLamburrito    
|uhtml|bestof|Game 1 of a best-of-3
|t:|1782252081
|gametype|doubles
|player|p1|Psycho_Azure|unknown|1000
|player|p2|Lamburrito|marlon|1072
|gen|9
|tier|[Gen 9 Champions] VGC 2026 Reg M-B (Bo3)
|rated|
|rule|Species Clause: Limit one of each Pokémon
|rule|Item Clause: Limit 1 of each item
|clearpoke
|poke|p1|Mawile, L50, F|
|poke|p1|Scrafty, L50, M|
|poke|p1|Farigiraf, L50, F|
|poke|p1|Torkoal, L50, M|
|poke|p1|Garchomp, L50, M|
|poke|p1|Gallade, L50, M|
|poke|p2|Scrafty, L50, M, shiny|
|poke|p2|Trevenant, L50, M, shiny|
|poke|p2|Reuniclus, L50, M, shiny|
|poke|p2|Blastoise, L50, M, shiny|
|poke|p2|Staraptor, L50, F, shiny|
|poke|p2|Metagross, L50|
|teampreview|4
|showteam|p1|Mawile||Mawilite|Intimidate|IronHead,PlayRough,SuckerPunch,Protect|Brave||F|||50|]Scrafty||Scraftinite|Intimidate|FakeOut,KnockOff,CloseCombat,Taunt|Brave||M|||50|]Farigiraf||SitrusBerry|ArmorTail|TrickRoom,HelpingHand,Psychic,Protect|Bold||F|||50|]Torkoal||Charcoal|Drought|Eruption,WeatherBall,EarthPower,Protect|Quiet||M|||50|]Garchomp||LifeOrb|RoughSkin|DragonClaw,StompingTantrum,RockSlide,Protect|Brave||M|||50|]Gallade||IronBall|Sharpness|PsychoCut,SacredSword,WideGuard,TrickRoom|Brave||M|||50|
|showteam|p2|Scrafty||Scraftinite|Intimidate|Crunch,DrainPunch,Coaching,Protect|Brave||M|||50|]Trevenant||KasibBerry|Harvest|Poltergeist,DrainPunch,TrickRoom,Protect|Adamant||M|||50|]Reuniclus||LifeOrb|MagicGuard|Psychic,Superpower,RainDance,TrickRoom|Quiet||M|||50|]Blastoise||Blastoisinite|Torrent|WaterSpout,DarkPulse,Protect,ShellSmash|Modest||M|||50|]Staraptor||ChoiceScarf|Intimidate|FinalGambit,DualWingbeat,CloseCombat,Tailwind|Jolly||F|||50|]Metagross||ExpertBelt|ClearBody|BulletPunch,PsychicFangs,StompingTantrum,Protect|Adamant|||||50|
|inactive|Battle timer is ON: inactive players will automatically lose when time's up. (requested by Psycho_Azure)
|inactive|Psycho_Azure has 60 seconds left.
|inactive|Lamburrito has 60 seconds left.
|inactive|Lamburrito has 30 seconds left.
|inactive|Lamburrito has 20 seconds left.
|inactive|Lamburrito has 15 seconds left.
|inactive|Lamburrito has 10 seconds left.
|inactive|Lamburrito has 5 seconds left.
|
|t:|1782252168
|teamsize|p1|4
|teamsize|p2|4
|start
|switch|p1a: Farigiraf|Farigiraf, L50, F|100/100
|switch|p1b: Torkoal|Torkoal, L50, M|100/100
|switch|p2a: Callum|Scrafty, L50, M, shiny|100/100
|switch|p2b: Bob The Blob|Reuniclus, L50, M, shiny|100/100
|-ability|p2a: Callum|Intimidate|boost
|-unboost|p1a: Farigiraf|atk|1
|-unboost|p1b: Torkoal|atk|1
|-weather|SunnyDay|[from] ability: Drought|[of] p1b: Torkoal
|turn|1
|
|t:|1782252182
|move|p1b: Torkoal|Protect|p1b: Torkoal
|-singleturn|p1b: Torkoal|Protect
|move|p2a: Callum|Crunch|p1a: Farigiraf
|-supereffective|p1a: Farigiraf|1
|-damage|p1a: Farigiraf|36/100
|-unboost|p1a: Farigiraf|def|1
|-enditem|p1a: Farigiraf|Sitrus Berry|[eat]
|-heal|p1a: Farigiraf|61/100|[from] item: Sitrus Berry
|move|p2b: Bob The Blob|Rain Dance|p2b: Bob The Blob
|-weather|RainDance
|move|p1a: Farigiraf|Trick Room|p1a: Farigiraf
|-fieldstart|move: Trick Room|[of] p1a: Farigiraf
|
|-weather|RainDance|[upkeep]
|upkeep
|turn|2
|
|t:|1782252207
|switch|p1b: Scrafty|Scrafty, L50, M|100/100
|-ability|p1b: Scrafty|Intimidate|boost
|-unboost|p2a: Callum|atk|1
|-unboost|p2b: Bob The Blob|atk|1
|move|p2b: Bob The Blob|Psychic|p1b: Scrafty
|-immune|p1b: Scrafty
|move|p2a: Callum|Crunch|p1b: Scrafty
|-resisted|p1b: Scrafty|2
|-damage|p1b: Scrafty|94/100
|move|p1a: Farigiraf|Psychic|p2b: Bob The Blob
|-resisted|p2b: Bob The Blob|1
|-damage|p2b: Bob The Blob|82/100
|
|-weather|RainDance|[upkeep]
|upkeep
|turn|3
|
|t:|1782252230
|switch|p2b: XQC|Metagross, L50|100/100
|move|p1a: Farigiraf|Helping Hand|p1b: Scrafty
|-singleturn|p1b: Scrafty|Helping Hand|[of] p1a: Farigiraf
|move|p1b: Scrafty|Knock Off|p2b: XQC
|-supereffective|p2b: XQC|1
|-damage|p2b: XQC|0 fnt
|-enditem|p2b: XQC|Expert Belt|[from] move: Knock Off|[of] p1b: Scrafty
|faint|p2b: XQC
|move|p2a: Callum|Crunch|p1a: Farigiraf
|-supereffective|p1a: Farigiraf|1
|-damage|p1a: Farigiraf|0 fnt
|faint|p1a: Farigiraf
|
|-weather|RainDance|[upkeep]
|upkeep
|
|t:|1782252247
|switch|p1a: Mawile|Mawile, L50, F|100/100
|switch|p2b: Blake|Blastoise, L50, M, shiny|100/100
|-ability|p1a: Mawile|Intimidate|boost
|-unboost|p2a: Callum|atk|1
|-unboost|p2b: Blake|atk|1
|turn|4
|
|t:|1782252269
|detailschange|p1a: Mawile|Mawile-Mega, L50, F
|-mega|p1a: Mawile|Mawile|Mawilite
|move|p2a: Callum|Protect|p2a: Callum
|-singleturn|p2a: Callum|Protect
|move|p1a: Mawile|Play Rough|p2b: Blake|[miss]
|-miss|p1a: Mawile|p2b: Blake
|move|p1b: Scrafty|Close Combat|p2a: Callum
|-activate|p2a: Callum|move: Protect
|move|p2b: Blake|Shell Smash|p2b: Blake
|-unboost|p2b: Blake|def|1
|-unboost|p2b: Blake|spd|1
|-boost|p2b: Blake|atk|2
|-boost|p2b: Blake|spa|2
|-boost|p2b: Blake|spe|2
|
|-weather|RainDance|[upkeep]
|upkeep
|turn|5
|
|t:|1782252291
|switch|p2a: Bob The Blob|Reuniclus, L50, M, shiny|82/100
|detailschange|p2b: Blake|Blastoise-Mega, L50, M, shiny
|-mega|p2b: Blake|Blastoise|Blastoisinite
|move|p2b: Blake|Protect|p2b: Blake
|-singleturn|p2b: Blake|Protect
|move|p1a: Mawile|Play Rough|p2b: Blake
|-activate|p2b: Blake|move: Protect
|move|p1b: Scrafty|Close Combat|p2a: Bob The Blob
|-resisted|p2a: Bob The Blob|1
|-damage|p2a: Bob The Blob|56/100
|-unboost|p1b: Scrafty|def|1
|-unboost|p1b: Scrafty|spd|1
|
|-weather|none
|-fieldend|move: Trick Room
|upkeep
|turn|6
|
|t:|1782252312
|switch|p2a: Callum|Scrafty, L50, M, shiny|100/100
|-ability|p2a: Callum|Intimidate|boost
|-unboost|p1a: Mawile|atk|1
|-unboost|p1b: Scrafty|atk|1
|move|p1a: Mawile|Protect|p1a: Mawile
|-singleturn|p1a: Mawile|Protect
|move|p2b: Blake|Water Spout|p1a: Mawile|[spread] p1b
|-activate|p1a: Mawile|move: Protect
|-damage|p1b: Scrafty|0 fnt
|faint|p1b: Scrafty
|
|upkeep
|
|t:|1782252323
|switch|p1b: Torkoal|Torkoal, L50, M|100/100
|-weather|SunnyDay|[from] ability: Drought|[of] p1b: Torkoal
|turn|7
|inactive|Lamburrito has 30 seconds left.
|
|t:|1782252351
|move|p2b: Blake|Protect|p2b: Blake
|-singleturn|p2b: Blake|Protect
|move|p1a: Mawile|Sucker Punch||[still]
|-fail|p1a: Mawile
|move|p2a: Callum|Crunch|p1b: Torkoal
|-damage|p1b: Torkoal|72/100
|move|p1b: Torkoal|Eruption|p2a: Callum|[spread] p2a
|-activate|p2b: Blake|move: Protect
|-damage|p2a: Callum|46/100
|
|-weather|SunnyDay|[upkeep]
|upkeep
|turn|8
|inactive|Lamburrito has 30 seconds left.
|
|t:|1782252381
|move|p1a: Mawile|Sucker Punch|p2b: Blake
|-damage|p2b: Blake|64/100
|move|p2b: Blake|Dark Pulse|p1a: Mawile
|-resisted|p1a: Mawile|1
|-damage|p1a: Mawile|50/100g
|move|p2a: Callum|Drain Punch|p1a: Mawile
|-damage|p1a: Mawile|19/100
|-heal|p2a: Callum|61/100|[from] drain|[of] p1a: Mawile
|move|p1b: Torkoal|Earth Power|p2b: Blake
|-damage|p2b: Blake|34/100
|
|-weather|SunnyDay|[upkeep]
|upkeep
|turn|9
|
|t:|1782252401
|move|p1a: Mawile|Sucker Punch|p2b: Blake
|-damage|p2b: Blake|0 fnt
|faint|p2b: Blake
|move|p2a: Callum|Drain Punch|p1a: Mawile
|-damage|p1a: Mawile|0 fnt
|-heal|p2a: Callum|71/100|[from] drain|[of] p1a: Mawile
|faint|p1a: Mawile
|move|p1b: Torkoal|Weather Ball|p2a: Callum
|-damage|p2a: Callum|0 fnt
|faint|p2a: Callum
|
|-weather|SunnyDay|[upkeep]
|upkeep
|
|t:|1782252409
|switch|p2a: Bob The Blob|Reuniclus, L50, M, shiny|56/100
|turn|10
|
|t:|1782252415
|move|p2a: Bob The Blob|Rain Dance|p2a: Bob The Blob
|-weather|RainDance
|move|p1b: Torkoal|Earth Power|p2a: Bob The Blob
|-damage|p2a: Bob The Blob|29/100
|
|-weather|RainDance|[upkeep]
|upkeep
|turn|11
|
|t:|1782252421
|move|p2a: Bob The Blob|Psychic|p1b: Torkoal
|-damage|p1b: Torkoal|0 fnt
|faint|p1b: Torkoal
|
|win|Lamburrito
||Psycho_Azure is ready for game 2.
