|j|☆exessvgc
|j|☆breloomb01
|html|exessvgcbreloomb01    
|uhtml|bestof|Game 2 of a best-of-3
|t:|1783347753
|gametype|doubles
|player|p1|exessvgc|170|1339
|player|p2|breloomb01|roughneck|1287
|gen|9
|tier|[Gen 9 Champions] VGC 2026 Reg M-B (Bo3)
|rated|
|rule|Species Clause: Limit one of each Pokémon
|rule|Item Clause: Limit 1 of each item
|clearpoke
|poke|p1|Charizard, L50, F|
|poke|p1|Sneasler, L50, F|
|poke|p1|Farigiraf, L50, M|
|poke|p1|Aerodactyl, L50, M|
|poke|p1|Sylveon, L50, F|
|poke|p1|Venusaur, L50, F|
|poke|p2|Gengar, L50, M, shiny|
|poke|p2|Swampert, L50, F, shiny|
|poke|p2|Incineroar, L50, M, shiny|
|poke|p2|Politoed, L50, M, shiny|
|poke|p2|Archaludon, L50, F, shiny|
|poke|p2|Vivillon-Polar, L50, F|
|teampreview|4
|showteam|p1|Charizard||CharizarditeX|Blaze|DragonDance,DragonClaw,FlareBlitz,Protect|Jolly||F|||50|]Sneasler||WhiteHerb|Unburden|FakeOut,Protect,CloseCombat,DireClaw|Jolly||F|||50|]Farigiraf||SitrusBerry|ArmorTail|TrickRoom,PsychicNoise,HelpingHand,Thunderbolt|Bold||M|||50|]Aerodactyl||FocusSash|Unnerve|RockSlide,Tailwind,SunnyDay,Taunt|Jolly||M|||50|]Sylveon||FairyFeather|Pixilate|HyperVoice,HyperBeam,Protect,ShadowBall|Modest||F|||50|]Venusaur||WideLens|Chlorophyll|GigaDrain,EarthPower,SleepPowder,Protect|Modest||F|||50|
|showteam|p2|Gengar||Gengarite|CursedBody|ShadowBall,PerishSong,SludgeBomb,Protect|Timid||M|||50|]Swampert||Swampertite|Torrent|WaveCrash,Earthquake,IcePunch,Protect|Adamant||F|||50|]Incineroar||PasshoBerry|Intimidate|ThroatChop,PartingShot,FakeOut,Protect|Sassy||M|||50|]Politoed||SitrusBerry|Drizzle|WeatherBall,PerishSong,Encore,Protect|Calm||M|||50|]Archaludon||Leftovers|Stamina|DragonPulse,FlashCannon,ElectroShot,Protect|Bold||F|||50|]Vivillon-Polar||FocusSash|CompoundEyes|Hurricane,SleepPowder,RagePowder,Protect|Timid||F|||50|
|
|t:|1783347797
|teamsize|p1|4
|teamsize|p2|4
|start
|switch|p1a: DINOSAUVO|Aerodactyl, L50, M|100/100
|switch|p1b: IL COACH|Sneasler, L50, F|100/100
|switch|p2a: Incineroar|Incineroar, L50, M, shiny|100/100
|switch|p2b: Gengar|Gengar, L50, M, shiny|100/100
|-ability|p1a: DINOSAUVO|Unnerve
|-ability|p2a: Incineroar|Intimidate|boost
|-unboost|p1a: DINOSAUVO|atk|1
|-unboost|p1b: IL COACH|atk|1
|-enditem|p1b: IL COACH|White Herb
|-clearnegativeboost|p1b: IL COACH|[silent]
|turn|1
|
|t:|1783347818
|detailschange|p2b: Gengar|Gengar-Mega, L50, M, shiny
|-mega|p2b: Gengar|Gengar|Gengarite
|move|p1b: IL COACH|Fake Out|p2a: Incineroar
|-damage|p2a: Incineroar|89/100
|cant|p2a: Incineroar|flinch
|move|p1a: DINOSAUVO|Taunt|p2b: Gengar
|-start|p2b: Gengar|move: Taunt
|cant|p2b: Gengar|move: Taunt|Perish Song
|
|upkeep
|turn|2
|
|t:|1783347837
|move|p2a: Incineroar|Protect|p2a: Incineroar
|-singleturn|p2a: Incineroar|Protect
|move|p1b: IL COACH|Close Combat|p2a: Incineroar
|-activate|p2a: Incineroar|move: Protect
|move|p1a: DINOSAUVO|Rock Slide|p2b: Gengar|[spread] p2b
|-activate|p2a: Incineroar|move: Protect
|-damage|p2b: Gengar|80/100
|cant|p2b: Gengar|flinch
|
|upkeep
|turn|3
|
|t:|1783347851
|switch|p2a: Politoed|Politoed, L50, M, shiny|100/100
|-weather|RainDance|[from] ability: Drizzle|[of] p2a: Politoed
|move|p1b: IL COACH|Close Combat|p2a: Politoed
|-damage|p2a: Politoed|46/100
|-unboost|p1b: IL COACH|def|1
|-unboost|p1b: IL COACH|spd|1
|move|p1a: DINOSAUVO|Rock Slide|p2b: Gengar|[spread] p2a,p2b
|-damage|p2a: Politoed|31/100
|-damage|p2b: Gengar|62/100
|move|p2b: Gengar|Shadow Ball|p1b: IL COACH
|-damage|p1b: IL COACH|15/100
|
|-weather|RainDance|[upkeep]
|-end|p2b: Gengar|move: Taunt
|upkeep
|turn|4
|
|t:|1783347878
|switch|p2a: Incineroar|Incineroar, L50, M, shiny|89/100
|-ability|p2a: Incineroar|Intimidate|boost
|-unboost|p1a: DINOSAUVO|atk|1
|-unboost|p1b: IL COACH|atk|1
|move|p1b: IL COACH|Close Combat|p2a: Incineroar
|-supereffective|p2a: Incineroar|1
|-damage|p2a: Incineroar|19/100
|-unboost|p1b: IL COACH|def|1
|-unboost|p1b: IL COACH|spd|1
|move|p1a: DINOSAUVO|Taunt|p2b: Gengar
|-start|p2b: Gengar|move: Taunt
|move|p2b: Gengar|Shadow Ball|p1b: IL COACH
|-damage|p1b: IL COACH|0 fnt
|faint|p1b: IL COACH
|
|-weather|RainDance|[upkeep]
|upkeep
|
|t:|1783347903
|switch|p1b: Frank|Venusaur, L50, F|100/100
|turn|5
|
|t:|1783347914
|move|p2a: Incineroar|Fake Out|p1b: Frank
|-damage|p1b: Frank|85/100
|move|p1a: DINOSAUVO|Taunt|p2a: Incineroar
|-start|p2a: Incineroar|move: Taunt
|move|p2b: Gengar|Sludge Bomb|p1b: Frank
|-damage|p1b: Frank|30/100
|cant|p1b: Frank|flinch
|
|-weather|RainDance|[upkeep]
|upkeep
|turn|6
|
|t:|1783347937
|move|p1a: DINOSAUVO|Rock Slide|p2a: Incineroar|[spread] p2a,p2b
|-supereffective|p2a: Incineroar|1
|-damage|p2a: Incineroar|0 fnt
|-damage|p2b: Gengar|46/100
|faint|p2a: Incineroar
|move|p2b: Gengar|Sludge Bomb|p1b: Frank
|-damage|p1b: Frank|0 fnt
|faint|p1b: Frank
|
|-weather|RainDance|[upkeep]
|-end|p2b: Gengar|move: Taunt
|upkeep
|
|t:|1783347944
|switch|p1b: Marianela|Sylveon, L50, F|100/100
|switch|p2a: Vivillon|Vivillon-Polar, L50, F|100/100
|turn|7
|
|t:|1783347970
|move|p1b: Marianela|Protect|p1b: Marianela
|-singleturn|p1b: Marianela|Protect
|move|p1a: DINOSAUVO|Taunt|p2a: Vivillon
|-start|p2a: Vivillon|move: Taunt
|move|p2b: Gengar|Sludge Bomb|p1b: Marianela
|-activate|p1b: Marianela|move: Protect
|cant|p2a: Vivillon|move: Taunt|Sleep Powder
|
|-weather|none
|upkeep
|turn|8
|
|t:|1783347995
|move|p1a: DINOSAUVO|Tailwind|p1a: DINOSAUVO
|-sidestart|p1: exessvgc|move: Tailwind
|move|p1b: Marianela|Shadow Ball|p2b: Gengar
|-supereffective|p2b: Gengar|1
|-damage|p2b: Gengar|0 fnt
|faint|p2b: Gengar
|move|p2a: Vivillon|Hurricane|p1b: Marianela
|-damage|p1b: Marianela|67/100
|
|upkeep
|
|t:|1783347997
|switch|p2b: Politoed|Politoed, L50, M, shiny|31/100
|-weather|RainDance|[from] ability: Drizzle|[of] p2b: Politoed
|turn|9
|
|t:|1783348007
|move|p1a: DINOSAUVO|Rock Slide|p2a: Vivillon|[spread] p2a,p2b
|-supereffective|p2a: Vivillon|2
|-damage|p2a: Vivillon|1/100
|-damage|p2b: Politoed|19/100
|move|p1b: Marianela|Hyper Voice|p2b: Politoed|[spread] p2a,p2b
|-damage|p2a: Vivillon|0 fnt
|-damage|p2b: Politoed|0 fnt
|faint|p2a: Vivillon
|faint|p2b: Politoed
|
|win|exessvgc
||breloomb01 is ready for game 3.
||exessvgc is ready for game 3.
|uhtml|next|Next: Game 3 of 3
|l|☆breloomb01
|player|p2|
