|j|☆homerj71
|j|☆KatKraydel
|html|homerj71KatKraydel    
|uhtml|bestof|Game 1 of a best-of-3
|t:|1785346686
|gametype|doubles
|player|p1|homerj71|101|
|player|p2|KatKraydel|lebanne|
|gen|9
|tier|[Gen 9 Champions] VGC 2026 Reg M-B (Bo3)
|rule|Species Clause: Limit one of each Pokémon
|rule|Item Clause: Limit 1 of each item
|clearpoke
|poke|p1|Tyranitar, L50, F|
|poke|p1|Staraptor, L50, M|
|poke|p1|Gholdengo, L50|
|poke|p1|Excadrill, L50, F|
|poke|p1|Sinistcha, L50|
|poke|p1|Milotic, L50, M|
|poke|p2|Ninetales-Alola, L50, M|
|poke|p2|Whimsicott, L50, F|
|poke|p2|Kingambit, L50, M|
|poke|p2|Hawlucha, L50, M|
|poke|p2|Ceruledge, L50, F|
|poke|p2|Floette-Eternal, L50, F|
|teampreview|4
|showteam|p1|Tyranitar||Tyranitarite|SandStream|KnockOff,LowKick,RockSlide,Protect|Jolly||F|||50|]Staraptor||Staraptite|Intimidate|BraveBird,CloseCombat,Tailwind,Protect|Jolly||M|||50|]Gholdengo||LifeOrb|GoodasGold|MakeItRain,NastyPlot,ShadowBall,Protect|Modest|||||50|]Excadrill||FocusSash|SandRush|RockSlide,HighHorsepower,IronHead,Protect|Adamant||F|||50|]Sinistcha||SitrusBerry|Hospitality|MatchaGotcha,RagePowder,ShadowBall,Protect|Bold|||||50|]Milotic||Leftovers|Competitive|Scald,IcyWind,IceBeam,Protect|Calm||M|||50|
|showteam|p2|Ninetales-Alola||NeverMeltIce|SnowWarning|Blizzard,FreezeDry,Disable,Protect|Timid||M|||50|]Whimsicott||FocusSash|Prankster|Moonblast,Tailwind,Encore,Protect|Timid||F|||50|]Kingambit||LifeOrb|Defiant|KowtowCleave,SuckerPunch,IronHead,Protect|Adamant||M|||50|]Hawlucha||Hawluchanite|MoldBreaker|CloseCombat,BraveBird,StoneEdge,Protect|Adamant||M|||50|]Ceruledge||ColburBerry|FlashFire|BitterBlade,ShadowSneak,BulkUp,Protect|Adamant||F|||50|]Floette-Eternal||Floettite|FlowerVeil|Moonblast,DazzlingGleam,LightofRuin,Protect|Modest||F|||50|
|inactive|Battle timer is ON: inactive players will automatically lose when time's up. (requested by homerj71)
|inactive|homerj71 has 60 seconds left.
|
|t:|1785346730
|teamsize|p1|4
|teamsize|p2|4
|start
|switch|p1a: Tyranitar|Tyranitar, L50, F|100/100
|switch|p1b: Excadrill|Excadrill, L50, F|100/100
|switch|p2a: Bounce Man|Whimsicott, L50, F|100/100
|switch|p2b: Porcelain|Kingambit, L50, M|100/100
|-weather|Sandstorm|[from] ability: Sand Stream|[of] p1a: Tyranitar
|turn|1
|
|t:|1785346754
|detailschange|p1a: Tyranitar|Tyranitar-Mega, L50, F
|-mega|p1a: Tyranitar|Tyranitar|Tyranitarite
|move|p2a: Bounce Man|Tailwind|p2a: Bounce Man
|-sidestart|p2: KatKraydel|move: Tailwind
|move|p1b: Excadrill|Iron Head|p2a: Bounce Man
|-supereffective|p2a: Bounce Man|1
|-enditem|p2a: Bounce Man|Focus Sash
|-damage|p2a: Bounce Man|1/100
|move|p2b: Porcelain|Iron Head|p1a: Tyranitar
|-supereffective|p1a: Tyranitar|1
|-damage|p1a: Tyranitar|10/100
|-damage|p2b: Porcelain|90/100|[from] item: Life Orb
|cant|p1a: Tyranitar|flinch
|
|-weather|Sandstorm|[upkeep]
|-damage|p2a: Bounce Man|0 fnt|[from] Sandstorm
|faint|p2a: Bounce Man
|upkeep
|
|t:|1785346769
|switch|p2a: Midwest Indigo|Ninetales-Alola, L50, M|100/100
|-weather|Snowscape|[from] ability: Snow Warning|[of] p2a: Midwest Indigo
|turn|2
|
|t:|1785346779
|move|p1a: Tyranitar|Protect|p1a: Tyranitar
|-singleturn|p1a: Tyranitar|Protect
|move|p2a: Midwest Indigo|Blizzard|p1a: Tyranitar|[spread] p1b
|-activate|p1a: Tyranitar|move: Protect
|-damage|p1b: Excadrill|52/100
|move|p2b: Porcelain|Kowtow Cleave|p1b: Excadrill
|-damage|p1b: Excadrill|0 fnt
|faint|p1b: Excadrill
|-damage|p2b: Porcelain|80/100|[from] item: Life Orb
|
|-weather|Snowscape|[upkeep]
|upkeep
|
|t:|1785346789
|switch|p1b: Sinistcha|Sinistcha, L50|100/100
|-heal|p1a: Tyranitar|35/100|[from] ability: Hospitality|[of] p1b: Sinistcha
|turn|3
|
|t:|1785346804
|switch|p2b: expectations|Hawlucha, L50, M|100/100
|-ability|p2b: expectations|Mold Breaker
|switch|p1a: Gholdengo|Gholdengo, L50|100/100
|move|p1b: Sinistcha|Rage Powder|p1b: Sinistcha
|-singleturn|p1b: Sinistcha|move: Rage Powder
|move|p2a: Midwest Indigo|Blizzard|p1a: Gholdengo|[spread] p1a,p1b
|-resisted|p1a: Gholdengo|1
|-supereffective|p1b: Sinistcha|1
|-damage|p1a: Gholdengo|78/100
|-damage|p1b: Sinistcha|26/100
|-enditem|p1b: Sinistcha|Sitrus Berry|[eat]
|-heal|p1b: Sinistcha|51/100|[from] item: Sitrus Berry
|
|-weather|Snowscape|[upkeep]
|upkeep
|turn|4
|inactive|KatKraydel has 30 seconds left.
|
|t:|1785346830
|detailschange|p2b: expectations|Hawlucha-Mega, L50, M
|-mega|p2b: expectations|Hawlucha|Hawluchanite
|move|p2b: expectations|Protect|p2b: expectations
|-singleturn|p2b: expectations|Protect
|move|p1b: Sinistcha|Rage Powder|p1b: Sinistcha
|-singleturn|p1b: Sinistcha|move: Rage Powder
|move|p2a: Midwest Indigo|Disable|p1b: Sinistcha
|-start|p1b: Sinistcha|Disable|Rage Powder
|move|p1a: Gholdengo|Nasty Plot|p1a: Gholdengo
|-boost|p1a: Gholdengo|spa|2
|
|-weather|Snowscape|[upkeep]
|-sideend|p2: KatKraydel|move: Tailwind
|upkeep
|turn|5
|
|t:|1785346846
|switch|p2b: Porcelain|Kingambit, L50, M|80/100
|switch|p1b: Tyranitar|Tyranitar-Mega, L50, F|35/100
|-weather|Sandstorm|[from] ability: Sand Stream|[of] p1b: Tyranitar
|move|p2a: Midwest Indigo|Blizzard|p1a: Gholdengo|[spread] p1b
|-miss|p2a: Midwest Indigo|p1a: Gholdengo
|-damage|p1b: Tyranitar|15/100
|move|p1a: Gholdengo|Make It Rain|p2a: Midwest Indigo|[spread] p2a,p2b
|-supereffective|p2a: Midwest Indigo|2
|-resisted|p2b: Porcelain|1
|-damage|p2a: Midwest Indigo|0 fnt
|-damage|p2b: Porcelain|6/100
|-unboost|p1a: Gholdengo|spa|2
|faint|p2a: Midwest Indigo
|-damage|p1a: Gholdengo|69/100|[from] item: Life Orb
|
|-weather|Sandstorm|[upkeep]
|upkeep
|
|t:|1785346851
|switch|p2a: expectations|Hawlucha-Mega, L50, M|100/100
|turn|6
|
|t:|1785346866
|move|p1a: Gholdengo|Protect|p1a: Gholdengo
|-singleturn|p1a: Gholdengo|Protect
|move|p2b: Porcelain|Protect|p2b: Porcelain
|-singleturn|p2b: Porcelain|Protect
|move|p2a: expectations|Brave Bird|p1b: Tyranitar
|-resisted|p1b: Tyranitar|1
|-damage|p1b: Tyranitar|0 fnt
|faint|p1b: Tyranitar
|-damage|p2a: expectations|93/100|[from] Recoil
|
|-weather|Sandstorm|[upkeep]
|-damage|p2a: expectations|87/100|[from] Sandstorm
|upkeep
|
|t:|1785346872
|switch|p1b: Sinistcha|Sinistcha, L50|51/100
|-heal|p1a: Gholdengo|94/100|[from] ability: Hospitality|[of] p1b: Sinistcha
|turn|7
|
|t:|1785346891
|move|p2b: Porcelain|Protect||[still]
|-fail|p2b: Porcelain
|move|p1b: Sinistcha|Rage Powder|p1b: Sinistcha
|-singleturn|p1b: Sinistcha|move: Rage Powder
|move|p2a: expectations|Brave Bird|p1b: Sinistcha
|-supereffective|p1b: Sinistcha|1
|-damage|p1b: Sinistcha|0 fnt
|faint|p1b: Sinistcha
|-damage|p2a: expectations|68/100|[from] Recoil
|move|p1a: Gholdengo|Make It Rain|p2a: expectations|[spread] p2a,p2b
|-resisted|p2b: Porcelain|1
|-damage|p2a: expectations|0 fnt
|-damage|p2b: Porcelain|0 fnt
|-unboost|p1a: Gholdengo|spa|2
|faint|p2a: expectations
|faint|p2b: Porcelain
|-damage|p1a: Gholdengo|84/100|[from] item: Life Orb
|
|win|homerj71
