|j|☆OdeioPeugeot
|j|☆blazikenisgoated
|html|OdeioPeugeotblazikenisgoated    
|uhtml|bestof|Game 1 of a best-of-3
|t:|1783346012
|gametype|doubles
|player|p1|OdeioPeugeot|swimmer-gen4dp|1150
|player|p2|blazikenisgoated|169|1032
|gen|9
|tier|[Gen 9 Champions] VGC 2026 Reg M-B (Bo3)
|rated|
|rule|Species Clause: Limit one of each Pokémon
|rule|Item Clause: Limit 1 of each item
|clearpoke
|poke|p1|Kingambit, L50, F|
|poke|p1|Charizard, L50, M|
|poke|p1|Aerodactyl, L50, F|
|poke|p1|Farigiraf, L50, M|
|poke|p1|Garchomp, L50, F|
|poke|p1|Sylveon, L50, F|
|poke|p2|Froslass, L50, F|
|poke|p2|Incineroar, L50, F|
|poke|p2|Sinistcha, L50|
|poke|p2|Gengar, L50, M|
|poke|p2|Archaludon, L50, M|
|poke|p2|Politoed, L50, F|
|teampreview|4
|showteam|p1|Kingambit||FocusSash|Defiant|KowtowCleave,IronHead,SuckerPunch,LowKick|Adamant||F|||50|]Charizard||CharizarditeY|Blaze|HeatWave,SolarBeam,WeatherBall,Protect|Modest||M|||50|]Aerodactyl||Aerodactylite|Unnerve|RockSlide,DualWingbeat,IceFang,Tailwind|Jolly||F|||50|]Farigiraf||SitrusBerry|ArmorTail|Psychic,Thunderbolt,TrickRoom,Roar|Bold||M|||50|]Garchomp||LifeOrb|RoughSkin|Earthquake,DragonClaw,StompingTantrum,Protect|Jolly||F|||50|]Sylveon||FairyFeather|Pixilate|HyperVoice,HyperBeam,QuickAttack,Protect|Modest||F|||50|
|showteam|p2|Froslass||Froslassite|SnowCloak|Blizzard,AuroraVeil,RainDance,Protect|Timid||F|||50|]Incineroar||PasshoBerry|Intimidate|FakeOut,ThroatChop,PartingShot,Protect|Relaxed||F|||50|]Sinistcha||ColburBerry|Hospitality|MatchaGotcha,TrickRoom,RagePowder,Protect|Bold|||||50|]Gengar||Gengarite|CursedBody|ShadowBall,Disable,PerishSong,Protect|Timid||M|||50|]Archaludon||Leftovers|Stamina|ElectroShot,DragonPulse,FlashCannon,Protect|Serious||M|||50|]Politoed||SitrusBerry|Drizzle|WeatherBall,PerishSong,Encore,Protect|Calm||F|||50|
|inactive|Battle timer is ON: inactive players will automatically lose when time's up. (requested by OdeioPeugeot)
|inactive|OdeioPeugeot has 60 seconds left.
|inactive|OdeioPeugeot has 30 seconds left.
|
|t:|1783346073
|teamsize|p1|4
|teamsize|p2|4
|start
|switch|p1a: Kingambit|Kingambit, L50, F|100/100
|switch|p1b: Aerodactyl|Aerodactyl, L50, F|100/100
|switch|p2a: Archaludon|Archaludon, L50, M|100/100
|switch|p2b: Incineroar|Incineroar, L50, F|100/100
|-ability|p1b: Aerodactyl|Unnerve
|-ability|p2b: Incineroar|Intimidate|boost
|-unboost|p1a: Kingambit|atk|1
|-ability|p1a: Kingambit|Defiant|boost
|-boost|p1a: Kingambit|atk|2
|-unboost|p1b: Aerodactyl|atk|1
|turn|1
|inactive|blazikenisgoated has 30 seconds left.
|inactive|OdeioPeugeot has 30 seconds left.
|inactive|blazikenisgoated has 20 seconds left.
|
|t:|1783346109
|move|p2b: Incineroar|Fake Out|p1a: Kingambit
|-resisted|p1a: Kingambit|1
|-damage|p1a: Kingambit|95/100
|move|p1b: Aerodactyl|Tailwind|p1b: Aerodactyl
|-sidestart|p1: OdeioPeugeot|move: Tailwind
|cant|p1a: Kingambit|flinch
|move|p2a: Archaludon|Flash Cannon|p1b: Aerodactyl
|-supereffective|p1b: Aerodactyl|1
|-damage|p1b: Aerodactyl|6/100
|
|upkeep
|turn|2
|
|t:|1783346129
|switch|p1b: Garchomp|Garchomp, L50, F|100/100
|switch|p2b: Politoed|Politoed, L50, F|100/100
|-weather|RainDance|[from] ability: Drizzle|[of] p2b: Politoed
|move|p1a: Kingambit|Low Kick|p2b: Politoed
|-damage|p2b: Politoed|69/100
|move|p2a: Archaludon|Electro Shot||[still]
|-prepare|p2a: Archaludon|Electro Shot
|-boost|p2a: Archaludon|spa|1
|-anim|p2a: Archaludon|Electro Shot|p1b: Garchomp
|-immune|p1b: Garchomp
|
|-weather|RainDance|[upkeep]
|upkeep
|turn|3
|inactive|blazikenisgoated has 30 seconds left.
|
|t:|1783346159
|move|p1b: Garchomp|Stomping Tantrum|p2a: Archaludon
|-supereffective|p2a: Archaludon|1
|-damage|p2a: Archaludon|28/100
|-ability|p2a: Archaludon|Stamina|boost
|-boost|p2a: Archaludon|def|1
|-damage|p1b: Garchomp|90/100|[from] item: Life Orb
|move|p1a: Kingambit|Kowtow Cleave|p2b: Politoed
|-damage|p2b: Politoed|4/100
|-enditem|p2b: Politoed|Sitrus Berry|[eat]
|-heal|p2b: Politoed|29/100|[from] item: Sitrus Berry
|move|p2a: Archaludon|Dragon Pulse|p1b: Garchomp
|-supereffective|p1b: Garchomp|1
|-damage|p1b: Garchomp|0 fnt
|faint|p1b: Garchomp
|move|p2b: Politoed|Weather Ball|p1a: Kingambit
|-damage|p1a: Kingambit|34/100
|
|-weather|RainDance|[upkeep]
|-heal|p2a: Archaludon|35/100|[from] item: Leftovers
|upkeep
|
|t:|1783346164
|switch|p1b: Charizard|Charizard, L50, M|100/100
|turn|4
|inactive|blazikenisgoated has 30 seconds left.
|inactive|blazikenisgoated has 20 seconds left.
|
|t:|1783346200
|switch|p2b: Incineroar|Incineroar, L50, F|100/100
|-ability|p2b: Incineroar|Intimidate|boost
|-unboost|p1a: Kingambit|atk|1
|-ability|p1a: Kingambit|Defiant|boost
|-boost|p1a: Kingambit|atk|2
|-unboost|p1b: Charizard|atk|1
|detailschange|p1b: Charizard|Charizard-Mega-Y, L50, M
|-mega|p1b: Charizard|Charizard|Charizardite Y
|-weather|SunnyDay|[from] ability: Drought|[of] p1b: Charizard
|move|p2a: Archaludon|Protect|p2a: Archaludon
|-singleturn|p2a: Archaludon|Protect
|move|p1b: Charizard|Heat Wave|p2a: Archaludon|[spread] p2b
|-activate|p2a: Archaludon|move: Protect
|-resisted|p2b: Incineroar|1
|-damage|p2b: Incineroar|72/100
|move|p1a: Kingambit|Low Kick|p2b: Incineroar
|-supereffective|p2b: Incineroar|1
|-damage|p2b: Incineroar|0 fnt
|faint|p2b: Incineroar
|
|-weather|SunnyDay|[upkeep]
|-heal|p2a: Archaludon|41/100|[from] item: Leftovers
|-sideend|p1: OdeioPeugeot|move: Tailwind
|upkeep
|inactive|blazikenisgoated has 30 seconds left.
|
|t:|1783346231
|switch|p2b: Politoed|Politoed, L50, F|29/100
|-weather|RainDance|[from] ability: Drizzle|[of] p2b: Politoed
|turn|5
|
|t:|1783346246
|switch|p1b: Aerodactyl|Aerodactyl, L50, F|6/100
|-ability|p1b: Aerodactyl|Unnerve
|move|p1a: Kingambit|Sucker Punch|p2b: Politoed
|-damage|p2b: Politoed|0 fnt
|faint|p2b: Politoed
|move|p2a: Archaludon|Electro Shot||[still]
|-prepare|p2a: Archaludon|Electro Shot
|-boost|p2a: Archaludon|spa|1
|-anim|p2a: Archaludon|Electro Shot|p1a: Kingambit
|-damage|p1a: Kingambit|0 fnt
|faint|p1a: Kingambit
|
|-weather|RainDance|[upkeep]
|-heal|p2a: Archaludon|47/100|[from] item: Leftovers
|upkeep
|
|t:|1783346263
|switch|p1a: Charizard|Charizard-Mega-Y, L50, M|100/100
|switch|p2b: Gengar|Gengar, L50, M|100/100
|-weather|SunnyDay|[from] ability: Drought|[of] p1a: Charizard
|turn|6
|inactive|blazikenisgoated has 30 seconds left.
|inactive|blazikenisgoated has 20 seconds left.
|inactive|blazikenisgoated has 15 seconds left.
|
|t:|1783346304
|detailschange|p2b: Gengar|Gengar-Mega, L50, M
|-mega|p2b: Gengar|Gengar|Gengarite
|move|p2a: Archaludon|Protect|p2a: Archaludon
|-singleturn|p2a: Archaludon|Protect
|move|p1b: Aerodactyl|Tailwind|p1b: Aerodactyl
|-sidestart|p1: OdeioPeugeot|move: Tailwind
|move|p1a: Charizard|Heat Wave|p2a: Archaludon|[spread] p2b
|-activate|p2a: Archaludon|move: Protect
|-damage|p2b: Gengar|18/100
|move|p2b: Gengar|Shadow Ball|p1b: Aerodactyl
|-damage|p1b: Aerodactyl|0 fnt
|faint|p1b: Aerodactyl
|
|-weather|SunnyDay|[upkeep]
|-heal|p2a: Archaludon|53/100|[from] item: Leftovers
|upkeep
|turn|7
|inactive|blazikenisgoated has 30 seconds left.
|
|t:|1783346331
|move|p1a: Charizard|Weather Ball|p2a: Archaludon
|-damage|p2a: Archaludon|0 fnt
|faint|p2a: Archaludon
|move|p2b: Gengar|Disable|p1a: Charizard
|-start|p1a: Charizard|Disable|Weather Ball
|
|-weather|SunnyDay|[upkeep]
|upkeep
|turn|8
|
|t:|1783346339
|move|p1a: Charizard|Heat Wave|p2b: Gengar
|-damage|p2b: Gengar|0 fnt
|faint|p2b: Gengar
|
|win|OdeioPeugeot
|l|☆blazikenisgoated
|player|p2|
||OdeioPeugeot is ready for game 2.
|raw|OdeioPeugeot's rating: 1150 → 1167(+17 for winning)
|raw|blazikenisgoated's rating: 1032 → 1022(-10 for losing)
