|j|☆No.1AnicredibleFan
|j|☆buaa
|html|No.1AnicredibleFanbuaa    
|uhtml|bestof|Game 3 of a best-of-3
|t:|1756423889
|gametype|doubles
|player|p1|No.1AnicredibleFan|hilbert|1067
|player|p2|buaa|1|1124
|gen|9
|tier|[Gen 9] VGC 2025 Reg H (Bo3)
|rated|
|rule|Species Clause: Limit one of each Pokémon
|rule|Item Clause: Limit 1 of each item
|clearpoke
|poke|p1|Baxcalibur, L50, F|
|poke|p1|Ursaluna-Bloodmoon, L50, M|
|poke|p1|Farigiraf, L50, M|
|poke|p1|Murkrow, L50, F|
|poke|p1|Arcanine-Hisui, L50, M|
|poke|p1|Amoonguss, L50, F|
|poke|p2|Vivillon, L50, M|
|poke|p2|Gholdengo, L50|
|poke|p2|Porygon2, L50|
|poke|p2|Primarina, L50, M|
|poke|p2|Garchomp, L50, M|
|poke|p2|Incineroar, L50, M|
|teampreview|4
|showteam|p1|Baxcalibur||LoadedDice|ThermalExchange|Protect,SwordsDance,ScaleShot,IcicleSpear|||F|||50|,,,,,Poison]Ursaluna-Bloodmoon||LifeOrb|MindsEye|Protect,EarthPower,HyperVoice,BloodMoon|||M|||50|,,,,,Normal]Farigiraf||ThroatSpray|ArmorTail|Protect,TrickRoom,HyperVoice,Psychic|||M|||50|,,,,,Grass]Murkrow||Eviolite|Prankster|Protect,Tailwind,Snarl,Haze|||F|||50|,,,,,Ghost]Arcanine-Hisui||ChoiceBand|Intimidate|FlareBlitz,RockSlide,ExtremeSpeed,WildCharge|||M|||50|,,,,,Grass]Amoonguss||SitrusBerry|Regenerator|Protect,RagePowder,PollenPuff,Spore|||F|||50|,,,,,Water
|showteam|p2|Vivillon||FocusSash|CompoundEyes|Hurricane,SleepPowder,Protect,Tailwind|||M|||50|,,,,,Ghost]Gholdengo||MetalCoat|GoodasGold|MakeItRain,ShadowBall,Protect,NastyPlot||||||50|,,,,,Dragon]Porygon2||Eviolite|Download|TeraBlast,IceBeam,TrickRoom,Recover||||||50|,,,,,Fighting]Primarina||ThroatSpray|LiquidVoice|HyperVoice,Moonblast,Protect,Haze|||M|||50|,,,,,Grass]Garchomp||LifeOrb|RoughSkin|DragonClaw,StompingTantrum,Earthquake,Protect|||M|||50|,,,,,Steel]Incineroar||SafetyGoggles|Intimidate|FakeOut,KnockOff,FlareBlitz,PartingShot|||M|||50|,,,,,Water
|
|t:|1756423917
|teamsize|p1|4
|teamsize|p2|4
|start
|switch|p1a: Amoonguss|Amoonguss, L50, F|100/100
|switch|p1b: Baxcalibur|Baxcalibur, L50, F|100/100
|switch|p2a: Garchomp|Garchomp, L50, M|100/100
|switch|p2b: Porygon2|Porygon2, L50|100/100
|-ability|p2b: Porygon2|Download|boost
|-boost|p2b: Porygon2|spa|1
|turn|1
|
|t:|1756423942
|-terastallize|p2a: Garchomp|Steel
|-terastallize|p1a: Amoonguss|Water
|move|p1b: Baxcalibur|Protect|p1b: Baxcalibur
|-singleturn|p1b: Baxcalibur|Protect
|move|p2a: Garchomp|Dragon Claw|p1b: Baxcalibur
|-activate|p1b: Baxcalibur|move: Protect
|move|p2b: Porygon2|Ice Beam|p1a: Amoonguss
|-resisted|p1a: Amoonguss
|-damage|p1a: Amoonguss|83/100
|-status|p1a: Amoonguss|frz
|cant|p1a: Amoonguss|frz
|
|upkeep
|turn|2
|
|t:|1756423973
|switch|p1b: Arcanine|Arcanine-Hisui, L50, M|100/100
|-ability|p1b: Arcanine|Intimidate|boost
|-unboost|p2a: Garchomp|atk|1
|-unboost|p2b: Porygon2|atk|1
|move|p2a: Garchomp|Dragon Claw|p1b: Arcanine
|-damage|p1b: Arcanine|61/100
|-damage|p2a: Garchomp|91/100|[from] item: Life Orb
|move|p2b: Porygon2|Tera Blast|p1a: Amoonguss
|-damage|p1a: Amoonguss|40/100 frz
|-enditem|p1a: Amoonguss|Sitrus Berry|[eat]
|-heal|p1a: Amoonguss|65/100 frz|[from] item: Sitrus Berry
|cant|p1a: Amoonguss|frz
|
|upkeep
|turn|3
|
|t:|1756423996
|switch|p1b: Farigiraf|Farigiraf, L50, M|100/100
|move|p2a: Garchomp|Protect|p2a: Garchomp
|-singleturn|p2a: Garchomp|Protect
|move|p2b: Porygon2|Tera Blast|p1b: Farigiraf
|-damage|p1b: Farigiraf|55/100
|cant|p1a: Amoonguss|frz
|
|upkeep
|turn|4
|
|t:|1756424026
|switch|p1a: Arcanine|Arcanine-Hisui, L50, M|61/100
|-ability|p1a: Arcanine|Intimidate|boost
|-unboost|p2a: Garchomp|atk|1
|-unboost|p2b: Porygon2|atk|1
|move|p2a: Garchomp|Dragon Claw|p1a: Arcanine
|-damage|p1a: Arcanine|30/100
|-damage|p2a: Garchomp|81/100|[from] item: Life Orb
|move|p2b: Porygon2|Tera Blast|p1a: Arcanine
|-resisted|p1a: Arcanine
|-damage|p1a: Arcanine|0 fnt
|faint|p1a: Arcanine
|move|p1b: Farigiraf|Trick Room|p1b: Farigiraf
|-fieldstart|move: Trick Room|[of] p1b: Farigiraf
|
|upkeep
|
|t:|1756424039
|switch|p1a: Amoonguss|Amoonguss, L50, F, tera:Water|99/100 frz
|turn|5
|
|t:|1756424048
|move|p2a: Garchomp|Protect|p2a: Garchomp
|-singleturn|p2a: Garchomp|Protect
|cant|p1a: Amoonguss|frz
|move|p2b: Porygon2|Tera Blast|p1b: Farigiraf
|-damage|p1b: Farigiraf|4/100
|move|p1b: Farigiraf|Hyper Voice|p2a: Garchomp|[spread] p2b
|-activate|p2a: Garchomp|move: Protect
|-damage|p2b: Porygon2|83/100
|-enditem|p1b: Farigiraf|Throat Spray
|-boost|p1b: Farigiraf|spa|1|[from] item: Throat Spray
|
|upkeep
|turn|6
|
|t:|1756424085
|move|p1b: Farigiraf|Protect|p1b: Farigiraf
|-singleturn|p1b: Farigiraf|Protect
|cant|p1a: Amoonguss|frz
|move|p2b: Porygon2|Tera Blast|p1b: Farigiraf
|-activate|p1b: Farigiraf|move: Protect
|move|p2a: Garchomp|Earthquake|p1b: Farigiraf|[spread] p2b,p1a
|-activate|p1b: Farigiraf|move: Protect
|-damage|p2b: Porygon2|69/100
|-damage|p1a: Amoonguss|79/100 frz
|-damage|p2a: Garchomp|71/100|[from] item: Life Orb
|
|upkeep
|turn|7
|
|t:|1756424107
|switch|p1b: Baxcalibur|Baxcalibur, L50, F|100/100
|cant|p1a: Amoonguss|frz
|move|p2b: Porygon2|Tera Blast|p1b: Baxcalibur
|-damage|p1b: Baxcalibur|48/100
|move|p2a: Garchomp|Earthquake|p1b: Baxcalibur|[spread] p2b,p1a,p1b
|-damage|p2b: Porygon2|55/100
|-damage|p1a: Amoonguss|59/100 frz
|-damage|p1b: Baxcalibur|30/100
|-damage|p2a: Garchomp|62/100|[from] item: Life Orb
|
|upkeep
|turn|8
|
|t:|1756424127
|switch|p2a: Incineroar|Incineroar, L50, M|100/100
|-ability|p2a: Incineroar|Intimidate|boost
|-unboost|p1a: Amoonguss|atk|1
|-unboost|p1b: Baxcalibur|atk|1
|move|p1b: Baxcalibur|Protect|p1b: Baxcalibur
|-singleturn|p1b: Baxcalibur|Protect
|cant|p1a: Amoonguss|frz
|move|p2b: Porygon2|Recover|p2b: Porygon2
|-heal|p2b: Porygon2|100/100
|
|-fieldend|move: Trick Room
|upkeep
|turn|9
|
|t:|1756424148
|move|p1b: Baxcalibur|Swords Dance|p1b: Baxcalibur
|-boost|p1b: Baxcalibur|atk|2
|move|p2a: Incineroar|Knock Off|p1b: Baxcalibur
|-damage|p1b: Baxcalibur|2/100
|-enditem|p1b: Baxcalibur|Loaded Dice|[from] move: Knock Off|[of] p2a: Incineroar
|move|p2b: Porygon2|Tera Blast|p1a: Amoonguss
|-damage|p1a: Amoonguss|15/100 frz
|cant|p1a: Amoonguss|frz
|
|upkeep
|turn|10
|
|t:|1756424169
|cant|p1a: Amoonguss|frz
|move|p1b: Baxcalibur|Scale Shot|p2a: Incineroar
|-damage|p2a: Incineroar|84/100
|-damage|p2a: Incineroar|67/100
|-damage|p2a: Incineroar|49/100
|-damage|p2a: Incineroar|31/100
|-hitcount|p2a: Incineroar|4
|-unboost|p1b: Baxcalibur|def|1
|-boost|p1b: Baxcalibur|spe|1
|move|p2a: Incineroar|Knock Off|p1a: Amoonguss
|-damage|p1a: Amoonguss|0 fnt
|faint|p1a: Amoonguss
|move|p2b: Porygon2|Tera Blast|p1b: Baxcalibur
|-damage|p1b: Baxcalibur|0 fnt
|faint|p1b: Baxcalibur
|
|upkeep
|
|t:|1756424183
|switch|p1b: Farigiraf|Farigiraf, L50, M|4/100
|turn|11
|
|t:|1756424191
|move|p1b: Farigiraf|Hyper Voice|p2b: Porygon2|[spread] p2a,p2b
|-damage|p2a: Incineroar|7/100
|-damage|p2b: Porygon2|83/100
|move|p2a: Incineroar|Knock Off|p1b: Farigiraf
|-supereffective|p1b: Farigiraf
|-damage|p1b: Farigiraf|0 fnt
|faint|p1b: Farigiraf
|
|win|buaa
|raw|No.1AnicredibleFan's rating: 1067 → 1050(-17 for losing)
|raw|buaa's rating: 1124 → 1145(+21 for winning)
|l|☆buaa
|player|p2|
