|j|☆Sinho77
|j|☆Andrea Pirlo 2
|html|Sinho77Andrea Pirlo 2    
|uhtml|bestof|Game 3 of a best-of-3
|t:|1782415158
|gametype|doubles
|player|p1|Sinho77|tate|1231
|player|p2|Andrea Pirlo 2|volkner|1335
|gen|9
|tier|[Gen 9 Champions] VGC 2026 Reg M-B (Bo3)
|rated|
|rule|Species Clause: Limit one of each Pokémon
|rule|Item Clause: Limit 1 of each item
|clearpoke
|poke|p1|Swampert, L50, F|
|poke|p1|Pelipper, L50, M|
|poke|p1|Rotom-Heat, L50|
|poke|p1|Kingambit, L50, M|
|poke|p1|Venusaur, L50, F|
|poke|p1|Dragonite, L50, M|
|poke|p2|Swampert, L50, M|
|poke|p2|Pelipper, L50, M|
|poke|p2|Archaludon, L50, M|
|poke|p2|Sneasler, L50, M|
|poke|p2|Gholdengo, L50|
|poke|p2|Sableye, L50, M|
|teampreview|4
|showteam|p1|Swampert||Swampertite|Torrent|Earthquake,WaveCrash,Protect,IcePunch|Adamant||F|||50|]Pelipper||SitrusBerry|Drizzle|Hurricane,WeatherBall,Tailwind,Protect|Bold||M|||50|]Rotom-Heat||Leftovers|Levitate|Overheat,VoltSwitch,WillOWisp,Protect|Bold|||||50|]Kingambit||BlackGlasses|Defiant|KowtowCleave,SuckerPunch,IronHead,Protect|Adamant||M|||50|]Venusaur||FocusSash|Chlorophyll|EnergyBall,SludgeBomb,SleepPowder,Protect|Modest||F|||50|]Dragonite||Dragoninite|Multiscale|DragonPulse,Hurricane,Thunderbolt,Protect|Modest||M|||50|
|showteam|p2|Swampert||Swampertite|Torrent|HighHorsepower,WaveCrash,IcePunch,Protect|Adamant||M|||50|]Pelipper||LifeOrb|Drizzle|WeatherBall,Hurricane,Tailwind,Protect|Modest||M|||50|]Archaludon||Leftovers|Stamina|ElectroShot,DragonPulse,FlashCannon,Protect|Modest||M|||50|]Sneasler||FocusSash|Unburden|CloseCombat,DireClaw,FakeOut,Protect|Jolly||M|||50|]Gholdengo||MetalCoat|GoodasGold|MakeItRain,ShadowBall,NastyPlot,Protect|Timid|||||50|]Sableye||RoseliBerry|Prankster|Encore,WillOWisp,LightScreen,RainDance|Calm||M|||50|
|inactive|Battle timer is ON: inactive players will automatically lose when time's up. (requested by Andrea Pirlo 2)
|
|t:|1782415193
|teamsize|p1|4
|teamsize|p2|4
|start
|switch|p1a: Swampert|Swampert, L50, F|100/100
|switch|p1b: Pelipper|Pelipper, L50, M|100/100
|switch|p2a: Swampert|Swampert, L50, M|100/100
|switch|p2b: Pelipper|Pelipper, L50, M|100/100
|-weather|RainDance|[from] ability: Drizzle|[of] p1b: Pelipper
|turn|1
|
|t:|1782415205
|detailschange|p1a: Swampert|Swampert-Mega, L50, F
|-mega|p1a: Swampert|Swampert|Swampertite
|detailschange|p2a: Swampert|Swampert-Mega, L50, M
|-mega|p2a: Swampert|Swampert|Swampertite
|move|p1a: Swampert|Protect|p1a: Swampert
|-singleturn|p1a: Swampert|Protect
|move|p2a: Swampert|Wave Crash|p1a: Swampert
|-activate|p1a: Swampert|move: Protect
|move|p1b: Pelipper|Tailwind|p1b: Pelipper
|-sidestart|p1: Sinho77|move: Tailwind
|move|p2b: Pelipper|Tailwind|p2b: Pelipper
|-sidestart|p2: Andrea Pirlo 2|move: Tailwind
|
|-weather|RainDance|[upkeep]
|upkeep
|turn|2
|
|t:|1782415224
|switch|p1a: Venusaur|Venusaur, L50, F|100/100
|switch|p2b: Archaludon|Archaludon, L50, M|100/100
|move|p2a: Swampert|Wave Crash|p1a: Venusaur
|-resisted|p1a: Venusaur|1
|-damage|p1a: Venusaur|40/100
|-damage|p2a: Swampert|81/100|[from] Recoil
|move|p1b: Pelipper|Weather Ball|p2a: Swampert
|-damage|p2a: Swampert|40/100
|
|-weather|RainDance|[upkeep]
|upkeep
|turn|3
|inactive|Sinho77 has 30 seconds left.
|inactive|Sinho77 has 20 seconds left.
|inactive|Sinho77 has 15 seconds left.
|inactive|Sinho77 has 10 seconds left.
|inactive|Sinho77 has 5 seconds left.
|
|t:|1782415276
|switch|p1a: Rotom|Rotom-Heat, L50|100/100
|move|p1b: Pelipper|Protect|p1b: Pelipper
|-singleturn|p1b: Pelipper|Protect
|move|p2a: Swampert|Wave Crash|p1b: Pelipper
|-activate|p1b: Pelipper|move: Protect
|move|p2b: Archaludon|Dragon Pulse|p1b: Pelipper
|-activate|p1b: Pelipper|move: Protect
|
|-weather|RainDance|[upkeep]
|upkeep
|turn|4
|inactive|Sinho77 has 30 seconds left.
|
|t:|1782415307
|switch|p1b: Venusaur|Venusaur, L50, F|40/100
|move|p2a: Swampert|Wave Crash|p1a: Rotom
|-supereffective|p1a: Rotom|1
|-damage|p1a: Rotom|0 fnt
|faint|p1a: Rotom
|-damage|p2a: Swampert|16/100|[from] Recoil
|move|p2b: Archaludon|Electro Shot||[still]
|-prepare|p2b: Archaludon|Electro Shot
|-boost|p2b: Archaludon|spa|1
|-anim|p2b: Archaludon|Electro Shot|p1b: Venusaur
|-resisted|p1b: Venusaur|1
|-damage|p1b: Venusaur|9/100
|
|-weather|RainDance|[upkeep]
|-sideend|p1: Sinho77|move: Tailwind
|-sideend|p2: Andrea Pirlo 2|move: Tailwind
|upkeep
|
|t:|1782415319
|switch|p1a: Swampert|Swampert-Mega, L50, F|100/100
|turn|5
|
|t:|1782415336
|switch|p1b: Pelipper|Pelipper, L50, M|100/100
|move|p1a: Swampert|Earthquake|p2b: Archaludon|[spread] p2a,p2b
|-immune|p1b: Pelipper
|-supereffective|p2b: Archaludon|1
|-damage|p2a: Swampert|0 fnt
|-damage|p2b: Archaludon|34/100
|-ability|p2b: Archaludon|Stamina|boost
|-boost|p2b: Archaludon|def|1
|faint|p2a: Swampert
|move|p2b: Archaludon|Dragon Pulse|p1b: Pelipper
|-damage|p1b: Pelipper|24/100
|-enditem|p1b: Pelipper|Sitrus Berry|[eat]
|-heal|p1b: Pelipper|49/100|[from] item: Sitrus Berry
|
|-weather|none
|-heal|p2b: Archaludon|40/100|[from] item: Leftovers
|upkeep
|
|t:|1782415354
|switch|p2a: Gholdengo|Gholdengo, L50|100/100
|turn|6
|inactive|Sinho77 has 30 seconds left.
|
|t:|1782415383
|move|p2b: Archaludon|Protect|p2b: Archaludon
|-singleturn|p2b: Archaludon|Protect
|move|p2a: Gholdengo|Nasty Plot|p2a: Gholdengo
|-boost|p2a: Gholdengo|spa|2
|move|p1a: Swampert|Earthquake|p2b: Archaludon|[spread] p2a
|-activate|p2b: Archaludon|move: Protect
|-immune|p1b: Pelipper
|-supereffective|p2a: Gholdengo|1
|-damage|p2a: Gholdengo|6/100
|move|p1b: Pelipper|Tailwind|p1b: Pelipper
|-sidestart|p1: Sinho77|move: Tailwind
|
|-heal|p2b: Archaludon|46/100|[from] item: Leftovers
|upkeep
|turn|7
|
|t:|1782415407
|move|p2a: Gholdengo|Protect|p2a: Gholdengo
|-singleturn|p2a: Gholdengo|Protect
|move|p1a: Swampert|Earthquake|p2b: Archaludon|[spread] p2b
|-activate|p2a: Gholdengo|move: Protect
|-immune|p1b: Pelipper
|-supereffective|p2b: Archaludon|1
|-damage|p2b: Archaludon|0 fnt
|faint|p2b: Archaludon
|move|p1b: Pelipper|Hurricane|p2a: Gholdengo
|-activate|p2a: Gholdengo|move: Protect
|
|upkeep
|-message|Andrea Pirlo 2 forfeited.
|raw|Sinho77's rating: 1231 → 1263(+32 for winning)
|raw|Andrea Pirlo 2's rating: 1335 → 1309(-26 for losing)
|
|win|Sinho77
