|j|☆iliteratepineapple
|j|☆hungry hillo
|html|iliteratepineapplehungry hillo    
|uhtml|bestof|Game 3 of a best-of-3
|t:|1757624947
|gametype|doubles
|player|p1|iliteratepineapple|169|
|player|p2|hungry hillo|n|
|gen|9
|tier|[Gen 9] VGC 2025 Reg H (Bo3)
|rule|Species Clause: Limit one of each Pokémon
|rule|Item Clause: Limit 1 of each item
|clearpoke
|poke|p1|Hydreigon, L50, M|
|poke|p1|Murkrow, L50, M|
|poke|p1|Gholdengo, L50|
|poke|p1|Clefable, L50, M|
|poke|p1|Gothitelle, L50, M|
|poke|p1|Garganacl, L50, F|
|poke|p2|Rillaboom, L50, F|
|poke|p2|Dondozo, L50, F|
|poke|p2|Incineroar, L50, M|
|poke|p2|Clefairy, L50, M|
|poke|p2|Hydreigon, L50, F|
|poke|p2|Gholdengo, L50|
|teampreview|4
|showteam|p1|Hydreigon||LifeOrb|Levitate|DarkPulse,DracoMeteor,HeatWave,Snarl|||M|||50|,,,,,Ghost]Murkrow||Eviolite|Prankster|DualWingbeat,Tailwind,Haze,Protect|||M|||50|,,,,,Ghost]Gholdengo||ChoiceSpecs|GoodasGold|MakeItRain,ShadowBall,Thunderbolt,SteelBeam||||||50|,,,,,Steel]Clefable||RockyHelmet|Unaware|Moonblast,StealthRock,FollowMe,Protect|||M|||50|,,,,,Ghost]Gothitelle||SitrusBerry|ShadowTag|ExpandingForce,FakeOut,Taunt,Protect|||M|||50|,,,,,Water]Garganacl||Leftovers|PurifyingSalt|SaltCure,WideGuard,Recover,Protect|||F|||50|,,,,,Bug
|showteam|p2|Rillaboom||AssaultVest|GrassySurge|FakeOut,WoodHammer,GrassyGlide,Uturn|||F|||50|,,,,,Water]Dondozo||Leftovers|Unaware|Protect,StompingTantrum,WaveCrash,Yawn|||F|||50|,,,,,Grass]Incineroar||SitrusBerry|Intimidate|FakeOut,KnockOff,FlareBlitz,PartingShot|||M|||50|,,,,,Fire]Clefairy||Eviolite|FriendGuard|AfterYou,FollowMe,Protect,LifeDew|||M|||50|,,,,,Normal]Hydreigon||SafetyGoggles|Levitate|DarkPulse,DracoMeteor,Protect,Tailwind|||F|||50|,,,,,Ghost]Gholdengo||LifeOrb|GoodasGold|MakeItRain,ShadowBall,NastyPlot,Protect||||||50|,,,,,Water
|
|t:|1757624977
|teamsize|p1|4
|teamsize|p2|4
|start
|switch|p1a: Garganacl|Garganacl, L50, F|100/100
|switch|p1b: Gothitelle|Gothitelle, L50, M|100/100
|switch|p2a: Clefairy|Clefairy, L50, M|100/100
|switch|p2b: Gholdengo|Gholdengo, L50|100/100
|turn|1
|
|t:|1757625018
|-terastallize|p1a: Garganacl|Bug
|move|p2a: Clefairy|Protect|p2a: Clefairy
|-singleturn|p2a: Clefairy|Protect
|move|p2b: Gholdengo|Nasty Plot|p2b: Gholdengo
|-boost|p2b: Gholdengo|spa|2
|move|p1b: Gothitelle|Taunt|p2a: Clefairy
|-activate|p2a: Clefairy|move: Protect
|move|p1a: Garganacl|Salt Cure|p2b: Gholdengo
|-resisted|p2b: Gholdengo
|-damage|p2b: Gholdengo|95/100
|-start|p2b: Gholdengo|Salt Cure
|
|-damage|p2b: Gholdengo|70/100|[from] Salt Cure
|upkeep
|turn|2
|
|t:|1757625064
|move|p1b: Gothitelle|Protect|p1b: Gothitelle
|-singleturn|p1b: Gothitelle|Protect
|move|p1a: Garganacl|Protect|p1a: Garganacl
|-singleturn|p1a: Garganacl|Protect
|move|p2b: Gholdengo|Shadow Ball|p1b: Gothitelle
|-activate|p1b: Gothitelle|move: Protect
|move|p2a: Clefairy|After You|p2b: Gholdengo
|-immune|p2b: Gholdengo|[from] ability: Good as Gold
|
|-damage|p2b: Gholdengo|45/100|[from] Salt Cure
|upkeep
|turn|3
|
|t:|1757625086
|switch|p1b: Hydreigon|Hydreigon, L50, M|100/100
|move|p2a: Clefairy|Protect|p2a: Clefairy
|-singleturn|p2a: Clefairy|Protect
|move|p1a: Garganacl|Wide Guard|p1a: Garganacl
|-singleturn|p1a: Garganacl|Wide Guard
|move|p2b: Gholdengo|Shadow Ball|p1b: Hydreigon
|-resisted|p1b: Hydreigon
|-damage|p1b: Hydreigon|44/100
|-unboost|p1b: Hydreigon|spd|1
|-damage|p2b: Gholdengo|36/100|[from] item: Life Orb
|
|-damage|p2b: Gholdengo|11/100|[from] Salt Cure
|upkeep
|turn|4
|
|t:|1757625138
|switch|p2a: Incineroar|Incineroar, L50, M|100/100
|-ability|p2a: Incineroar|Intimidate|boost
|-unboost|p1a: Garganacl|atk|1
|-unboost|p1b: Hydreigon|atk|1
|move|p1a: Garganacl|Wide Guard|p1a: Garganacl
|-singleturn|p1a: Garganacl|Wide Guard
|move|p1b: Hydreigon|Snarl|p2a: Incineroar|[spread] p2a,p2b
|-resisted|p2a: Incineroar
|-supereffective|p2b: Gholdengo
|-damage|p2a: Incineroar|87/100
|-damage|p2b: Gholdengo|0 fnt
|-unboost|p2a: Incineroar|spa|1
|faint|p2b: Gholdengo
|-damage|p1b: Hydreigon|34/100|[from] item: Life Orb
|
|upkeep
|
|t:|1757625147
|switch|p2b: Dondozo|Dondozo, L50, F|100/100
|turn|5
|
|t:|1757625179
|switch|p1a: Clefable|Clefable, L50, M, shiny|100/100
|move|p2a: Incineroar|Fake Out|p1a: Clefable
|-damage|p1a: Clefable|91/100
|-damage|p2a: Incineroar|71/100|[from] item: Rocky Helmet|[of] p1a: Clefable
|move|p1b: Hydreigon|Draco Meteor|p2a: Incineroar
|-damage|p2a: Incineroar|0 fnt
|-unboost|p1b: Hydreigon|spa|2
|faint|p2a: Incineroar
|-damage|p1b: Hydreigon|25/100|[from] item: Life Orb
|move|p2b: Dondozo|Yawn|p1b: Hydreigon
|-start|p1b: Hydreigon|move: Yawn|[of] p2b: Dondozo
|
|upkeep
|
|t:|1757625186
|switch|p2a: Clefairy|Clefairy, L50, M|100/100
|turn|6
|
|t:|1757625202
|switch|p1b: Garganacl|Garganacl, L50, F, tera:Bug|100/100
|move|p1a: Clefable|Protect|p1a: Clefable
|-singleturn|p1a: Clefable|Protect
|move|p2a: Clefairy|Follow Me|p2a: Clefairy
|-singleturn|p2a: Clefairy|move: Follow Me
|move|p2b: Dondozo|Yawn|p1a: Clefable
|-activate|p1a: Clefable|move: Protect
|
|upkeep
|turn|7
|
|t:|1757625214
|move|p1a: Clefable|Follow Me|p1a: Clefable
|-singleturn|p1a: Clefable|move: Follow Me
|move|p2a: Clefairy|Follow Me|p2a: Clefairy
|-singleturn|p2a: Clefairy|move: Follow Me
|move|p1b: Garganacl|Salt Cure|p2a: Clefairy
|-damage|p2a: Clefairy|85/100
|-start|p2a: Clefairy|Salt Cure
|move|p2b: Dondozo|Yawn|p1a: Clefable
|-start|p1a: Clefable|move: Yawn|[of] p2b: Dondozo
|
|-damage|p2a: Clefairy|73/100|[from] Salt Cure
|upkeep
|turn|8
|
|t:|1757625225
|switch|p1a: Gothitelle|Gothitelle, L50, M|100/100
|move|p2b: Dondozo|Protect|p2b: Dondozo
|-singleturn|p2b: Dondozo|Protect
|move|p2a: Clefairy|Protect|p2a: Clefairy
|-singleturn|p2a: Clefairy|Protect
|move|p1b: Garganacl|Salt Cure|p2b: Dondozo
|-activate|p2b: Dondozo|move: Protect
|
|-damage|p2a: Clefairy|60/100|[from] Salt Cure
|upkeep
|turn|9
|
|t:|1757625240
|move|p2a: Clefairy|Protect||[still]
|-fail|p2a: Clefairy
|move|p1a: Gothitelle|Fake Out|p2a: Clefairy
|-damage|p2a: Clefairy|55/100
|move|p1b: Garganacl|Salt Cure|p2b: Dondozo
|-damage|p2b: Dondozo|93/100
|-start|p2b: Dondozo|Salt Cure
|move|p2b: Dondozo|Yawn|p1a: Gothitelle
|-start|p1a: Gothitelle|move: Yawn|[of] p2b: Dondozo
|
|-heal|p2b: Dondozo|99/100|[from] item: Leftovers
|-damage|p2b: Dondozo|75/100|[from] Salt Cure
|-damage|p2a: Clefairy|42/100|[from] Salt Cure
|upkeep
|turn|10
|
|t:|1757625270
|switch|p1a: Clefable|Clefable, L50, M, shiny|91/100
|move|p1b: Garganacl|Salt Cure|p2a: Clefairy
|-damage|p2a: Clefairy|28/100
|move|p2b: Dondozo|Yawn|p1a: Clefable
|-start|p1a: Clefable|move: Yawn|[of] p2b: Dondozo
|move|p2a: Clefairy|Life Dew|p2a: Clefairy|[spread] p2a,p2b
|-heal|p2a: Clefairy|53/100
|-heal|p2b: Dondozo|99/100
|
|-heal|p2b: Dondozo|100/100|[from] item: Leftovers
|-damage|p2b: Dondozo|75/100|[from] Salt Cure
|-damage|p2a: Clefairy|41/100|[from] Salt Cure
|upkeep
|turn|11
|
|t:|1757625288
|switch|p1a: Gothitelle|Gothitelle, L50, M|100/100
|move|p1b: Garganacl|Salt Cure|p2a: Clefairy
|-damage|p2a: Clefairy|25/100
|move|p2b: Dondozo|Wave Crash|p1b: Garganacl
|-damage|p1b: Garganacl|73/100
|-damage|p2b: Dondozo|68/100|[from] Recoil
|move|p2a: Clefairy|Life Dew|p2a: Clefairy|[spread] p2a,p2b
|-heal|p2a: Clefairy|50/100
|-heal|p2b: Dondozo|93/100
|
|-heal|p1b: Garganacl|79/100|[from] item: Leftovers
|-heal|p2b: Dondozo|99/100|[from] item: Leftovers
|-damage|p2b: Dondozo|74/100|[from] Salt Cure
|-damage|p2a: Clefairy|37/100|[from] Salt Cure
|upkeep
|turn|12
|
|t:|1757625306
|move|p1a: Gothitelle|Protect|p1a: Gothitelle
|-singleturn|p1a: Gothitelle|Protect
|move|p1b: Garganacl|Protect|p1b: Garganacl
|-singleturn|p1b: Garganacl|Protect
|move|p2a: Clefairy|Protect|p2a: Clefairy
|-singleturn|p2a: Clefairy|Protect
|move|p2b: Dondozo|Yawn|p1a: Gothitelle
|-activate|p1a: Gothitelle|move: Protect
|
|-heal|p1b: Garganacl|85/100|[from] item: Leftovers
|-heal|p2b: Dondozo|81/100|[from] item: Leftovers
|-damage|p2b: Dondozo|56/100|[from] Salt Cure
|-damage|p2a: Clefairy|25/100|[from] Salt Cure
|upkeep
|turn|13
|
|t:|1757625323
|move|p1a: Gothitelle|Taunt|p2a: Clefairy
|-start|p2a: Clefairy|move: Taunt
|move|p1b: Garganacl|Salt Cure|p2b: Dondozo
|-damage|p2b: Dondozo|49/100
|move|p2b: Dondozo|Wave Crash|p1a: Gothitelle
|-damage|p1a: Gothitelle|64/100
|-damage|p2b: Dondozo|40/100|[from] Recoil
|cant|p2a: Clefairy|move: Taunt|Life Dew
|
|-heal|p1b: Garganacl|90/100|[from] item: Leftovers
|-heal|p2b: Dondozo|47/100|[from] item: Leftovers
|-damage|p2b: Dondozo|22/100|[from] Salt Cure
|-damage|p2a: Clefairy|12/100|[from] Salt Cure
|upkeep
|turn|14
|
|t:|1757625340
|move|p1a: Gothitelle|Expanding Force|p2b: Dondozo
|-damage|p2b: Dondozo|8/100
|move|p1b: Garganacl|Salt Cure|p2b: Dondozo
|-damage|p2b: Dondozo|2/100
|move|p2b: Dondozo|Wave Crash|p1a: Gothitelle
|-damage|p1a: Gothitelle|25/100
|-enditem|p1a: Gothitelle|Sitrus Berry|[eat]
|-heal|p1a: Gothitelle|50/100|[from] item: Sitrus Berry
|-damage|p2b: Dondozo|0 fnt|[from] Recoil
|faint|p2b: Dondozo
|-activate|p2a: Clefairy|move: Struggle
|move|p2a: Clefairy|Struggle|p1b: Garganacl
|-damage|p1b: Garganacl|87/100
|-damage|p2a: Clefairy|0 fnt|[from] recoil
|faint|p2a: Clefairy
|
|win|iliteratepineapple
