|j|☆Colonelpaco
|j|☆willypetez
|html|Colonelpacowillypetez    
|uhtml|bestof|Game 1 of a best-of-3
|t:|1757771424
|gametype|doubles
|player|p1|Colonelpaco|2|1094
|player|p2|willypetez|265|1000
|gen|9
|tier|[Gen 9] VGC 2025 Reg H (Bo3)
|rated|
|rule|Species Clause: Limit one of each Pokémon
|rule|Item Clause: Limit 1 of each item
|clearpoke
|poke|p1|Sneasler, L50, M|
|poke|p1|Dragapult, L50, F|
|poke|p1|Primarina, L50, F|
|poke|p1|Rillaboom, L50, M|
|poke|p1|Kingambit, L50, F|
|poke|p1|Magmar, L50, F|
|poke|p2|Arcanine-Hisui, L50, F|
|poke|p2|Whimsicott, L50, M|
|poke|p2|Sneasler, L50, F|
|poke|p2|Dragonite, L50, M|
|poke|p2|Kingambit, L50, F|
|poke|p2|Ursaluna-Bloodmoon, L50, M|
|teampreview|4
|showteam|p1|Sneasler||FocusSash|Unburden|CloseCombat,DireClaw,FakeOut,Protect|||M|||50|,,,,,Stellar]Dragapult||ChoiceBand|ClearBody|DragonDarts,TeraBlast,PhantomForce,Uturn|||F|||50|,,,,,Ghost]Primarina||SitrusBerry|LiquidVoice|HyperVoice,Moonblast,Haze,Protect|||F|||50|,,,,,Steel]Rillaboom||AssaultVest|GrassySurge|WoodHammer,GrassyGlide,HighHorsepower,FakeOut|||M|||50|,,,,,Fire]Kingambit||BlackGlasses|Defiant|KowtowCleave,SuckerPunch,SwordsDance,Protect|||F|||50|,,,,,Ghost]Magmar||Eviolite|VitalSpirit|Overheat,WillOWisp,FollowMe,Protect|||F|||50|,,,,,Ghost
|showteam|p2|Arcanine-Hisui||SitrusBerry|Intimidate|FlareBlitz,RockSlide,Howl,Protect|||F|||50|,,,,,Grass]Whimsicott||CovertCloak|Prankster|Tailwind,Moonblast,Encore,Protect|||M|||50|,,,,,Ghost]Sneasler||FocusSash|Unburden|DireClaw,CloseCombat,FakeOut,Protect|||F|||50|,,,,,Ghost]Dragonite||ChoiceBand|InnerFocus|Outrage,StompingTantrum,ExtremeSpeed,TeraBlast|||M|||50|,,,,,Flying]Kingambit||SafetyGoggles|Defiant|KowtowCleave,SuckerPunch,SwordsDance,Protect|||F|||50|,,,,,Dark]Ursaluna-Bloodmoon||LifeOrb|MindsEye|HyperVoice,EarthPower,BloodMoon,Protect|||M|||50|,,,,,Normal
|inactive|Battle timer is ON: inactive players will automatically lose when time's up. (requested by Colonelpaco)
|inactive|Colonelpaco has 60 seconds left.
|inactive|willypetez has 60 seconds left.
|inactive|willypetez has 30 seconds left.
|inactive|willypetez has 20 seconds left.
|inactive|willypetez has 15 seconds left.
|inactive|willypetez has 10 seconds left.
|inactive|willypetez has 5 seconds left.
|
|t:|1757771513
|teamsize|p1|4
|teamsize|p2|4
|start
|switch|p1a: Sneasler|Sneasler, L50, M|100/100
|switch|p1b: Primarina|Primarina, L50, F|100/100
|switch|p2a: Arcanine|Arcanine-Hisui, L50, F|100/100
|switch|p2b: Sneasler|Sneasler, L50, F|100/100
|-ability|p2a: Arcanine|Intimidate|boost
|-unboost|p1a: Sneasler|atk|1
|-unboost|p1b: Primarina|atk|1
|turn|1
|inactive|Colonelpaco has 30 seconds left.
|inactive|willypetez has 30 seconds left.
|inactive|Colonelpaco has 20 seconds left.
|inactive|willypetez has 20 seconds left.
|inactive|Colonelpaco has 15 seconds left.
|inactive|willypetez has 15 seconds left.
|inactive|Colonelpaco has 10 seconds left.
|inactive|willypetez has 10 seconds left.
|
|t:|1757771562
|-terastallize|p2b: Sneasler|Ghost
|move|p2a: Arcanine|Protect|p2a: Arcanine
|-singleturn|p2a: Arcanine|Protect
|move|p2b: Sneasler|Close Combat|p1a: Sneasler
|-resisted|p1a: Sneasler
|-damage|p1a: Sneasler|44/100
|-unboost|p2b: Sneasler|def|1
|-unboost|p2b: Sneasler|spd|1
|move|p1a: Sneasler|Close Combat|p2a: Arcanine
|-activate|p2a: Arcanine|move: Protect
|move|p1b: Primarina|Hyper Voice|p2b: Sneasler|[spread] p2b
|-activate|p2a: Arcanine|move: Protect
|-damage|p2b: Sneasler|29/100
|
|upkeep
|turn|2
|inactive|willypetez has 30 seconds left.
|
|t:|1757771592
|move|p1a: Sneasler|Protect|p1a: Sneasler
|-singleturn|p1a: Sneasler|Protect
|move|p2b: Sneasler|Dire Claw|p1b: Primarina
|-supereffective|p1b: Primarina
|-damage|p1b: Primarina|0 fnt
|faint|p1b: Primarina
|move|p2a: Arcanine|Rock Slide|p1a: Sneasler
|-activate|p1a: Sneasler|move: Protect
|
|upkeep
|
|t:|1757771601
|switch|p1b: Kingambit|Kingambit, L50, F|100/100
|turn|3
|inactive|Colonelpaco has 30 seconds left.
|inactive|Colonelpaco has 20 seconds left.
|
|t:|1757771638
|switch|p2b: Whimsicott|Whimsicott, L50, M|100/100
|move|p2a: Arcanine|Protect|p2a: Arcanine
|-singleturn|p2a: Arcanine|Protect
|move|p1a: Sneasler|Dire Claw|p2a: Arcanine
|-activate|p2a: Arcanine|move: Protect
|move|p1b: Kingambit|Swords Dance|p1b: Kingambit
|-boost|p1b: Kingambit|atk|2
|
|upkeep
|turn|4
|inactive|Colonelpaco has 30 seconds left.
|inactive|willypetez has 30 seconds left.
|inactive|Colonelpaco has 20 seconds left.
|inactive|willypetez has 20 seconds left.
|inactive|willypetez has 15 seconds left.
|inactive|Colonelpaco has 15 seconds left.
|inactive|willypetez has 10 seconds left.
|
|t:|1757771687
|switch|p2a: Sneasler|Sneasler, L50, F, tera:Ghost|29/100
|move|p1b: Kingambit|Sucker Punch||[still]
|-fail|p1b: Kingambit
|move|p1a: Sneasler|Close Combat|p2b: Whimsicott
|-resisted|p2b: Whimsicott
|-damage|p2b: Whimsicott|75/100
|-unboost|p1a: Sneasler|def|1
|-unboost|p1a: Sneasler|spd|1
|move|p2b: Whimsicott|Moonblast|p1b: Kingambit
|-damage|p1b: Kingambit|79/100
|
|upkeep
|turn|5
|inactive|willypetez has 30 seconds left.
|
|t:|1757771714
|switch|p1a: Magmar|Magmar, L50, F|100/100
|move|p2a: Sneasler|Fake Out|p1a: Magmar
|-damage|p1a: Magmar|88/100
|move|p2b: Whimsicott|Tailwind|p2b: Whimsicott
|-sidestart|p2: willypetez|move: Tailwind
|move|p1b: Kingambit|Kowtow Cleave|p2b: Whimsicott
|-resisted|p2b: Whimsicott
|-crit|p2b: Whimsicott
|-damage|p2b: Whimsicott|0 fnt
|faint|p2b: Whimsicott
|
|upkeep
|
|t:|1757771729
|switch|p2b: Kingambit|Kingambit, L50, F|100/100
|turn|6
|
|t:|1757771750
|move|p2a: Sneasler|Protect|p2a: Sneasler
|-singleturn|p2a: Sneasler|Protect
|move|p1b: Kingambit|Protect|p1b: Kingambit
|-singleturn|p1b: Kingambit|Protect
|move|p2b: Kingambit|Swords Dance|p2b: Kingambit
|-boost|p2b: Kingambit|atk|2
|move|p1a: Magmar|Will-O-Wisp|p2b: Kingambit
|-status|p2b: Kingambit|brn
|
|-damage|p2b: Kingambit|94/100 brn|[from] brn
|upkeep
|turn|7
|inactive|Colonelpaco has 30 seconds left.
|
|t:|1757771780
|switch|p2a: Arcanine|Arcanine-Hisui, L50, F|100/100
|-ability|p2a: Arcanine|Intimidate|boost
|-unboost|p1a: Magmar|atk|1
|-unboost|p1b: Kingambit|atk|1
|-ability|p1b: Kingambit|Defiant|boost
|-boost|p1b: Kingambit|atk|2
|move|p1a: Magmar|Follow Me|p1a: Magmar
|-singleturn|p1a: Magmar|move: Follow Me
|move|p2b: Kingambit|Swords Dance|p2b: Kingambit
|-boost|p2b: Kingambit|atk|2
|move|p1b: Kingambit|Kowtow Cleave|p2a: Arcanine
|-crit|p2a: Arcanine
|-damage|p2a: Arcanine|0 fnt
|faint|p2a: Arcanine
|
|-damage|p2b: Kingambit|88/100 brn|[from] brn
|upkeep
|
|t:|1757771799
|switch|p2a: Sneasler|Sneasler, L50, F, tera:Ghost|29/100
|turn|8
|
|t:|1757771809
|move|p1a: Magmar|Follow Me|p1a: Magmar
|-singleturn|p1a: Magmar|move: Follow Me
|move|p2a: Sneasler|Close Combat|p1a: Magmar
|-damage|p1a: Magmar|40/100
|-unboost|p2a: Sneasler|def|1
|-unboost|p2a: Sneasler|spd|1
|move|p2b: Kingambit|Kowtow Cleave|p1a: Magmar
|-damage|p1a: Magmar|0 fnt
|faint|p1a: Magmar
|move|p1b: Kingambit|Kowtow Cleave|p2b: Kingambit
|-resisted|p2b: Kingambit
|-damage|p2b: Kingambit|26/100 brn
|
|-damage|p2b: Kingambit|20/100 brn|[from] brn
|-sideend|p2: willypetez|move: Tailwind
|upkeep
|
|t:|1757771823
|switch|p1a: Sneasler|Sneasler, L50, M|44/100
|turn|9
|inactive|willypetez has 30 seconds left.
|
|t:|1757771856
|move|p2a: Sneasler|Fake Out||[still]
|-hint|Fake Out only works on your first turn out.
|-fail|p2a: Sneasler
|move|p2b: Kingambit|Sucker Punch|p1a: Sneasler
|-resisted|p1a: Sneasler
|-damage|p1a: Sneasler|0 fnt
|faint|p1a: Sneasler
|move|p1b: Kingambit|Sucker Punch||[still]
|-fail|p1b: Kingambit
|
|-damage|p2b: Kingambit|14/100 brn|[from] brn
|upkeep
|turn|10
|inactive|willypetez has 30 seconds left.
|
|t:|1757771888
|move|p1b: Kingambit|Protect|p1b: Kingambit
|-singleturn|p1b: Kingambit|Protect
|move|p2a: Sneasler|Close Combat|p1b: Kingambit
|-activate|p1b: Kingambit|move: Protect
|move|p2b: Kingambit|Kowtow Cleave|p1b: Kingambit
|-activate|p1b: Kingambit|move: Protect
|
|-damage|p2b: Kingambit|7/100 brn|[from] brn
|upkeep
|turn|11
|
|t:|1757771903
|-terastallize|p1b: Kingambit|Ghost
|move|p1b: Kingambit|Sucker Punch|p2b: Kingambit
|-resisted|p2b: Kingambit
|-damage|p2b: Kingambit|0 fnt
|faint|p2b: Kingambit
|move|p2a: Sneasler|Close Combat|p1b: Kingambit
|-immune|p1b: Kingambit
|
|upkeep
|turn|12
|
|t:|1757771915
|move|p2a: Sneasler|Protect|p2a: Sneasler
|-singleturn|p2a: Sneasler|Protect
|move|p1b: Kingambit|Sucker Punch||[still]
|-fail|p1b: Kingambit
|
|upkeep
|turn|13
|inactive|willypetez has 30 seconds left.
|inactive|willypetez has 20 seconds left.
|inactive|willypetez has 15 seconds left.
|
|t:|1757771955
|move|p2a: Sneasler|Fake Out||[still]
|-hint|Fake Out only works on your first turn out.
|-fail|p2a: Sneasler
|move|p1b: Kingambit|Kowtow Cleave|p2a: Sneasler
|-supereffective|p2a: Sneasler
|-damage|p2a: Sneasler|0 fnt
|faint|p2a: Sneasler
|
|win|Colonelpaco
||willypetez is ready for game 2.
||Colonelpaco is ready for game 2.
|uhtml|next|Next: Game 2 of 3
|l|☆willypetez
|player|p2|
