|j|☆Caracoli
|j|☆irongiant9214
|html|Caracoliirongiant9214    
|uhtml|bestof|Game 1 of a best-of-3
|t:|1786207911
|gametype|doubles
|player|p1|Caracoli|102|1108
|player|p2|irongiant9214|169|1201
|gen|9
|tier|[Gen 9 Champions] VGC 2026 Reg M-B (Bo3)
|rated|
|rule|Species Clause: Limit one of each Pokémon
|rule|Item Clause: Limit 1 of each item
|clearpoke
|poke|p1|Medicham, L50, M, shiny|
|poke|p1|Grimmsnarl, L50, M|
|poke|p1|Milotic, L50, F|
|poke|p1|Gholdengo, L50|
|poke|p1|Dragonite, L50, M|
|poke|p1|Arcanine-Hisui, L50, M|
|poke|p2|Charizard, L50, F|
|poke|p2|Floette-Eternal, L50, F|
|poke|p2|Whimsicott, L50, F, shiny|
|poke|p2|Basculegion, L50, M|
|poke|p2|Garchomp, L50, M, shiny|
|poke|p2|Kingambit, L50, F|
|teampreview|4
|showteam|p1|Medicham||Medichamite|PurePower|Detect,DrainPunch,PsychoCut,FakeOut|Adamant||M|||50|]Grimmsnarl||LightClay|Prankster|SpiritBreak,LightScreen,Reflect,SuckerPunch|Impish||M|||50|]Milotic||Leftovers|Competitive|Protect,Scald,Recover,IceBeam|Bold||F|||50|]Gholdengo||LifeOrb|GoodasGold|Protect,Recover,FlashCannon,ShadowBall|Modest|||||50|]Dragonite||SilkScarf|InnerFocus|ExtremeSpeed,Protect,DragonClaw,AerialAce|Adamant||M|||50|]Arcanine-Hisui||SitrusBerry|Intimidate|Protect,RockSlide,FlareBlitz,WildCharge|Adamant||M|||50|
|showteam|p2|Charizard||CharizarditeY|Blaze|HeatWave,WeatherBall,SolarBeam,Protect|Modest||F|||50|]Floette-Eternal||Floettite|FlowerVeil|DazzlingGleam,Moonblast,HelpingHand,Protect|Timid||F|||50|]Whimsicott||FocusSash|Prankster|Moonblast,Tailwind,Encore,Protect|Timid||F|||50|]Basculegion||LifeOrb|Adaptability|AquaJet,WaveCrash,LastRespects,Protect|Adamant||M|||50|]Garchomp||HabanBerry|RoughSkin|RockSlide,DragonClaw,Earthquake,Protect|Adamant||M|||50|]Kingambit||ChopleBerry|Defiant|SuckerPunch,LowKick,IronHead,KowtowCleave|Adamant||F|||50|
|
|t:|1786207972
|teamsize|p1|4
|teamsize|p2|4
|start
|switch|p1a: Grimmsnarl|Grimmsnarl, L50, M|100/100
|switch|p1b: Medicham|Medicham, L50, M, shiny|100/100
|switch|p2a: Whimsicott|Whimsicott, L50, F, shiny|100/100
|switch|p2b: Kingambit|Kingambit, L50, F|100/100
|turn|1
|
|t:|1786208002
|detailschange|p1b: Medicham|Medicham-Mega, L50, M, shiny
|-mega|p1b: Medicham|Medicham|Medichamite
|move|p1a: Grimmsnarl|Reflect|p1a: Grimmsnarl
|-sidestart|p1: Caracoli|Reflect
|move|p2a: Whimsicott|Moonblast|p1b: Medicham
|-supereffective|p1b: Medicham|1
|-damage|p1b: Medicham|26/100
|move|p1b: Medicham|Drain Punch|p2b: Kingambit
|-supereffective|p2b: Kingambit|2
|-enditem|p2b: Kingambit|Chople Berry|[eat]
|-enditem|p2b: Kingambit|Chople Berry|[weaken]
|-damage|p2b: Kingambit|10/100
|-heal|p1b: Medicham|80/100|[from] drain|[of] p2b: Kingambit
|move|p2b: Kingambit|Iron Head|p1a: Grimmsnarl
|-supereffective|p1a: Grimmsnarl|1
|-damage|p1a: Grimmsnarl|35/100
|
|upkeep
|turn|2
|
|t:|1786208041
|move|p1b: Medicham|Detect|p1b: Medicham
|-singleturn|p1b: Medicham|Protect
|move|p2a: Whimsicott|Tailwind|p2a: Whimsicott
|-sidestart|p2: irongiant9214|move: Tailwind
|move|p2b: Kingambit|Iron Head|p1a: Grimmsnarl
|-supereffective|p1a: Grimmsnarl|1
|-damage|p1a: Grimmsnarl|0 fnt
|faint|p1a: Grimmsnarl
|
|upkeep
|
|t:|1786208051
|switch|p1a: Milotic|Milotic, L50, F|100/100
|turn|3
|
|t:|1786208062
|move|p2a: Whimsicott|Moonblast|p1b: Medicham
|-supereffective|p1b: Medicham|1
|-damage|p1b: Medicham|0 fnt
|faint|p1b: Medicham
|move|p2b: Kingambit|Kowtow Cleave|p1a: Milotic
|-damage|p1a: Milotic|70/100
|move|p1a: Milotic|Scald|p2b: Kingambit
|-damage|p2b: Kingambit|0 fnt
|faint|p2b: Kingambit
|
|-heal|p1a: Milotic|76/100|[from] item: Leftovers
|upkeep
|
|t:|1786208074
|switch|p1b: Arcanine|Arcanine-Hisui, L50, M|100/100
|switch|p2b: Charizard|Charizard, L50, F|100/100
|-ability|p1b: Arcanine|Intimidate|boost
|-unboost|p2a: Whimsicott|atk|1
|-unboost|p2b: Charizard|atk|1
|turn|4
|
|t:|1786208111
|detailschange|p2b: Charizard|Charizard-Mega-Y, L50, F
|-mega|p2b: Charizard|Charizard|Charizardite Y
|-weather|SunnyDay|[from] ability: Drought|[of] p2b: Charizard
|move|p2b: Charizard|Protect|p2b: Charizard
|-singleturn|p2b: Charizard|Protect
|move|p1a: Milotic|Protect|p1a: Milotic
|-singleturn|p1a: Milotic|Protect
|move|p2a: Whimsicott|Encore|p1a: Milotic
|-activate|p1a: Milotic|move: Protect
|move|p1b: Arcanine|Rock Slide|p2a: Whimsicott|[spread] p2a
|-activate|p2b: Charizard|move: Protect
|-damage|p2a: Whimsicott|62/100
|
|-weather|SunnyDay|[upkeep]
|-heal|p1a: Milotic|82/100|[from] item: Leftovers
|upkeep
|turn|5
|
|t:|1786208140
|move|p2a: Whimsicott|Encore|p1a: Milotic
|-start|p1a: Milotic|Encore
|move|p1a: Milotic|Protect||[still]
|-fail|p1a: Milotic
|move|p2b: Charizard|Solar Beam||[still]
|-prepare|p2b: Charizard|Solar Beam
|-anim|p2b: Charizard|Solar Beam|p1a: Milotic
|-supereffective|p1a: Milotic|1
|-damage|p1a: Milotic|18/100
|move|p1b: Arcanine|Rock Slide|p2b: Charizard|[spread] p2a,p2b
|-supereffective|p2b: Charizard|2
|-damage|p2a: Whimsicott|23/100
|-damage|p2b: Charizard|1/100
|
|-weather|SunnyDay|[upkeep]
|-heal|p1a: Milotic|24/100|[from] item: Leftovers
|-sideend|p2: irongiant9214|move: Tailwind
|upkeep
|turn|6
|
|t:|1786208164
|move|p1a: Milotic|Protect|p1a: Milotic
|-singleturn|p1a: Milotic|Protect
|move|p2a: Whimsicott|Tailwind|p2a: Whimsicott
|-sidestart|p2: irongiant9214|move: Tailwind
|move|p2b: Charizard|Weather Ball|p1b: Arcanine
|-resisted|p1b: Arcanine|2
|-damage|p1b: Arcanine|78/100
|move|p1b: Arcanine|Rock Slide|p2a: Whimsicott|[spread] p2a,p2b
|-supereffective|p2b: Charizard|2
|-damage|p2a: Whimsicott|0 fnt
|-damage|p2b: Charizard|0 fnt
|faint|p2a: Whimsicott
|faint|p2b: Charizard
|
|-weather|SunnyDay|[upkeep]
|-heal|p1a: Milotic|30/100|[from] item: Leftovers
|upkeep
|
|t:|1786208172
|switch|p2a: Basculegion|Basculegion, L50, M|100/100
|turn|7
|
|t:|1786208189
|move|p1b: Arcanine|Protect|p1b: Arcanine
|-singleturn|p1b: Arcanine|Protect
|move|p1a: Milotic|Protect|p1a: Milotic
|-singleturn|p1a: Milotic|Protect
|move|p2a: Basculegion|Wave Crash|p1b: Arcanine
|-activate|p1b: Arcanine|move: Protect
|
|-weather|SunnyDay|[upkeep]
|-heal|p1a: Milotic|36/100|[from] item: Leftovers
|-end|p1a: Milotic|Encore
|upkeep
|turn|8
|
|t:|1786208207
|move|p2a: Basculegion|Aqua Jet|p1b: Arcanine
|-supereffective|p1b: Arcanine|2
|-damage|p1b: Arcanine|34/100
|-enditem|p1b: Arcanine|Sitrus Berry|[eat]
|-heal|p1b: Arcanine|58/100|[from] item: Sitrus Berry
|-damage|p2a: Basculegion|90/100|[from] item: Life Orb
|move|p1b: Arcanine|Wild Charge|p2a: Basculegion
|-supereffective|p2a: Basculegion|1
|-damage|p2a: Basculegion|32/100
|-damage|p1b: Arcanine|45/100|[from] Recoil
|move|p1a: Milotic|Scald|p2a: Basculegion
|-resisted|p2a: Basculegion|1
|-damage|p2a: Basculegion|23/100
|
|-weather|none
|-heal|p1a: Milotic|42/100|[from] item: Leftovers
|-sideend|p1: Caracoli|Reflect
|upkeep
|turn|9
|
|t:|1786208240
|move|p1b: Arcanine|Protect|p1b: Arcanine
|-singleturn|p1b: Arcanine|Protect
|move|p2a: Basculegion|Aqua Jet|p1b: Arcanine
|-activate|p1b: Arcanine|move: Protect
|move|p1a: Milotic|Scald|p2a: Basculegion
|-resisted|p2a: Basculegion|1
|-damage|p2a: Basculegion|5/100
|
|-heal|p1a: Milotic|48/100|[from] item: Leftovers
|-sideend|p2: irongiant9214|move: Tailwind
|upkeep
|turn|10
|
|t:|1786208253
|move|p2a: Basculegion|Aqua Jet|p1b: Arcanine
|-supereffective|p1b: Arcanine|2
|-damage|p1b: Arcanine|0 fnt
|faint|p1b: Arcanine
|-damage|p2a: Basculegion|0 fnt|[from] item: Life Orb
|faint|p2a: Basculegion
|
|win|Caracoli
||irongiant9214 is ready for game 2.
|inactive|Caracoli has 30 seconds to confirm battle start!
||Caracoli is ready for game 2.
|uhtml|next|Next: Game 2 of 3
|l|☆Caracoli
|player|p1|
