|j|☆LeCehlou
|j|☆dominicvgc07
|html|LeCehloudominicvgc07    
|uhtml|bestof|Game 1 of a best-of-3
|t:|1756231812
|gametype|doubles
|player|p1|LeCehlou|102|
|player|p2|dominicvgc07|ghetsis|
|gen|9
|tier|[Gen 9] VGC 2025 Reg H (Bo3)
|rule|Species Clause: Limit one of each Pokémon
|rule|Item Clause: Limit 1 of each item
|clearpoke
|poke|p1|Whimsicott, L50, M|
|poke|p1|Ursaluna-Bloodmoon, L50, M|
|poke|p1|Archaludon, L50, M|
|poke|p1|Typhlosion-Hisui, L50, M|
|poke|p1|Indeedee-F, L50, F|
|poke|p1|Gallade, L50, M|
|poke|p2|Kingambit, L50, M|
|poke|p2|Sneasler, L50, M|
|poke|p2|Rillaboom, L50, M|
|poke|p2|Dragonite, L50, M|
|poke|p2|Electabuzz, L50, F|
|poke|p2|Dondozo, L50, M|
|teampreview|4
|showteam|p1|Whimsicott||CovertCloak|Prankster|Tailwind,Moonblast,SunnyDay,Encore|||M|||50|,,,,,Steel]Ursaluna-Bloodmoon||LifeOrb|MindsEye|EarthPower,BloodMoon,HyperVoice,Protect|||M|||50|,,,,,Normal]Archaludon||PowerHerb|Sturdy|ElectroShot,FlashCannon,Protect,DracoMeteor|||M|||50|,,,,,Stellar]Typhlosion-Hisui||ChoiceSpecs|Blaze|Eruption,HeatWave,ShadowBall,Overheat|||M|||50|,,,,,Fire]Indeedee-F||SafetyGoggles|PsychicSurge|TrickRoom,FollowMe,Imprison,Psychic|||F|||50|,,,,,Fairy]Gallade||ClearAmulet|Sharpness|TrickRoom,PsychoCut,SacredSword,WideGuard|||M|||50|,,,,,Grass
|showteam|p2|Kingambit||BlackGlasses|Defiant|KowtowCleave,SuckerPunch,SwordsDance,Protect|||M|||50|,,,,,Dark]Sneasler||FocusSash|PoisonTouch|FakeOut,CloseCombat,DireClaw,Coaching|||M|||50|,,,,,Ghost]Rillaboom||AssaultVest|GrassySurge|FakeOut,WoodHammer,GrassyGlide,Uturn|||M|||50|,,,,,Fire]Dragonite||LoadedDice|Multiscale|ScaleShot,LowKick,Haze,Protect|||M|||50|,,,,,Steel]Electabuzz||Eviolite|VitalSpirit|Thunderbolt,FollowMe,Taunt,Protect|||F|||50|,,,,,Dragon]Dondozo||Leftovers|Unaware|WaveCrash,Yawn,Fissure,Protect|||M|||50|,,,,,Poison
|c|☆LeCehlou|Gl hf !
|c|☆dominicvgc07|u2
|inactive|Battle timer is ON: inactive players will automatically lose when time's up. (requested by dominicvgc07)
|
|t:|1756231848
|teamsize|p1|4
|teamsize|p2|4
|start
|switch|p1a: Whimsicott|Whimsicott, L50, M|100/100
|switch|p1b: Ursaluna|Ursaluna-Bloodmoon, L50, M|100/100
|switch|p2a: Skydragon|Dragonite, L50, M|100/100
|switch|p2b: 1000 volt|Electabuzz, L50, F|100/100
|turn|1
|inactive|dominicvgc07 has 30 seconds left.
|
|t:|1756231880
|-terastallize|p1b: Ursaluna|Normal
|move|p2b: 1000 volt|Protect|p2b: 1000 volt
|-singleturn|p2b: 1000 volt|Protect
|move|p1a: Whimsicott|Tailwind|p1a: Whimsicott
|-sidestart|p1: LeCehlou|move: Tailwind
|move|p1b: Ursaluna|Hyper Voice|p2b: 1000 volt|[spread] p2a
|-activate|p2b: 1000 volt|move: Protect
|-damage|p2a: Skydragon|66/100
|-damage|p1b: Ursaluna|91/100|[from] item: Life Orb
|move|p2a: Skydragon|Scale Shot|p1b: Ursaluna
|-crit|p1b: Ursaluna
|-damage|p1b: Ursaluna|74/100
|-damage|p1b: Ursaluna|62/100
|-damage|p1b: Ursaluna|50/100
|-damage|p1b: Ursaluna|39/100
|-hitcount|p1b: Ursaluna|4
|-unboost|p2a: Skydragon|def|1
|-boost|p2a: Skydragon|spe|1
|
|upkeep
|turn|2
|inactive|LeCehlou has 30 seconds left.
|inactive|dominicvgc07 has 30 seconds left.
|
|t:|1756231908
|move|p2a: Skydragon|Protect|p2a: Skydragon
|-singleturn|p2a: Skydragon|Protect
|move|p1a: Whimsicott|Moonblast|p2b: 1000 volt
|-damage|p2b: 1000 volt|79/100
|-unboost|p2b: 1000 volt|spa|1
|move|p1b: Ursaluna|Hyper Voice|p2b: 1000 volt|[spread] p2b
|-activate|p2a: Skydragon|move: Protect
|-damage|p2b: 1000 volt|27/100
|-damage|p1b: Ursaluna|30/100|[from] item: Life Orb
|move|p2b: 1000 volt|Thunderbolt|p1b: Ursaluna
|-crit|p1b: Ursaluna
|-damage|p1b: Ursaluna|0 fnt
|faint|p1b: Ursaluna
|
|upkeep
|
|t:|1756231911
|switch|p1b: Typhlosion|Typhlosion-Hisui, L50, M|100/100
|turn|3
|inactive|dominicvgc07 has 30 seconds left.
|inactive|dominicvgc07 has 20 seconds left.
|
|t:|1756231950
|move|p2b: 1000 volt|Follow Me|p2b: 1000 volt
|-singleturn|p2b: 1000 volt|move: Follow Me
|move|p1b: Typhlosion|Heat Wave|p2b: 1000 volt|[spread] p2a,p2b
|-resisted|p2a: Skydragon
|-damage|p2a: Skydragon|38/100
|-damage|p2b: 1000 volt|0 fnt
|faint|p2b: 1000 volt
|move|p1a: Whimsicott|Moonblast|p2a: Skydragon
|-supereffective|p2a: Skydragon
|-damage|p2a: Skydragon|0 fnt
|faint|p2a: Skydragon
|
|upkeep
|
|t:|1756231956
|switch|p2b: Nightmare|Sneasler, L50, M|100/100
|switch|p2a: Kong|Rillaboom, L50, M|100/100
|-fieldstart|move: Grassy Terrain|[from] ability: Grassy Surge|[of] p2a: Kong
|turn|4
|
|t:|1756231976
|-terastallize|p2a: Kong|Fire
|move|p1b: Typhlosion|Heat Wave|p2b: Nightmare|[spread] p2a,p2b
|-resisted|p2a: Kong
|-damage|p2a: Kong|85/100
|-damage|p2b: Nightmare|32/100
|move|p1a: Whimsicott|Moonblast|p2b: Nightmare
|-damage|p2b: Nightmare|0 fnt
|faint|p2b: Nightmare
|move|p2a: Kong|Wood Hammer|p1b: Typhlosion
|-resisted|p1b: Typhlosion
|-damage|p1b: Typhlosion|47/100
|-damage|p2a: Kong|72/100|[from] Recoil
|
|-heal|p1b: Typhlosion|53/100|[from] Grassy Terrain
|-heal|p2a: Kong|78/100|[from] Grassy Terrain
|-sideend|p1: LeCehlou|move: Tailwind
|upkeep
|turn|5
|
|t:|1756231984
|move|p1a: Whimsicott|Sunny Day|p1a: Whimsicott
|-weather|SunnyDay
|move|p1b: Typhlosion|Heat Wave|p2a: Kong
|-resisted|p2a: Kong
|-damage|p2a: Kong|44/100
|move|p2a: Kong|Wood Hammer|p1b: Typhlosion
|-resisted|p1b: Typhlosion
|-damage|p1b: Typhlosion|0 fnt
|faint|p1b: Typhlosion
|-damage|p2a: Kong|32/100|[from] Recoil
|
|-weather|SunnyDay|[upkeep]
|-heal|p2a: Kong|38/100|[from] Grassy Terrain
|upkeep
|
|t:|1756231987
|switch|p1b: Indeedee|Indeedee-F, L50, F|100/100
|-fieldstart|move: Psychic Terrain|[from] ability: Psychic Surge|[of] p1b: Indeedee
|turn|6
|
|t:|1756231992
|move|p1a: Whimsicott|Tailwind|p1a: Whimsicott
|-sidestart|p1: LeCehlou|move: Tailwind
|move|p1b: Indeedee|Psychic|p2a: Kong
|-damage|p2a: Kong|10/100
|move|p2a: Kong|U-turn|p1b: Indeedee
|-supereffective|p1b: Indeedee
|-damage|p1b: Indeedee|52/100
|
|-weather|SunnyDay|[upkeep]
|upkeep
|turn|7
|inactive|dominicvgc07 has 30 seconds left.
|inactive|dominicvgc07 has 20 seconds left.
|
|t:|1756232031
|move|p1a: Whimsicott|Moonblast|p2a: Kong
|-resisted|p2a: Kong
|-damage|p2a: Kong|0 fnt
|faint|p2a: Kong
|
|win|LeCehlou
||dominicvgc07 is ready for game 2.
|inactive|LeCehlou has 30 seconds to confirm battle start!
||LeCehlou is ready for game 2.
|uhtml|next|Next: Game 2 of 3
