|j|☆graal_of_gamers
|j|☆Morty_METPA
|html|graal_of_gamersMorty_METPA    
|uhtml|bestof|Game 2 of a best-of-3
|t:|1786037242
|gametype|doubles
|player|p1|graal_of_gamers|266|
|player|p2|Morty_METPA|caitlin|
|gen|9
|tier|[Gen 9 Champions] VGC 2026 Reg M-B (Bo3)
|rule|Species Clause: Limit one of each Pokémon
|rule|Item Clause: Limit 1 of each item
|clearpoke
|poke|p1|Slowbro, L50, F, shiny|
|poke|p1|Zoroark, L50, M, shiny|
|poke|p1|Sableye, L50, F, shiny|
|poke|p1|Mr. Rime, L50, F, shiny|
|poke|p1|Abomasnow, L50, M, shiny|
|poke|p1|Simisear, L50, F, shiny|
|poke|p2|Emboar, L50, F|
|poke|p2|Sableye, L50, M|
|poke|p2|Runerigus, L50, M|
|poke|p2|Tinkaton, L50, F|
|poke|p2|Abomasnow, L50, M|
|poke|p2|Mr. Rime, L50, M|
|teampreview|4
|showteam|p1|Slowbro||Slowbronite|Regenerator|Protect,Blizzard,Scald,SlackOff|Relaxed||F|||50|]Zoroark||LifeOrb|Illusion|DarkPulse,Flamethrower,SuckerPunch,Protect|Lax||M|||50|]Sableye||LightClay|Prankster|FakeOut,LightScreen,Encore,ThunderWave|Careful||F|||50|]Mr. Rime||BabiriBerry|IceBody|FakeOut,FreezeDry,Thunderbolt,Blizzard|Modest||F|||50|]Abomasnow||Abomasite|SnowWarning|AuroraVeil,Blizzard,GigaDrain,EarthPower|Modest||M|||50|]Simisear||FocusSash|Blaze|FlareBlitz,Yawn,Crunch,RockSlide|Jolly||F|||50|
|showteam|p2|Emboar||Emboarite|Reckless|FlareBlitz,Superpower,SuckerPunch,Protect|Adamant||F|||50|]Sableye||Sablenite|Prankster|FakeOut,WillOWisp,FoulPlay,Protect|Impish||M|||50|]Runerigus||SitrusBerry|WanderingSpirit|TrickRoom,Imprison,Earthquake,Protect|Relaxed||M|||50|]Tinkaton||LumBerry|MoldBreaker|GigatonHammer,FakeOut,KnockOff,Protect|Careful||F|||50|]Abomasnow||FocusSash|SnowWarning|Blizzard,EnergyBall,IceShard,Protect|Timid||M|||50|]Mr. Rime||OccaBerry|ScreenCleaner|FreezeDry,Psychic,Thunderbolt,IceShard|Modest||M|||50|
|
|t:|1786037296
|teamsize|p1|4
|teamsize|p2|4
|start
|switch|p1a: Ленивый Бобр|Slowbro, L50, F, shiny|100/100
|switch|p1b: Мелкий пиздюк|Sableye, L50, F, shiny|100/100
|switch|p2a: Моя свинья|Emboar, L50, F|100/100
|switch|p2b: Стич|Sableye, L50, M|100/100
|turn|1
|
|t:|1786037339
|switch|p1b: Мелкий пиздюк|Sableye, L50, F, shiny|100/100
|detailschange|p1a: Ленивый Бобр|Slowbro-Mega, L50, F, shiny
|-mega|p1a: Ленивый Бобр|Slowbro|Slowbronite
|move|p2b: Стич|Fake Out|p1b: Мелкий пиздюк
|-immune|p1b: Мелкий пиздюк
|move|p2a: Моя свинья|Superpower|p1a: Ленивый Бобр
|-resisted|p1a: Ленивый Бобр|1
|-damage|p1a: Ленивый Бобр|83/100
|-unboost|p2a: Моя свинья|atk|1
|-unboost|p2a: Моя свинья|def|1
|move|p1a: Ленивый Бобр|Scald|p2a: Моя свинья
|-supereffective|p2a: Моя свинья|1
|-damage|p2a: Моя свинья|22/100
|
|upkeep
|turn|2
|
|t:|1786037380
|detailschange|p2b: Стич|Sableye-Mega, L50, M
|-mega|p2b: Стич|Sableye|Sablenite
|move|p1b: Мелкий пиздюк|Fake Out|p2a: Моя свинья
|-damage|p2a: Моя свинья|8/100
|cant|p2a: Моя свинья|flinch
|move|p1a: Ленивый Бобр|Scald|p2b: Стич
|-damage|p2b: Стич|63/100
|move|p2b: Стич|Will-O-Wisp|p1a: Ленивый Бобр|[miss]
|-miss|p2b: Стич|p1a: Ленивый Бобр
|
|upkeep
|turn|3
|
|t:|1786037405
|move|p2a: Моя свинья|Sucker Punch|p1a: Ленивый Бобр
|-supereffective|p1a: Ленивый Бобр|1
|-damage|p1a: Ленивый Бобр|65/100
|move|p1b: Мелкий пиздюк|Encore|p2a: Моя свинья
|-start|p2a: Моя свинья|Encore
|move|p1a: Ленивый Бобр|Blizzard|p2a: Моя свинья|[spread] p2b
|-miss|p1a: Ленивый Бобр|p2a: Моя свинья
|-damage|p2b: Стич|38/100
|move|p2b: Стич|Will-O-Wisp|p1a: Ленивый Бобр|[miss]
|-miss|p2b: Стич|p1a: Ленивый Бобр
|
|upkeep
|turn|4
|c|☆Morty_METPA|)))
|
|t:|1786037431
|switch|p2a: Тук-тук|Tinkaton, L50, F|100/100
|-ability|p2a: Тук-тук|Mold Breaker
|move|p1b: Мелкий пиздюк|Light Screen|p1b: Мелкий пиздюк
|-sidestart|p1: graal_of_gamers|move: Light Screen
|move|p1a: Ленивый Бобр|Slack Off|p1a: Ленивый Бобр
|-heal|p1a: Ленивый Бобр|100/100
|move|p2b: Стич|Will-O-Wisp|p1a: Ленивый Бобр
|-status|p1a: Ленивый Бобр|brn
|
|-damage|p1a: Ленивый Бобр|93/100 brn|[from] brn
|upkeep
|turn|5
|
|t:|1786037462
|move|p1a: Ленивый Бобр|Protect|p1a: Ленивый Бобр
|-singleturn|p1a: Ленивый Бобр|Protect
|move|p1b: Мелкий пиздюк|Thunder Wave|p2a: Тук-тук
|-status|p2a: Тук-тук|par
|-enditem|p2a: Тук-тук|Lum Berry|[eat]
|-curestatus|p2a: Тук-тук|par|[msg]
|move|p2a: Тук-тук|Gigaton Hammer|p1b: Мелкий пиздюк
|-damage|p1b: Мелкий пиздюк|21/100
|move|p2b: Стич|Foul Play|p1a: Ленивый Бобр
|-activate|p1a: Ленивый Бобр|move: Protect
|
|-damage|p1a: Ленивый Бобр|87/100 brn|[from] brn
|upkeep
|turn|6
|
|t:|1786037492
|move|p2a: Тук-тук|Protect|p2a: Тук-тук
|-singleturn|p2a: Тук-тук|Protect
|move|p1b: Мелкий пиздюк|Thunder Wave|p2a: Тук-тук
|-activate|p2a: Тук-тук|move: Protect
|move|p1a: Ленивый Бобр|Scald|p2b: Стич
|-damage|p2b: Стич|0 fnt
|faint|p2b: Стич
|
|-damage|p1a: Ленивый Бобр|81/100 brn|[from] brn
|upkeep
|
|t:|1786037502
|switch|p2b: Провалено|Mr. Rime, L50, M|100/100
|-activate|p2b: Провалено|ability: Screen Cleaner
|-sideend|p1: graal_of_gamers|move: Light Screen
|turn|7
|
|t:|1786037549
|move|p2b: Провалено|Ice Shard|p1b: Мелкий пиздюк
|-damage|p1b: Мелкий пиздюк|4/100
|move|p1b: Мелкий пиздюк|Thunder Wave|p2a: Тук-тук
|-status|p2a: Тук-тук|par
|move|p2a: Тук-тук|Gigaton Hammer|p1a: Ленивый Бобр
|-resisted|p1a: Ленивый Бобр|1
|-damage|p1a: Ленивый Бобр|66/100 brn
|move|p1a: Ленивый Бобр|Scald|p2b: Провалено
|-damage|p2b: Провалено|67/100
|
|-damage|p1a: Ленивый Бобр|60/100 brn|[from] brn
|upkeep
|turn|8
|
|t:|1786037565
|move|p2b: Провалено|Ice Shard|p1b: Мелкий пиздюк
|-damage|p1b: Мелкий пиздюк|0 fnt
|faint|p1b: Мелкий пиздюк
|move|p2a: Тук-тук|Knock Off|p1a: Ленивый Бобр
|-supereffective|p1a: Ленивый Бобр|1
|-damage|p1a: Ленивый Бобр|42/100 brn
|move|p1a: Ленивый Бобр|Slack Off|p1a: Ленивый Бобр
|-heal|p1a: Ленивый Бобр|92/100 brn
|
|-damage|p1a: Ленивый Бобр|86/100 brn|[from] brn
|upkeep
|
|t:|1786037571
|switch|p1b: Simisear|Simisear, L50, F, shiny|100/100
|turn|9
|c|☆graal_of_gamers|Долго думаешь
|
|t:|1786037633
|switch|p2b: Моя свинья|Emboar, L50, F|8/100
|move|p1b: Simisear|Flare Blitz|p2b: Моя свинья
|-resisted|p2b: Моя свинья|1
|-damage|p2b: Моя свинья|0 fnt
|faint|p2b: Моя свинья
|-damage|p1b: Simisear|96/100|[from] Recoil
|move|p2a: Тук-тук|Knock Off|p1b: Simisear
|-damage|p1b: Simisear|55/100
|-enditem|p1b: Simisear|Focus Sash|[from] move: Knock Off|[of] p2a: Тук-тук
|move|p1a: Ленивый Бобр|Scald|p2a: Тук-тук
|-damage|p2a: Тук-тук|68/100 par
|
|-damage|p1a: Ленивый Бобр|80/100 brn|[from] brn
|upkeep
|
|t:|1786037649
|switch|p2b: Провалено|Mr. Rime, L50, M|67/100
|turn|10
|
|t:|1786037707
|move|p2b: Провалено|Ice Shard|p1b: Simisear
|-resisted|p1b: Simisear|1
|-damage|p1b: Simisear|45/100
|move|p1b: Simisear|Flare Blitz|p2b: Провалено
|-supereffective|p2b: Провалено|1
|-enditem|p2b: Провалено|Occa Berry|[eat]
|-enditem|p2b: Провалено|Occa Berry|[weaken]
|-damage|p2b: Провалено|5/100
|-damage|p1b: Simisear|20/100y|[from] Recoil
|move|p2a: Тук-тук|Gigaton Hammer|p1b: Simisear
|-resisted|p1b: Simisear|1
|-damage|p1b: Simisear|0 fnt
|faint|p1b: Simisear
|move|p1a: Ленивый Бобр|Scald|p2a: Тук-тук
|-damage|p2a: Тук-тук|36/100 par
|
|-damage|p1a: Ленивый Бобр|74/100 brn|[from] brn
|upkeep
|
|t:|1786037725
|switch|p1b: Хитрый Лис|Zoroark, L50, M, shiny|100/100
|turn|11
|
|t:|1786037760
|move|p1b: Хитрый Лис|Sucker Punch|p2b: Провалено
|-supereffective|p2b: Провалено|1
|-damage|p2b: Провалено|0 fnt
|faint|p2b: Провалено
|-damage|p1b: Хитрый Лис|90/100|[from] item: Life Orb
|cant|p2a: Тук-тук|par
|move|p1a: Ленивый Бобр|Scald|p2a: Тук-тук
|-damage|p2a: Тук-тук|8/100 par
|
|-damage|p1a: Ленивый Бобр|68/100 brn|[from] brn
|upkeep
|turn|12
|
|t:|1786037771
|cant|p2a: Тук-тук|par
|move|p1b: Хитрый Лис|Flamethrower|p2a: Тук-тук
|-supereffective|p2a: Тук-тук|1
|-damage|p2a: Тук-тук|0 fnt
|faint|p2a: Тук-тук
|-damage|p1b: Хитрый Лис|80/100|[from] item: Life Orb
|
|win|graal_of_gamers
|c|☆Morty_METPA|gg
|c|☆graal_of_gamers|Gg
