|j|☆KaiserBN1
|j|☆Dat guy In black
|html|KaiserBN1Dat guy In black    
|uhtml|bestof|Game 3 of a best-of-3
|t:|1756576752
|gametype|doubles
|player|p1|KaiserBN1|n|1069
|player|p2|Dat guy In black|roughneck|1087
|gen|9
|tier|[Gen 9] VGC 2025 Reg H (Bo3)
|rated|
|rule|Species Clause: Limit one of each Pokémon
|rule|Item Clause: Limit 1 of each item
|clearpoke
|poke|p1|Amoonguss, L50, M|
|poke|p1|Sneasler, L50, F|
|poke|p1|Gholdengo, L50|
|poke|p1|Incineroar, L50, F|
|poke|p1|Ursaluna-Bloodmoon, L50, M|
|poke|p1|Dragonite, L50, M|
|poke|p2|Sneasler, L50, F|
|poke|p2|Dragapult, L50, M|
|poke|p2|Rillaboom, L50, M|
|poke|p2|Gastrodon-East, L50, M|
|poke|p2|Volcarona, L50, F|
|poke|p2|Electabuzz, L50, F|
|teampreview|4
|showteam|p1|Amoonguss||SitrusBerry|Regenerator|RagePowder,Spore,PollenPuff,Protect|||M|||50|,,,,,Psychic]Sneasler||FocusSash|Unburden|Protect,DireClaw,CloseCombat,ThroatChop|||F|||50|,,,,,Stellar]Gholdengo||LifeOrb|GoodasGold|Protect,MakeItRain,ShadowBall,NastyPlot||||||50|,,,,,Water]Incineroar||SafetyGoggles|Intimidate|KnockOff,PartingShot,FlareBlitz,FakeOut|||F|||50|,,,,,Ghost]Ursaluna-Bloodmoon||AssaultVest|MindsEye|BloodMoon,EarthPower,VacuumWave,HyperVoice|||M|||50|,,,,,Water]Dragonite||LoadedDice|Multiscale|ScaleShot,Tailwind,Haze,Protect|||M|||50|,,,,,Fairy
|showteam|p2|Sneasler||FocusSash|PoisonTouch|DireClaw,CloseCombat,Coaching,Protect|||F|||50|,,,,,Ghost]Dragapult||ChoiceBand|ClearBody|DragonDarts,TeraBlast,PhantomForce,Uturn|||M|||50|,,,,,Fighting]Rillaboom||AssaultVest|GrassySurge|WoodHammer,GrassyGlide,Uturn,FakeOut|||M|||50|,,,,,Fire]Gastrodon-East||GrassySeed|StormDrain|ClearSmog,EarthPower,IceBeam,Recover|||M|||50|,,,,,Poison]Volcarona||CovertCloak|FlameBody|HeatWave,TeraBlast,QuiverDance,Protect|||F|||50|,,,,,Fairy]Electabuzz||Eviolite|VitalSpirit|FollowMe,Electroweb,Taunt,Protect|||F|||50|,,,,,Ghost
|inactive|Battle timer is ON: inactive players will automatically lose when time's up. (requested by KaiserBN1)
|
|t:|1756576774
|teamsize|p1|4
|teamsize|p2|4
|start
|switch|p1a: Golden Wind|Dragonite, L50, M|100/100
|switch|p1b: Say Cheese|Gholdengo, L50|100/100
|switch|p2a: Rillaboom|Rillaboom, L50, M|100/100
|switch|p2b: Dragapult|Dragapult, L50, M|100/100
|-fieldstart|move: Grassy Terrain|[from] ability: Grassy Surge|[of] p2a: Rillaboom
|turn|1
|inactive|KaiserBN1 has 30 seconds left.
|inactive|Dat guy In black has 30 seconds left.
|
|t:|1756576805
|move|p1a: Golden Wind|Protect|p1a: Golden Wind
|-singleturn|p1a: Golden Wind|Protect
|move|p2a: Rillaboom|Fake Out|p1a: Golden Wind
|-activate|p1a: Golden Wind|move: Protect
|move|p2b: Dragapult|U-turn|p1b: Say Cheese
|-resisted|p1b: Say Cheese
|-damage|p1b: Say Cheese|90/100
|
|t:|1756576808
|switch|p2b: Volcarona|Volcarona, L50, F|100/100|[from] U-turn
|move|p1b: Say Cheese|Nasty Plot|p1b: Say Cheese
|-boost|p1b: Say Cheese|spa|2
|
|-heal|p1b: Say Cheese|96/100|[from] Grassy Terrain
|upkeep
|turn|2
|
|t:|1756576823
|move|p1b: Say Cheese|Shadow Ball|p2b: Volcarona
|-damage|p2b: Volcarona|2/100
|-damage|p1b: Say Cheese|87/100|[from] item: Life Orb
|move|p2b: Volcarona|Heat Wave|p1a: Golden Wind|[spread] p1a,p1b
|-resisted|p1a: Golden Wind
|-supereffective|p1b: Say Cheese
|-damage|p1a: Golden Wind|92/100
|-damage|p1b: Say Cheese|9/100
|move|p1a: Golden Wind|Tailwind|p1a: Golden Wind
|-sidestart|p1: KaiserBN1|move: Tailwind
|move|p2a: Rillaboom|Wood Hammer|p1b: Say Cheese
|-resisted|p1b: Say Cheese
|-damage|p1b: Say Cheese|0 fnt
|faint|p1b: Say Cheese
|-damage|p2a: Rillaboom|98/100|[from] Recoil
|
|-heal|p2b: Volcarona|8/100|[from] Grassy Terrain
|-heal|p2a: Rillaboom|100/100|[from] Grassy Terrain
|upkeep
|inactive|KaiserBN1 has 30 seconds left.
|
|t:|1756576854
|switch|p1b: Tony|Ursaluna-Bloodmoon, L50, M|100/100
|turn|3
|inactive|KaiserBN1 has 30 seconds left.
|
|t:|1756576888
|-terastallize|p1b: Tony|Water
|move|p2b: Volcarona|Protect|p2b: Volcarona
|-singleturn|p2b: Volcarona|Protect
|move|p2a: Rillaboom|Grassy Glide|p1b: Tony
|-supereffective|p1b: Tony
|-damage|p1b: Tony|42/100
|move|p1a: Golden Wind|Scale Shot|p2a: Rillaboom
|-damage|p2a: Rillaboom|85/100
|-crit|p2a: Rillaboom
|-damage|p2a: Rillaboom|61/100
|-damage|p2a: Rillaboom|46/100
|-damage|p2a: Rillaboom|31/100
|-hitcount|p2a: Rillaboom|4
|-unboost|p1a: Golden Wind|def|1
|-boost|p1a: Golden Wind|spe|1
|move|p1b: Tony|Hyper Voice|p2b: Volcarona|[spread] p2a
|-activate|p2b: Volcarona|move: Protect
|-damage|p2a: Rillaboom|6/100
|
|-heal|p1b: Tony|47/100|[from] Grassy Terrain
|-heal|p2b: Volcarona|15/100|[from] Grassy Terrain
|-heal|p2a: Rillaboom|12/100|[from] Grassy Terrain
|upkeep
|turn|4
|inactive|KaiserBN1 has 30 seconds left.
|inactive|KaiserBN1 has 20 seconds left.
|inactive|KaiserBN1 has 15 seconds left.
|inactive|KaiserBN1 has 10 seconds left.
|
|t:|1756576935
|-terastallize|p2b: Volcarona|Fairy
|move|p1b: Tony|Vacuum Wave|p2a: Rillaboom
|-damage|p2a: Rillaboom|2/100
|move|p2a: Rillaboom|Grassy Glide|p1b: Tony
|-supereffective|p1b: Tony
|-crit|p1b: Tony
|-damage|p1b: Tony|0 fnt
|faint|p1b: Tony
|move|p1a: Golden Wind|Scale Shot|p2b: Volcarona
|-immune|p2b: Volcarona
|move|p2b: Volcarona|Tera Blast|p1a: Golden Wind|[anim] Tera Blast Fairy
|-supereffective|p1a: Golden Wind
|-damage|p1a: Golden Wind|11/100
|
|-heal|p2b: Volcarona|21/100|[from] Grassy Terrain
|-heal|p2a: Rillaboom|8/100|[from] Grassy Terrain
|upkeep
|
|t:|1756576949
|switch|p1b: 8|Sneasler, L50, F|100/100
|turn|5
|inactive|Dat guy In black has 30 seconds left.
|inactive|Dat guy In black has 20 seconds left.
|
|t:|1756576990
|switch|p2a: Sneasler|Sneasler, L50, F|100/100
|move|p1a: Golden Wind|Protect|p1a: Golden Wind
|-singleturn|p1a: Golden Wind|Protect
|move|p2b: Volcarona|Protect|p2b: Volcarona
|-singleturn|p2b: Volcarona|Protect
|move|p1b: 8|Dire Claw|p2a: Sneasler
|-resisted|p2a: Sneasler
|-damage|p2a: Sneasler|64/100
|
|-heal|p2a: Sneasler|70/100|[from] Grassy Terrain
|-heal|p2b: Volcarona|27/100|[from] Grassy Terrain
|-sideend|p1: KaiserBN1|move: Tailwind
|-fieldend|move: Grassy Terrain
|upkeep
|turn|6
|
|t:|1756577014
|move|p1a: Golden Wind|Tailwind|p1a: Golden Wind
|-sidestart|p1: KaiserBN1|move: Tailwind
|move|p1b: 8|Dire Claw|p2b: Volcarona
|-supereffective|p2b: Volcarona
|-damage|p2b: Volcarona|0 fnt
|faint|p2b: Volcarona
|move|p2a: Sneasler|Dire Claw|p1a: Golden Wind
|-damage|p1a: Golden Wind|0 fnt
|faint|p1a: Golden Wind
|
|upkeep
|
|t:|1756577021
|switch|p2b: Rillaboom|Rillaboom, L50, M|8/100
|-fieldstart|move: Grassy Terrain|[from] ability: Grassy Surge|[of] p2b: Rillaboom
|turn|7
|
|t:|1756577029
|move|p1b: 8|Protect|p1b: 8
|-singleturn|p1b: 8|Protect
|move|p2b: Rillaboom|Fake Out|p1b: 8
|-activate|p1b: 8|move: Protect
|move|p2a: Sneasler|Dire Claw|p1b: 8
|-activate|p1b: 8|move: Protect
|
|-heal|p2a: Sneasler|75/100|[from] Grassy Terrain
|-heal|p2b: Rillaboom|14/100|[from] Grassy Terrain
|upkeep
|turn|8
|
|t:|1756577044
|move|p2b: Rillaboom|Grassy Glide|p1b: 8
|-resisted|p1b: 8
|-damage|p1b: 8|69/100
|move|p1b: 8|Dire Claw|p2b: Rillaboom
|-supereffective|p2b: Rillaboom
|-damage|p2b: Rillaboom|0 fnt
|faint|p2b: Rillaboom
|move|p2a: Sneasler|Dire Claw|p1b: 8
|-resisted|p1b: 8
|-damage|p1b: 8|33/100
|
|-heal|p1b: 8|38/100|[from] Grassy Terrain
|-heal|p2a: Sneasler|81/100|[from] Grassy Terrain
|upkeep
|
|t:|1756577047
|switch|p2b: Dragapult|Dragapult, L50, M|100/100
|turn|9
|
|t:|1756577060
|move|p1b: 8|Dire Claw|p2a: Sneasler
|-resisted|p2a: Sneasler
|-damage|p2a: Sneasler|46/100
|move|p2b: Dragapult|Dragon Darts|p1b: 8
|-damage|p1b: 8|0 fnt
|faint|p1b: 8
|
|win|Dat guy In black
|raw|KaiserBN1's rating: 1069 → 1050(-19 for losing)
|raw|Dat guy In black's rating: 1087 → 1113(+26 for winning)
|c|☆KaiserBN1|gg
