|j|☆WashYoButt
|j|☆ErikT007
|html|WashYoButtErikT007    
|uhtml|bestof|Game 2 of a best-of-3
|t:|1757704420
|gametype|doubles
|player|p1|WashYoButt|ariana|1132
|player|p2|ErikT007|lucas-gen4pt|1130
|gen|9
|tier|[Gen 9] VGC 2025 Reg H (Bo3)
|rated|
|rule|Species Clause: Limit one of each Pokémon
|rule|Item Clause: Limit 1 of each item
|clearpoke
|poke|p1|Gholdengo, L50|
|poke|p1|Basculegion, L50, M|
|poke|p1|Amoonguss, L50, F|
|poke|p1|Kommo-o, L50, F|
|poke|p1|Ninetales-Alola, L50, F|
|poke|p1|Incineroar, L50, M|
|poke|p2|Leafeon, L50, M|
|poke|p2|Floatzel, L50, M|
|poke|p2|Politoed, L50, M|
|poke|p2|Sneasler, L50, M|
|poke|p2|Archaludon, L50, M|
|poke|p2|Rillaboom, L50, F|
|teampreview|4
|showteam|p1|Gholdengo||LifeOrb|GoodasGold|Protect,NastyPlot,ShadowBall,MakeItRain||||||50|,,,,,Water]Basculegion||ChoiceScarf|Adaptability|WaveCrash,LastRespects,AquaJet,FlipTurn|||M|||50|,,,,,Grass]Amoonguss||RockyHelmet|Regenerator|Spore,PollenPuff,RagePowder,ClearSmog|||F|||50|,,,,,Water]Kommo-o||Leftovers|Overcoat|IronDefense,BodyPress,Flamethrower,Protect|||F|||50|,,,,,Fire]Ninetales-Alola||FocusSash|SnowWarning|Protect,Moonblast,Blizzard,FreezeDry|||F|||50|,,,,,Ghost]Incineroar||SafetyGoggles|Intimidate|KnockOff,FlareBlitz,FakeOut,PartingShot|||M|||50|,,,,,Ghost
|showteam|p2|Leafeon||CovertCloak|Chlorophyll|RainDance,KnockOff,Yawn,HelpingHand|||M|||50|,,,,,Dark]Floatzel||ChoiceBand|SwiftSwim|IceSpinner,WaveCrash,Crunch,AquaJet|||M|||50|,,,,,Ice]Politoed||SitrusBerry|Drizzle|Haze,EarthPower,IceBeam,WeatherBall|||M|||50|,,,,,Grass]Sneasler||GrassySeed|Unburden|Acrobatics,Protect,DireClaw,CloseCombat|||M|||50|,,,,,Ghost]Archaludon||PowerHerb|Stalwart|ElectroShot,DragonPulse,FlashCannon,Protect|||M|||50|,,,,,Electric]Rillaboom||AssaultVest|GrassySurge|FakeOut,GrassyGlide,WoodHammer,StompingTantrum|||F|||50|,,,,,Ghost
|inactive|Battle timer is ON: inactive players will automatically lose when time's up. (requested by ErikT007)
|
|t:|1757704445
|teamsize|p1|4
|teamsize|p2|4
|start
|switch|p1a: Incineroar|Incineroar, L50, M|100/100
|switch|p1b: Basculegion|Basculegion, L50, M|100/100
|switch|p2a: Archaludon|Archaludon, L50, M|100/100
|switch|p2b: Rillaboom|Rillaboom, L50, F|100/100
|-fieldstart|move: Grassy Terrain|[from] ability: Grassy Surge|[of] p2b: Rillaboom
|-ability|p1a: Incineroar|Intimidate|boost
|-unboost|p2a: Archaludon|atk|1
|-unboost|p2b: Rillaboom|atk|1
|turn|1
|
|t:|1757704461
|-terastallize|p1a: Incineroar|Ghost
|move|p2b: Rillaboom|Fake Out|p1a: Incineroar
|-immune|p1a: Incineroar
|move|p1a: Incineroar|Fake Out|p2b: Rillaboom
|-damage|p2b: Rillaboom|89/100
|move|p1b: Basculegion|Flip Turn|p2a: Archaludon
|-resisted|p2a: Archaludon
|-damage|p2a: Archaludon|83/100
|
|t:|1757704467
|switch|p1b: Ninetales|Ninetales-Alola, L50, F|100/100|[from] Flip Turn
|-weather|Snowscape|[from] ability: Snow Warning|[of] p1b: Ninetales
|move|p2a: Archaludon|Electro Shot||[still]
|-prepare|p2a: Archaludon|Electro Shot
|-boost|p2a: Archaludon|spa|1
|-enditem|p2a: Archaludon|Power Herb
|-anim|p2a: Archaludon|Electro Shot|p1b: Ninetales
|-damage|p1b: Ninetales|21/100
|
|-weather|Snowscape|[upkeep]
|-heal|p1b: Ninetales|27/100|[from] Grassy Terrain
|-heal|p2a: Archaludon|89/100|[from] Grassy Terrain
|-heal|p2b: Rillaboom|95/100|[from] Grassy Terrain
|upkeep
|turn|2
|
|t:|1757704486
|move|p1b: Ninetales|Protect|p1b: Ninetales
|-singleturn|p1b: Ninetales|Protect
|move|p2a: Archaludon|Flash Cannon|p1b: Ninetales
|-activate|p1b: Ninetales|move: Protect
|move|p2b: Rillaboom|Stomping Tantrum|p1a: Incineroar
|-damage|p1a: Incineroar|68/100
|move|p1a: Incineroar|Parting Shot|p2a: Archaludon
|-unboost|p2a: Archaludon|atk|1
|-unboost|p2a: Archaludon|spa|1
|
|t:|1757704494
|switch|p1a: Gholdengo|Gholdengo, L50|100/100|[from] Parting Shot
|
|-weather|Snowscape|[upkeep]
|-heal|p1b: Ninetales|33/100|[from] Grassy Terrain
|-heal|p2a: Archaludon|95/100|[from] Grassy Terrain
|-heal|p2b: Rillaboom|100/100|[from] Grassy Terrain
|upkeep
|turn|3
|
|t:|1757704504
|switch|p1b: Incineroar|Incineroar, L50, M, tera:Ghost|68/100
|-ability|p1b: Incineroar|Intimidate|boost
|-unboost|p2a: Archaludon|atk|1
|-unboost|p2b: Rillaboom|atk|1
|switch|p2b: Politoed|Politoed, L50, M|100/100
|-weather|RainDance|[from] ability: Drizzle|[of] p2b: Politoed
|-terastallize|p2a: Archaludon|Electric
|move|p2a: Archaludon|Electro Shot||[still]
|-prepare|p2a: Archaludon|Electro Shot
|-boost|p2a: Archaludon|spa|1
|-anim|p2a: Archaludon|Electro Shot|p1a: Gholdengo
|-damage|p1a: Gholdengo|0 fnt
|faint|p1a: Gholdengo
|
|-weather|RainDance|[upkeep]
|-heal|p2a: Archaludon|100/100|[from] Grassy Terrain
|-heal|p1b: Incineroar|74/100|[from] Grassy Terrain
|upkeep
|
|t:|1757704519
|switch|p1a: Ninetales|Ninetales-Alola, L50, F|33/100
|-weather|Snowscape|[from] ability: Snow Warning|[of] p1a: Ninetales
|turn|4
|
|t:|1757704527
|move|p1a: Ninetales|Blizzard|p2b: Politoed|[spread] p2a,p2b
|-resisted|p2b: Politoed
|-damage|p2a: Archaludon|56/100
|-damage|p2b: Politoed|91/100
|-status|p2a: Archaludon|frz
|-curestatus|p2a: Archaludon|frz|[msg]
|move|p2a: Archaludon|Flash Cannon|p1a: Ninetales
|-supereffective|p1a: Ninetales
|-damage|p1a: Ninetales|0 fnt
|faint|p1a: Ninetales
|move|p2b: Politoed|Earth Power|p1b: Incineroar
|-damage|p1b: Incineroar|57/100
|-unboost|p1b: Incineroar|spd|1
|move|p1b: Incineroar|Knock Off|p2a: Archaludon
|-damage|p2a: Archaludon|32/100
|
|-weather|Snowscape|[upkeep]
|-heal|p2a: Archaludon|38/100|[from] Grassy Terrain
|-heal|p2b: Politoed|97/100|[from] Grassy Terrain
|-heal|p1b: Incineroar|63/100|[from] Grassy Terrain
|upkeep
|
|t:|1757704541
|switch|p1a: Basculegion|Basculegion, L50, M|100/100
|turn|5
|
|t:|1757704555
|move|p1a: Basculegion|Last Respects|p2a: Archaludon
|-damage|p2a: Archaludon|0 fnt
|faint|p2a: Archaludon
|move|p2b: Politoed|Weather Ball|p1b: Incineroar
|-damage|p1b: Incineroar|39/100
|move|p1b: Incineroar|Knock Off|p2b: Politoed
|-damage|p2b: Politoed|55/100
|-enditem|p2b: Politoed|Sitrus Berry|[from] move: Knock Off|[of] p1b: Incineroar
|
|-weather|Snowscape|[upkeep]
|-heal|p2b: Politoed|61/100|[from] Grassy Terrain
|-heal|p1b: Incineroar|45/100|[from] Grassy Terrain
|-fieldend|move: Grassy Terrain
|upkeep
|
|t:|1757704561
|switch|p2a: Rillaboom|Rillaboom, L50, F|100/100
|-fieldstart|move: Grassy Terrain|[from] ability: Grassy Surge|[of] p2a: Rillaboom
|turn|6
|
|t:|1757704577
|move|p2a: Rillaboom|Grassy Glide|p1a: Basculegion
|-supereffective|p1a: Basculegion
|-damage|p1a: Basculegion|2/100
|move|p1a: Basculegion|Last Respects|p2a: Rillaboom
|-damage|p2a: Rillaboom|0 fnt
|faint|p2a: Rillaboom
|move|p2b: Politoed|Weather Ball|p1b: Incineroar
|-damage|p1b: Incineroar|19/100
|move|p1b: Incineroar|Flare Blitz|p2b: Politoed
|-resisted|p2b: Politoed
|-damage|p2b: Politoed|35/100
|-damage|p1b: Incineroar|10/100|[from] Recoil
|
|-weather|Snowscape|[upkeep]
|-heal|p1a: Basculegion|8/100|[from] Grassy Terrain
|-heal|p2b: Politoed|42/100|[from] Grassy Terrain
|-heal|p1b: Incineroar|16/100|[from] Grassy Terrain
|upkeep
|
|t:|1757704586
|switch|p2a: Sneasler|Sneasler, L50, M|100/100
|-enditem|p2a: Sneasler|Grassy Seed
|-boost|p2a: Sneasler|def|1|[from] item: Grassy Seed
|turn|7
|
|t:|1757704596
|move|p2a: Sneasler|Acrobatics|p1a: Basculegion
|-damage|p1a: Basculegion|0 fnt
|faint|p1a: Basculegion
|move|p2b: Politoed|Weather Ball|p1b: Incineroar
|-damage|p1b: Incineroar|0 fnt
|faint|p1b: Incineroar
|
|win|ErikT007
||ErikT007 is ready for game 3.
|inactive|WashYoButt has 30 seconds to confirm battle start!
||WashYoButt is ready for game 3.
|uhtml|next|Next: Game 3 of 3
|l|☆WashYoButt
|player|p1|
