|j|‽Juaner95
|j|☆Croissant996
|html|Juaner95Croissant996    
|uhtml|bestof|Game 2 of a best-of-3
|t:|1786159018
|gametype|doubles
|player|p1|Juaner95|ash-hoenn|1152
|player|p2|Croissant996|102|1030
|gen|9
|tier|[Gen 9 Champions] VGC 2026 Reg M-B (Bo3)
|rated|
|rule|Species Clause: Limit one of each Pokémon
|rule|Item Clause: Limit 1 of each item
|clearpoke
|poke|p1|Falinks, L50|
|poke|p1|Farigiraf, L50, M, shiny|
|poke|p1|Staraptor, L50, F|
|poke|p1|Incineroar, L50, M|
|poke|p1|Kingambit, L50, M|
|poke|p1|Sinistcha-Masterpiece, L50|
|poke|p2|Froslass, L50, F|
|poke|p2|Whimsicott, L50, M|
|poke|p2|Aurorus, L50, F|
|poke|p2|Staraptor, L50, F|
|poke|p2|Oranguru, L50, F|
|poke|p2|Mamoswine, L50, M|
|teampreview|4
|showteam|p1|Falinks||Falinksite|Defiant|CloseCombat,RockSlide,Protect,NoRetreat|Adamant|||||50|]Farigiraf||SitrusBerry|ArmorTail|Psychic,HelpingHand,AllySwitch,TrickRoom|Bold||M|||50|]Staraptor||ChoiceScarf|Intimidate|FinalGambit,DualWingbeat,CloseCombat,Tailwind|Jolly||F|||50|]Incineroar||LumBerry|Intimidate|FlareBlitz,ThroatChop,PartingShot,FakeOut|Careful||M|||50|]Kingambit||BlackGlasses|Defiant|KowtowCleave,IronHead,SuckerPunch,LowKick|Brave||M|||50|]Sinistcha-Masterpiece||KasibBerry|Hospitality|MatchaGotcha,RagePowder,TrickRoom,LifeDew|Relaxed|||||50|
|showteam|p2|Froslass||Froslassite|CursedBody|Blizzard,ShadowBall,DrainingKiss,HelpingHand|Timid||F|||50|]Whimsicott||FocusSash|Prankster|Tailwind,HelpingHand,Charm,Encore|Bold||M|||50|]Aurorus||LifeOrb|Refrigerate|HyperVoice,CalmMind,AncientPower,AuroraVeil|Modest||F|||50|]Staraptor||Staraptite|Intimidate|CloseCombat,BraveBird,Whirlwind,Roost|Adamant||F|||50|]Oranguru||Leftovers|InnerFocus|Instruct,Encore,KnockOff,LightScreen|Careful||F|||50|]Mamoswine||NeverMeltIce|ThickFat|HighHorsepower,KnockOff,IceShard,IcicleCrash|Serious||M|||50|
|inactive|Battle timer is ON: inactive players will automatically lose when time's up. (requested by Croissant996)
|inactive|Juaner95 has 60 seconds left.
|inactive|Juaner95 has 30 seconds left.
|inactive|Juaner95 has 20 seconds left.
|
|t:|1786159148
|teamsize|p1|4
|teamsize|p2|4
|start
|switch|p1a: Staraptor|Staraptor, L50, F|100/100
|switch|p1b: Incineroar|Incineroar, L50, M|100/100
|switch|p2a: Staraptor|Staraptor, L50, F|100/100
|switch|p2b: Whimsicott|Whimsicott, L50, M|100/100
|-ability|p1a: Staraptor|Intimidate|boost
|-unboost|p2a: Staraptor|atk|1
|-unboost|p2b: Whimsicott|atk|1
|-ability|p2a: Staraptor|Intimidate|boost
|-unboost|p1a: Staraptor|atk|1
|-unboost|p1b: Incineroar|atk|1
|-ability|p1b: Incineroar|Intimidate|boost
|-unboost|p2a: Staraptor|atk|1
|-unboost|p2b: Whimsicott|atk|1
|turn|1
|inactive|Croissant996 has 30 seconds left.
|
|t:|1786159175
|switch|p2a: Oranguru|Oranguru, L50, F|100/100
|move|p1b: Incineroar|Fake Out|p2b: Whimsicott
|-damage|p2b: Whimsicott|93/100
|cant|p2b: Whimsicott|flinch
|move|p1a: Staraptor|Dual Wingbeat|p2b: Whimsicott
|-supereffective|p2b: Whimsicott|1
|-damage|p2b: Whimsicott|74/100
|-supereffective|p2b: Whimsicott|1
|-damage|p2b: Whimsicott|55/100
|-hitcount|p2b: Whimsicott|2
|
|upkeep
|turn|2
|inactive|Juaner95 has 30 seconds left.
|
|t:|1786159207
|switch|p1a: Farigiraf|Farigiraf, L50, M, shiny|100/100
|move|p2b: Whimsicott|Tailwind|p2b: Whimsicott
|-sidestart|p2: Croissant996|move: Tailwind
|move|p2a: Oranguru|Knock Off|p1b: Incineroar
|-resisted|p1b: Incineroar|1
|-damage|p1b: Incineroar|93/100
|-enditem|p1b: Incineroar|Lum Berry|[from] move: Knock Off|[of] p2a: Oranguru
|move|p1b: Incineroar|Parting Shot|p2a: Oranguru
|-unboost|p2a: Oranguru|atk|1
|-unboost|p2a: Oranguru|spa|1
|
|t:|1786159217
|switch|p1b: Staraptor|Staraptor, L50, F|100/100|[from] Parting Shot
|-ability|p1b: Staraptor|Intimidate|boost
|-fail|p2a: Oranguru|unboost|Attack|[from] ability: Inner Focus|[of] p2a: Oranguru
|-unboost|p2b: Whimsicott|atk|1
|
|upkeep
|turn|3
|inactive|Croissant996 has 30 seconds left.
|
|t:|1786159251
|switch|p2a: Staraptor|Staraptor, L50, F|100/100
|-ability|p2a: Staraptor|Intimidate|boost
|-unboost|p1a: Farigiraf|atk|1
|-unboost|p1b: Staraptor|atk|1
|move|p2b: Whimsicott|Charm||[still]
|cant|p1a: Farigiraf|ability: Armor Tail|Charm|[of] p2b: Whimsicott
|move|p1b: Staraptor|Final Gambit|p2a: Staraptor
|-damage|p2a: Staraptor|0 fnt
|faint|p1b: Staraptor
|faint|p2a: Staraptor
|move|p1a: Farigiraf|Trick Room|p1a: Farigiraf
|-fieldstart|move: Trick Room|[of] p1a: Farigiraf
|
|upkeep
|inactive|Juaner95 has 30 seconds left.
|inactive|Juaner95 has 20 seconds left.
|inactive|Juaner95 has 15 seconds left.
|inactive|Juaner95 has 10 seconds left.
|
|t:|1786159298
|switch|p2a: Mamoswine|Mamoswine, L50, M|100/100
|switch|p1b: Incineroar|Incineroar, L50, M|93/100
|-ability|p1b: Incineroar|Intimidate|boost
|-unboost|p2a: Mamoswine|atk|1
|-unboost|p2b: Whimsicott|atk|1
|turn|4
|inactive|Croissant996 has 30 seconds left.
|
|t:|1786159327
|move|p1b: Incineroar|Fake Out|p2a: Mamoswine
|-damage|p2a: Mamoswine|88/100
|move|p2b: Whimsicott|Tailwind||[still]
|-fail|p2b: Whimsicott
|move|p1a: Farigiraf|Psychic|p2b: Whimsicott
|-crit|p2b: Whimsicott
|-damage|p2b: Whimsicott|0 fnt
|faint|p2b: Whimsicott
|cant|p2a: Mamoswine|flinch
|
|upkeep
|
|t:|1786159338
|switch|p2b: Oranguru|Oranguru, L50, F|100/100
|turn|5
|
|t:|1786159350
|move|p1a: Farigiraf|Helping Hand|p1b: Incineroar
|-singleturn|p1b: Incineroar|Helping Hand|[of] p1a: Farigiraf
|move|p1b: Incineroar|Flare Blitz|p2a: Mamoswine
|-supereffective|p2a: Mamoswine|1
|-damage|p2a: Mamoswine|10/100
|-damage|p1b: Incineroar|69/100|[from] Recoil
|move|p2b: Oranguru|Instruct||[still]
|-fail|p2b: Oranguru
|move|p2a: Mamoswine|Knock Off|p1a: Farigiraf
|-supereffective|p1a: Farigiraf|1
|-damage|p1a: Farigiraf|65/100
|-enditem|p1a: Farigiraf|Sitrus Berry|[from] move: Knock Off|[of] p2a: Mamoswine
|
|-sideend|p2: Croissant996|move: Tailwind
|upkeep
|turn|6
|
|t:|1786159375
|move|p2b: Oranguru|Instruct|p2a: Mamoswine
|-singleturn|p2a: Mamoswine|move: Instruct|[of] p2b: Oranguru
|move|p2a: Mamoswine|Knock Off|p1a: Farigiraf
|-supereffective|p1a: Farigiraf|1
|-damage|p1a: Farigiraf|41/100
|move|p1a: Farigiraf|Psychic|p2a: Mamoswine
|-damage|p2a: Mamoswine|0 fnt
|faint|p2a: Mamoswine
|move|p1b: Incineroar|Throat Chop|p2b: Oranguru
|-supereffective|p2b: Oranguru|1
|-damage|p2b: Oranguru|38/100
|-start|p2b: Oranguru|Throat Chop|[silent]
|
|-heal|p2b: Oranguru|44/100|[from] item: Leftovers
|upkeep
|turn|7
|
|t:|1786159396
|move|p1a: Farigiraf|Helping Hand|p1b: Incineroar
|-singleturn|p1b: Incineroar|Helping Hand|[of] p1a: Farigiraf
|move|p2b: Oranguru|Encore|p1b: Incineroar
|-start|p1b: Incineroar|Encore
|move|p1b: Incineroar|Throat Chop|p2b: Oranguru
|-supereffective|p2b: Oranguru|1
|-damage|p2b: Oranguru|0 fnt
|faint|p2b: Oranguru
|
|win|Juaner95
||Croissant996 is ready for game 3.
|inactive|Juaner95 has 30 seconds to confirm battle start!
|inactive|Juaner95 has 20 seconds to confirm battle start!
|inactive|Juaner95 has 10 seconds to confirm battle start!
|uhtml|next|Next: Game 3 of 3
|l|☆Croissant996
|player|p2|
