|j|☆gunkqing
|j|☆Tizio20
|html|gunkqingTizio20    
|uhtml|bestof|Game 3 of a best-of-3
|t:|1756920626
|gametype|doubles
|player|p1|gunkqing|striker|
|player|p2|Tizio20|hilda-wonderlauncher|
|gen|9
|tier|[Gen 9] VGC 2025 Reg H (Bo3)
|rule|Species Clause: Limit one of each Pokémon
|rule|Item Clause: Limit 1 of each item
|clearpoke
|poke|p1|Rillaboom, L50, F|
|poke|p1|Electabuzz, L50, M|
|poke|p1|Kommo-o, L50, F|
|poke|p1|Incineroar, L50, F|
|poke|p1|Basculegion, L50, M|
|poke|p1|Sylveon, L50, M|
|poke|p2|Typhlosion-Hisui, L50, M|
|poke|p2|Whimsicott, L50, F|
|poke|p2|Gyarados, L50, M|
|poke|p2|Ursaluna-Bloodmoon, L50, M|
|poke|p2|Kingambit, L50, F|
|poke|p2|Gengar, L50, M|
|teampreview|4
|showteam|p1|Rillaboom||MeadowPlate|GrassySurge|FakeOut,WoodHammer,GrassyGlide,Uturn|||F|||50|,,,,,Fire]Electabuzz||Eviolite|VitalSpirit|FollowMe,Thunderbolt,Taunt,Protect|||M|||50|,,,,,Dragon]Kommo-o||Leftovers|Soundproof|ClangingScales,ClangorousSoul,Flamethrower,Protect|||F|||50|,,,,,Fire]Incineroar||AssaultVest|Intimidate|FakeOut,FlareBlitz,KnockOff,Uturn|||F|||50|,,,,,Ghost]Basculegion||ChoiceScarf|Adaptability|WaveCrash,AquaJet,LastRespects,FlipTurn|||M|||50|,,,,,Grass]Sylveon||LifeOrb|Pixilate|HyperVoice,Moonblast,Reflect,Detect|||M|||50|,,,,,Fairy
|showteam|p2|Typhlosion-Hisui||ChoiceSpecs|Blaze|Eruption,HeatWave,Overheat,ShadowBall|||M|||50|,,,,,Fire]Whimsicott||CovertCloak|Prankster|Tailwind,SunnyDay,FakeTears,Moonblast|||F|||50|,,,,,Water]Gyarados||SafetyGoggles|Intimidate|Waterfall,ThunderWave,Taunt,Protect|||M|||50|,,,,,Steel]Ursaluna-Bloodmoon||LifeOrb|MindsEye|Protect,BloodMoon,HyperVoice,EarthPower|||M|||50|,,,,,Normal]Kingambit||AssaultVest|Defiant|KowtowCleave,SuckerPunch,IronHead,LowKick|||F|||50|,,,,,Fairy]Gengar||FocusSash|CursedBody|SludgeBomb,ShadowBall,Haze,Protect|||M|||50|,,,,,Stellar
|inactive|Battle timer is ON: inactive players will automatically lose when time's up. (requested by gunkqing)
|inactive|gunkqing has 60 seconds left.
|
|t:|1756920672
|teamsize|p1|4
|teamsize|p2|4
|start
|switch|p1a: Electabuzz|Electabuzz, L50, M|100/100
|switch|p1b: Sylveon|Sylveon, L50, M|100/100
|switch|p2a: Whimsicott|Whimsicott, L50, F|100/100
|switch|p2b: Gyarados|Gyarados, L50, M|100/100
|-ability|p2b: Gyarados|Intimidate|boost
|-unboost|p1a: Electabuzz|atk|1
|-unboost|p1b: Sylveon|atk|1
|turn|1
|
|t:|1756920692
|move|p2a: Whimsicott|Tailwind|p2a: Whimsicott
|-sidestart|p2: Tizio20|move: Tailwind
|move|p2b: Gyarados|Taunt|p1a: Electabuzz
|-start|p1a: Electabuzz|move: Taunt
|move|p1a: Electabuzz|Thunderbolt|p2b: Gyarados
|-supereffective|p2b: Gyarados
|-damage|p2b: Gyarados|0 fnt
|faint|p2b: Gyarados
|move|p1b: Sylveon|Hyper Voice|p2a: Whimsicott
|-damage|p2a: Whimsicott|2/100
|-damage|p1b: Sylveon|91/100|[from] item: Life Orb
|
|upkeep
|
|t:|1756920699
|switch|p2b: Gengar|Gengar, L50, M|100/100
|turn|2
|
|t:|1756920717
|switch|p2a: Ursaluna|Ursaluna-Bloodmoon, L50, M|100/100
|move|p1b: Sylveon|Detect|p1b: Sylveon
|-singleturn|p1b: Sylveon|Protect
|move|p2b: Gengar|Sludge Bomb|p1b: Sylveon
|-activate|p1b: Sylveon|move: Protect
|move|p1a: Electabuzz|Thunderbolt|p2b: Gengar
|-damage|p2b: Gengar|50/100
|
|upkeep
|turn|3
|inactive|Tizio20 has 30 seconds left.
|
|t:|1756920744
|switch|p1a: Rillaboom|Rillaboom, L50, F|100/100
|-fieldstart|move: Grassy Terrain|[from] ability: Grassy Surge|[of] p1a: Rillaboom
|switch|p1b: Basculegion|Basculegion, L50, M|100/100
|move|p2a: Ursaluna|Protect|p2a: Ursaluna
|-singleturn|p2a: Ursaluna|Protect
|move|p2b: Gengar|Sludge Bomb|p1a: Rillaboom
|-supereffective|p1a: Rillaboom
|-damage|p1a: Rillaboom|8/100
|
|-heal|p2b: Gengar|56/100|[from] Grassy Terrain
|-heal|p1a: Rillaboom|14/100|[from] Grassy Terrain
|upkeep
|turn|4
|inactive|gunkqing has 30 seconds left.
|inactive|Tizio20 has 30 seconds left.
|inactive|gunkqing has 20 seconds left.
|
|t:|1756920782
|move|p1a: Rillaboom|Fake Out|p2a: Ursaluna
|-crit|p2a: Ursaluna
|-damage|p2a: Ursaluna|86/100
|move|p2b: Gengar|Sludge Bomb|p1b: Basculegion
|-resisted|p1b: Basculegion
|-crit|p1b: Basculegion
|-damage|p1b: Basculegion|57/100
|cant|p2a: Ursaluna|flinch
|move|p1b: Basculegion|Flip Turn|p2b: Gengar
|-damage|p2b: Gengar|0 fnt
|faint|p2b: Gengar
|
|t:|1756920794
|switch|p1b: Electabuzz|Electabuzz, L50, M|100/100|[from] Flip Turn
|
|-heal|p2a: Ursaluna|92/100|[from] Grassy Terrain
|-heal|p1a: Rillaboom|19/100|[from] Grassy Terrain
|-sideend|p2: Tizio20|move: Tailwind
|upkeep
|
|t:|1756920797
|switch|p2b: Whimsicott|Whimsicott, L50, F|2/100
|turn|5
|inactive|gunkqing has 30 seconds left.
|
|t:|1756920824
|-terastallize|p2a: Ursaluna|Normal
|move|p1b: Electabuzz|Protect|p1b: Electabuzz
|-singleturn|p1b: Electabuzz|Protect
|move|p2b: Whimsicott|Tailwind|p2b: Whimsicott
|-sidestart|p2: Tizio20|move: Tailwind
|move|p1a: Rillaboom|Grassy Glide|p2b: Whimsicott
|-resisted|p2b: Whimsicott
|-damage|p2b: Whimsicott|0 fnt
|faint|p2b: Whimsicott
|move|p2a: Ursaluna|Hyper Voice|p1a: Rillaboom|[spread] p1a
|-activate|p1b: Electabuzz|move: Protect
|-damage|p1a: Rillaboom|0 fnt
|faint|p1a: Rillaboom
|-damage|p2a: Ursaluna|82/100|[from] item: Life Orb
|
|-heal|p2a: Ursaluna|87/100|[from] Grassy Terrain
|upkeep
|
|t:|1756920833
|switch|p1a: Sylveon|Sylveon, L50, M|91/100
|turn|6
|
|t:|1756920845
|-terastallize|p1a: Sylveon|Fairy
|move|p1b: Electabuzz|Follow Me|p1b: Electabuzz
|-singleturn|p1b: Electabuzz|move: Follow Me
|move|p2a: Ursaluna|Earth Power|p1b: Electabuzz
|-supereffective|p1b: Electabuzz
|-damage|p1b: Electabuzz|0 fnt
|faint|p1b: Electabuzz
|-damage|p2a: Ursaluna|77/100|[from] item: Life Orb
|move|p1a: Sylveon|Hyper Voice|p2a: Ursaluna
|-damage|p2a: Ursaluna|0 fnt
|faint|p2a: Ursaluna
|-damage|p1a: Sylveon|81/100|[from] item: Life Orb
|
|win|gunkqing
|c|☆Tizio20|gg
|c|☆gunkqing|ggs
|l|☆Tizio20
|player|p2|
