|j|☆Leif Abdala
|j|☆TheLeoj
|html|Leif AbdalaTheLeoj    
|uhtml|bestof|Game 1 of a best-of-3
|t:|1783914423
|gametype|doubles
|player|p1|Leif Abdala|169|1141
|player|p2|TheLeoj|265|1115
|gen|9
|tier|[Gen 9 Champions] VGC 2026 Reg M-B (Bo3)
|rated|
|rule|Species Clause: Limit one of each Pokémon
|rule|Item Clause: Limit 1 of each item
|clearpoke
|poke|p1|Charizard, L50, F, shiny|
|poke|p1|Whimsicott, L50, M|
|poke|p1|Incineroar, L50, F|
|poke|p1|Venusaur, L50, F|
|poke|p1|Garchomp, L50, M|
|poke|p1|Staraptor, L50, F|
|poke|p2|Politoed, L50, M, shiny|
|poke|p2|Incineroar, L50, F, shiny|
|poke|p2|Gengar, L50, M, shiny|
|poke|p2|Archaludon, L50, M, shiny|
|poke|p2|Swampert, L50, M, shiny|
|poke|p2|Vivillon-Elegant, L50, M, shiny|
|teampreview|4
|showteam|p1|Charizard||CharizarditeY|Blaze|WeatherBall,HeatWave,Protect,SolarBeam|Serious||F|||50|]Whimsicott||FocusSash|Prankster|Tailwind,DazzlingGleam,FakeTears,Charm|Rash||M|||50|]Incineroar||SitrusBerry|Intimidate|DarkestLariat,FakeOut,FlareBlitz,PartingShot|Adamant||F|||50|]Venusaur||LifeOrb|Chlorophyll|SludgeBomb,GigaDrain,SleepPowder,Protect|Modest||F|||50|]Garchomp||ChoiceScarf|RoughSkin|Earthquake,RockSlide,DracoMeteor,StompingTantrum|Serious||M|||50|]Staraptor||Staraptite|Intimidate|BraveBird,CloseCombat,Protect,Roost|Adamant||F|||50|
|showteam|p2|Politoed||SitrusBerry|Drizzle|WeatherBall,Encore,PerishSong,Protect|Calm||M|||50|]Incineroar||PasshoBerry|Intimidate|ThroatChop,FakeOut,PartingShot,Protect|Sassy||F|||50|]Gengar||Gengarite|CursedBody|ShadowBall,SludgeBomb,PerishSong,Protect|Timid||M|||50|]Archaludon||Leftovers|Stamina|ElectroShot,FlashCannon,DragonPulse,Protect|Bold||M|||50|]Swampert||Swampertite|Torrent|WaveCrash,Earthquake,IcePunch,Protect|Adamant||M|||50|]Vivillon-Elegant||FocusSash|CompoundEyes|Hurricane,SleepPowder,RagePowder,Protect|Timid||M|||50|
|inactive|Battle timer is ON: inactive players will automatically lose when time's up. (requested by TheLeoj)
|inactive|Leif Abdala has 60 seconds left.
|
|t:|1783914463
|teamsize|p1|4
|teamsize|p2|4
|start
|switch|p1a: Incineroar|Incineroar, L50, F|100/100
|switch|p1b: Charizard|Charizard, L50, F, shiny|100/100
|switch|p2a: Gengar|Gengar, L50, M, shiny|100/100
|switch|p2b: Incineroar|Incineroar, L50, F, shiny|100/100
|-ability|p1a: Incineroar|Intimidate|boost
|-unboost|p2a: Gengar|atk|1
|-unboost|p2b: Incineroar|atk|1
|-ability|p2b: Incineroar|Intimidate|boost
|-unboost|p1a: Incineroar|atk|1
|-unboost|p1b: Charizard|atk|1
|turn|1
|inactive|TheLeoj has 30 seconds left.
|inactive|TheLeoj has 20 seconds left.
|
|t:|1783914501
|detailschange|p2a: Gengar|Gengar-Mega, L50, M, shiny
|-mega|p2a: Gengar|Gengar|Gengarite
|detailschange|p1b: Charizard|Charizard-Mega-Y, L50, F, shiny
|-mega|p1b: Charizard|Charizard|Charizardite Y
|-weather|SunnyDay|[from] ability: Drought|[of] p1b: Charizard
|move|p2a: Gengar|Protect|p2a: Gengar
|-singleturn|p2a: Gengar|Protect
|move|p2b: Incineroar|Fake Out|p1b: Charizard
|-damage|p1b: Charizard|90/100
|cant|p1b: Charizard|flinch
|move|p1a: Incineroar|Darkest Lariat|p2a: Gengar
|-activate|p2a: Gengar|move: Protect
|
|-weather|SunnyDay|[upkeep]
|upkeep
|turn|2
|inactive|Leif Abdala has 30 seconds left.
|inactive|Leif Abdala has 20 seconds left.
|inactive|Leif Abdala has 15 seconds left.
|
|t:|1783914541
|switch|p2a: Politoed|Politoed, L50, M, shiny|100/100
|-weather|RainDance|[from] ability: Drizzle|[of] p2a: Politoed
|move|p1b: Charizard|Heat Wave|p2a: Politoed|[spread] p2a,p2b
|-resisted|p2a: Politoed|1
|-resisted|p2b: Incineroar|1
|-damage|p2a: Politoed|92/100
|-damage|p2b: Incineroar|92/100
|move|p1a: Incineroar|Darkest Lariat|p2a: Politoed
|-damage|p2a: Politoed|67/100
|move|p2b: Incineroar|Parting Shot|p1b: Charizard
|-unboost|p1b: Charizard|atk|1
|-unboost|p1b: Charizard|spa|1
|
|t:|1783914555
|switch|p2b: Archaludon|Archaludon, L50, M, shiny|100/100|[from] Parting Shot
|
|-weather|RainDance|[upkeep]
|upkeep
|turn|3
|
|t:|1783914581
|switch|p1b: Garchomp|Garchomp, L50, M|100/100
|move|p1a: Incineroar|Parting Shot|p2b: Archaludon
|-unboost|p2b: Archaludon|atk|1
|-unboost|p2b: Archaludon|spa|1
|
|t:|1783914587
|switch|p1a: Charizard|Charizard-Mega-Y, L50, F, shiny|90/100|[from] Parting Shot
|-weather|SunnyDay|[from] ability: Drought|[of] p1a: Charizard
|move|p2b: Archaludon|Electro Shot||[still]
|-prepare|p2b: Archaludon|Electro Shot
|-boost|p2b: Archaludon|spa|1
|move|p2a: Politoed|Weather Ball|p1a: Charizard
|-resisted|p1a: Charizard|1
|-damage|p1a: Charizard|74/100
|
|-weather|SunnyDay|[upkeep]
|upkeep
|turn|4
|inactive|TheLeoj has 30 seconds left.
|
|t:|1783914612
|switch|p2a: Incineroar|Incineroar, L50, F, shiny|92/100
|-ability|p2a: Incineroar|Intimidate|boost
|-unboost|p1a: Charizard|atk|1
|-unboost|p1b: Garchomp|atk|1
|move|p1b: Garchomp|Earthquake|p2a: Incineroar|[spread] p2a,p2b
|-immune|p1a: Charizard
|-supereffective|p2a: Incineroar|1
|-supereffective|p2b: Archaludon|1
|-damage|p2a: Incineroar|45/100
|-damage|p2b: Archaludon|66/100
|-ability|p2b: Archaludon|Stamina|boost
|-boost|p2b: Archaludon|def|1
|move|p1a: Charizard|Solar Beam||[still]
|-prepare|p1a: Charizard|Solar Beam
|-anim|p1a: Charizard|Solar Beam|p2a: Incineroar
|-resisted|p2a: Incineroar|1
|-damage|p2a: Incineroar|27/100
|move|p2b: Archaludon|Electro Shot|p1a: Charizard|[from] lockedmove
|-supereffective|p1a: Charizard|1
|-damage|p1a: Charizard|8/100
|
|-weather|SunnyDay|[upkeep]
|-heal|p2b: Archaludon|72/100|[from] item: Leftovers
|upkeep
|turn|5
|inactive|TheLeoj has 30 seconds left.
|
|t:|1783914642
|move|p2b: Archaludon|Protect|p2b: Archaludon
|-singleturn|p2b: Archaludon|Protect
|move|p2a: Incineroar|Fake Out|p1a: Charizard
|-damage|p1a: Charizard|0 fnt
|faint|p1a: Charizard
|move|p1b: Garchomp|Earthquake|p2b: Archaludon|[spread] p2a
|-activate|p2b: Archaludon|move: Protect
|-supereffective|p2a: Incineroar|1
|-damage|p2a: Incineroar|0 fnt
|faint|p2a: Incineroar
|
|-weather|SunnyDay|[upkeep]
|-heal|p2b: Archaludon|78/100|[from] item: Leftovers
|upkeep
|
|t:|1783914659
|switch|p1a: Incineroar|Incineroar, L50, F|100/100
|switch|p2a: Politoed|Politoed, L50, M, shiny|67/100
|-ability|p1a: Incineroar|Intimidate|boost
|-unboost|p2a: Politoed|atk|1
|-unboost|p2b: Archaludon|atk|1
|-weather|RainDance|[from] ability: Drizzle|[of] p2a: Politoed
|turn|6
|
|t:|1783914679
|move|p1b: Garchomp|Earthquake|p2b: Archaludon|[spread] p1a,p2a,p2b
|-supereffective|p1a: Incineroar|1
|-supereffective|p2b: Archaludon|1
|-damage|p1a: Incineroar|49/100
|-damage|p2a: Politoed|45/100
|-damage|p2b: Archaludon|56/100
|-ability|p2b: Archaludon|Stamina|boost
|-boost|p2b: Archaludon|def|1
|-enditem|p1a: Incineroar|Sitrus Berry|[eat]
|-heal|p1a: Incineroar|74/100|[from] item: Sitrus Berry
|-enditem|p2a: Politoed|Sitrus Berry|[eat]
|-heal|p2a: Politoed|70/100|[from] item: Sitrus Berry
|move|p1a: Incineroar|Flare Blitz|p2b: Archaludon
|-damage|p2b: Archaludon|46/100
|-ability|p2b: Archaludon|Stamina|boost
|-boost|p2b: Archaludon|def|1
|-damage|p1a: Incineroar|70/100|[from] Recoil
|move|p2b: Archaludon|Dragon Pulse|p1b: Garchomp
|-supereffective|p1b: Garchomp|1
|-damage|p1b: Garchomp|25/100
|move|p2a: Politoed|Weather Ball|p1a: Incineroar
|-supereffective|p1a: Incineroar|1
|-damage|p1a: Incineroar|0 fnt
|faint|p1a: Incineroar
|
|-weather|RainDance|[upkeep]
|-heal|p2b: Archaludon|52/100|[from] item: Leftovers
|upkeep
|
|t:|1783914700
|switch|p1a: Venusaur|Venusaur, L50, F|100/100
|turn|7
|
|t:|1783914722
|move|p1b: Garchomp|Earthquake|p2a: Politoed|[spread] p1a,p2a,p2b
|-supereffective|p2b: Archaludon|1
|-damage|p1a: Venusaur|66/100
|-damage|p2a: Politoed|47/100
|-damage|p2b: Archaludon|39/100
|-ability|p2b: Archaludon|Stamina|boost
|-boost|p2b: Archaludon|def|1
|move|p1a: Venusaur|Giga Drain|p2a: Politoed
|-supereffective|p2a: Politoed|1
|-damage|p2a: Politoed|0 fnt
|-heal|p1a: Venusaur|96/100|[from] drain|[of] p2a: Politoed
|faint|p2a: Politoed
|-damage|p1a: Venusaur|87/100|[from] item: Life Orb
|move|p2b: Archaludon|Dragon Pulse|p1b: Garchomp
|-supereffective|p1b: Garchomp|1
|-damage|p1b: Garchomp|0 fnt
|faint|p1b: Garchomp
|
|-weather|RainDance|[upkeep]
|-heal|p2b: Archaludon|45/100|[from] item: Leftovers
|upkeep
|
|t:|1783914737
|switch|p2a: Gengar|Gengar-Mega, L50, M, shiny|100/100
|turn|8
|-message|Leif Abdala forfeited.
|
|win|TheLeoj
