|j|☆cm3112
|j|☆tessa scarlet
|html|cm3112tessa scarlet    
|uhtml|bestof|Game 1 of a best-of-3
|t:|1757921037
|gametype|doubles
|player|p1|cm3112|266|1401
|player|p2|tessa scarlet|170|1515
|gen|9
|tier|[Gen 9] VGC 2025 Reg H (Bo3)
|rated|
|rule|Species Clause: Limit one of each Pokémon
|rule|Item Clause: Limit 1 of each item
|clearpoke
|poke|p1|Archaludon, L50, F|
|poke|p1|Maushold-Four, L50|
|poke|p1|Pelipper, L50, M|
|poke|p1|Basculegion, L50, M|
|poke|p1|Incineroar, L50, M|
|poke|p1|Sinistcha-Masterpiece, L50|
|poke|p2|Incineroar, L50, M|
|poke|p2|Gholdengo, L50|
|poke|p2|Sneasler, L50, F|
|poke|p2|Ninetales-Alola, L50, M|
|poke|p2|Rillaboom, L50, M|
|poke|p2|Ursaluna-Bloodmoon, L50, M|
|teampreview|4
|showteam|p1|Archaludon||AssaultVest|Stamina|FlashCannon,ElectroShot,DracoMeteor,BodyPress|||F|||50|,,,,,Fairy]Maushold-Four||WideLens|Technician|PopulationBomb,Taunt,FollowMe,Protect||||||50|,,,,,Ghost]Pelipper||FocusSash|Drizzle|MuddyWater,Hurricane,WideGuard,Protect|||M|||50|,,,,,Grass]Basculegion||ChoiceBand|SwiftSwim|WaveCrash,FlipTurn,AquaJet,LastRespects|||M|||50|,,,,,Grass]Incineroar||SafetyGoggles|Intimidate|FakeOut,PartingShot,KnockOff,WillOWisp|||M|||50|,,,,,Bug]Sinistcha-Masterpiece||RockyHelmet|Hospitality|MatchaGotcha,ShadowBall,CalmMind,Protect||||||50|,,,,,Dark
|showteam|p2|Incineroar||SafetyGoggles|Intimidate|FlareBlitz,KnockOff,FakeOut,PartingShot|||M|||50|,,,,,Ghost]Gholdengo||LifeOrb|GoodasGold|MakeItRain,ShadowBall,NastyPlot,Protect||||||50|,,,,,Water]Sneasler||GrassySeed|Unburden|CloseCombat,Acrobatics,SwordsDance,Protect|||F|||50|,,,,,Flying]Ninetales-Alola||FocusSash|SnowWarning|Blizzard,IcyWind,Disable,Protect|||M|||50|,,,,,Ghost]Rillaboom||AssaultVest|GrassySurge|WoodHammer,GrassyGlide,HighHorsepower,FakeOut|||M|||50|,,,,,Fire]Ursaluna-Bloodmoon||Leftovers|MindsEye|BloodMoon,EarthPower,Yawn,Protect|||M|||50|,,,,,Electric
|
|t:|1757921110
|teamsize|p1|4
|teamsize|p2|4
|start
|switch|p1a: Basculegion|Basculegion, L50, M|100/100
|switch|p1b: Incineroar|Incineroar, L50, M|100/100
|switch|p2a: Sneasler|Sneasler, L50, F|100/100
|switch|p2b: Rillaboom|Rillaboom, L50, M|100/100
|-fieldstart|move: Grassy Terrain|[from] ability: Grassy Surge|[of] p2b: Rillaboom
|-enditem|p2a: Sneasler|Grassy Seed
|-boost|p2a: Sneasler|def|1|[from] item: Grassy Seed
|-ability|p1b: Incineroar|Intimidate|boost
|-unboost|p2a: Sneasler|atk|1
|-unboost|p2b: Rillaboom|atk|1
|turn|1
|inactive|Battle timer is ON: inactive players will automatically lose when time's up. (requested by cm3112)
|
|t:|1757921139
|move|p2b: Rillaboom|Fake Out|p1b: Incineroar
|-damage|p1b: Incineroar|93/100
|cant|p1b: Incineroar|flinch
|move|p2a: Sneasler|Swords Dance|p2a: Sneasler
|-boost|p2a: Sneasler|atk|2
|move|p1a: Basculegion|Flip Turn|p2a: Sneasler
|-damage|p2a: Sneasler|49/100
|
|t:|1757921153
|switch|p1a: Archaludon|Archaludon, L50, F|100/100|[from] Flip Turn
|
|-heal|p2a: Sneasler|54/100|[from] Grassy Terrain
|-heal|p1b: Incineroar|99/100|[from] Grassy Terrain
|upkeep
|turn|2
|inactive|cm3112 has 30 seconds left.
|inactive|tessa scarlet has 30 seconds left.
|inactive|tessa scarlet has 20 seconds left.
|inactive|cm3112 has 20 seconds left.
|inactive|tessa scarlet has 15 seconds left.
|inactive|tessa scarlet has 10 seconds left.
|inactive|tessa scarlet has 5 seconds left.
|
|t:|1757921204
|move|p2a: Sneasler|Protect|p2a: Sneasler
|-singleturn|p2a: Sneasler|Protect
|move|p2b: Rillaboom|High Horsepower|p1b: Incineroar
|-supereffective|p1b: Incineroar
|-damage|p1b: Incineroar|66/100
|move|p1a: Archaludon|Draco Meteor|p2a: Sneasler
|-activate|p2a: Sneasler|move: Protect
|move|p1b: Incineroar|Will-O-Wisp|p2a: Sneasler
|-activate|p2a: Sneasler|move: Protect
|
|-heal|p2a: Sneasler|60/100|[from] Grassy Terrain
|-heal|p1b: Incineroar|72/100|[from] Grassy Terrain
|upkeep
|turn|3
|
|t:|1757921224
|move|p2a: Sneasler|Close Combat|p1a: Archaludon
|-supereffective|p1a: Archaludon
|-damage|p1a: Archaludon|0 fnt
|-unboost|p2a: Sneasler|def|1
|-unboost|p2a: Sneasler|spd|1
|faint|p1a: Archaludon
|move|p2b: Rillaboom|Wood Hammer|p1b: Incineroar
|-resisted|p1b: Incineroar
|-damage|p1b: Incineroar|50/100
|-damage|p2b: Rillaboom|93/100|[from] Recoil
|move|p1b: Incineroar|Will-O-Wisp|p2a: Sneasler
|-status|p2a: Sneasler|brn
|
|-heal|p2a: Sneasler|66/100 brn|[from] Grassy Terrain
|-heal|p2b: Rillaboom|99/100|[from] Grassy Terrain
|-heal|p1b: Incineroar|56/100|[from] Grassy Terrain
|-damage|p2a: Sneasler|60/100 brn|[from] brn
|upkeep
|
|t:|1757921230
|switch|p1a: Basculegion|Basculegion, L50, M|100/100
|turn|4
|inactive|cm3112 has 30 seconds left.
|
|t:|1757921259
|move|p2a: Sneasler|Close Combat|p1b: Incineroar
|-supereffective|p1b: Incineroar
|-damage|p1b: Incineroar|0 fnt
|-unboost|p2a: Sneasler|def|1
|-unboost|p2a: Sneasler|spd|1
|faint|p1b: Incineroar
|move|p1a: Basculegion|Flip Turn|p2b: Rillaboom
|-resisted|p2b: Rillaboom
|-damage|p2b: Rillaboom|78/100
|
|t:|1757921264
|switch|p1a: Pelipper|Pelipper, L50, M|100/100|[from] Flip Turn
|-weather|RainDance|[from] ability: Drizzle|[of] p1a: Pelipper
|move|p2b: Rillaboom|Wood Hammer|p1a: Pelipper
|-damage|p1a: Pelipper|32/100
|-damage|p2b: Rillaboom|63/100|[from] Recoil
|
|-weather|RainDance|[upkeep]
|-heal|p2a: Sneasler|66/100 brn|[from] Grassy Terrain
|-heal|p2b: Rillaboom|69/100|[from] Grassy Terrain
|-damage|p2a: Sneasler|60/100 brn|[from] brn
|upkeep
|
|t:|1757921268
|switch|p1b: Basculegion|Basculegion, L50, M|100/100
|turn|5
|
|t:|1757921277
|move|p2a: Sneasler|Acrobatics|p1b: Basculegion
|-damage|p1b: Basculegion|61/100
|move|p1b: Basculegion|Last Respects|p2b: Rillaboom
|-damage|p2b: Rillaboom|0 fnt
|faint|p2b: Rillaboom
|move|p1a: Pelipper|Muddy Water|p2a: Sneasler|[miss]
|-miss|p1a: Pelipper|p2a: Sneasler
|
|-weather|RainDance|[upkeep]
|-heal|p2a: Sneasler|66/100 brn|[from] Grassy Terrain
|-heal|p1b: Basculegion|67/100|[from] Grassy Terrain
|-damage|p2a: Sneasler|60/100 brn|[from] brn
|-fieldend|move: Grassy Terrain
|upkeep
|
|t:|1757921281
|switch|p2b: Ninetales|Ninetales-Alola, L50, M|100/100
|-weather|Snowscape|[from] ability: Snow Warning|[of] p2b: Ninetales
|turn|6
|
|t:|1757921292
|-terastallize|p2a: Sneasler|Flying
|move|p2a: Sneasler|Acrobatics|p1b: Basculegion
|-damage|p1b: Basculegion|11/100
|move|p2b: Ninetales|Blizzard|p1b: Basculegion|[spread] p1a,p1b
|-resisted|p1b: Basculegion
|-damage|p1a: Pelipper|0 fnt
|-damage|p1b: Basculegion|0 fnt
|faint|p1a: Pelipper
|faint|p1b: Basculegion
|
|win|tessa scarlet
||cm3112 is ready for game 2.
||tessa scarlet is ready for game 2.
|uhtml|next|Next: Game 2 of 3
|l|☆cm3112
|player|p1|
