|j|☆pom123123123
|j|☆is_katabo
|html|pom123123123is_katabo    
|uhtml|bestof|Game 3 of a best-of-3
|t:|1785822715
|gametype|doubles
|player|p1|pom123123123|wattson|1118
|player|p2|is_katabo|youngster-gen4dp|1280
|gen|9
|tier|[Gen 9 Champions] VGC 2026 Reg M-B (Bo3)
|rated|
|rule|Species Clause: Limit one of each Pokémon
|rule|Item Clause: Limit 1 of each item
|clearpoke
|poke|p1|Venusaur, L50, M|
|poke|p1|Charizard, L50, M|
|poke|p1|Grimmsnarl, L50, M|
|poke|p1|Archaludon, L50, F|
|poke|p1|Basculegion, L50, M|
|poke|p1|Pelipper, L50, F|
|poke|p2|Venusaur, L50, F|
|poke|p2|Charizard, L50, M|
|poke|p2|Incineroar, L50, F|
|poke|p2|Toxapex, L50, F|
|poke|p2|Dragapult, L50, M|
|poke|p2|Sylveon, L50, M|
|teampreview|4
|showteam|p1|Venusaur||FocusSash|Chlorophyll|SludgeBomb,EarthPower,SleepPowder,Protect|Modest||M|||50|]Charizard||CharizarditeY|Blaze|Protect,HeatWave,SolarBeam,WeatherBall|Modest||M|||50|]Grimmsnarl||LightClay|Prankster|SpiritBreak,LightScreen,Reflect,PartingShot|Sassy||M|||50|]Archaludon||Leftovers|Stamina|ElectroShot,DragonPulse,FlashCannon,Protect|Calm||F|||50|]Basculegion||ChoiceScarf|Adaptability|WaveCrash,LastRespects,AquaJet,FlipTurn|Jolly||M|||50|]Pelipper||SitrusBerry|Drizzle|Hurricane,WeatherBall,Tailwind,WideGuard|Modest||F|||50|
|showteam|p2|Venusaur||LifeOrb|Chlorophyll|LeafStorm,SludgeBomb,EarthPower,Protect|Modest||F|||50|]Charizard||CharizarditeY|Blaze|WeatherBall,HeatWave,HelpingHand,Protect|Modest||M|||50|]Incineroar||SitrusBerry|Intimidate|FakeOut,ThroatChop,FlareBlitz,PartingShot|Careful||F|||50|]Toxapex||Leftovers|Regenerator|Infestation,Toxic,WideGuard,BanefulBunker|Relaxed||F|||50|]Dragapult||FocusSash|ClearBody|DragonDarts,PhantomForce,DracoMeteor,Protect|Naive||M|||50|]Sylveon||FairyFeather|Pixilate|HyperVoice,HyperBeam,QuickAttack,Detect|Modest||M|||50|
|
|t:|1785822743
|teamsize|p1|4
|teamsize|p2|4
|start
|switch|p1a: Archaludon|Archaludon, L50, F|100/100
|switch|p1b: Grimmsnarl|Grimmsnarl, L50, M|100/100
|switch|p2a: Toxapex|Toxapex, L50, F|100/100
|switch|p2b: Dragapult|Dragapult, L50, M|100/100
|turn|1
|
|t:|1785822767
|move|p1b: Grimmsnarl|Light Screen|p1b: Grimmsnarl
|-sidestart|p1: pom123123123|move: Light Screen
|move|p2b: Dragapult|Phantom Force||[still]
|-prepare|p2b: Dragapult|Phantom Force
|move|p1a: Archaludon|Dragon Pulse|p2b: Dragapult|[miss]
|-miss|p1a: Archaludon|p2b: Dragapult
|move|p2a: Toxapex|Infestation|p1b: Grimmsnarl
|-damage|p1b: Grimmsnarl|98/100
|-activate|p1b: Grimmsnarl|move: Infestation|[of] p2a: Toxapex
|
|-damage|p1b: Grimmsnarl|85/100|[from] move: Infestation|[partiallytrapped]
|upkeep
|turn|2
|
|t:|1785822795
|move|p1b: Grimmsnarl|Parting Shot|p2a: Toxapex
|-unboost|p2a: Toxapex|atk|1
|-unboost|p2a: Toxapex|spa|1
|
|t:|1785822798
|switch|p1b: Pelipper|Pelipper, L50, F|100/100|[from] Parting Shot
|-weather|RainDance|[from] ability: Drizzle|[of] p1b: Pelipper
|move|p2b: Dragapult|Phantom Force|p1b: Pelipper|[from] lockedmove
|-damage|p1b: Pelipper|58/100
|move|p1a: Archaludon|Electro Shot||[still]
|-prepare|p1a: Archaludon|Electro Shot
|-boost|p1a: Archaludon|spa|1
|-anim|p1a: Archaludon|Electro Shot|p2a: Toxapex
|-supereffective|p2a: Toxapex|1
|-damage|p2a: Toxapex|17/100
|move|p2a: Toxapex|Toxic|p1b: Pelipper
|-status|p1b: Pelipper|tox
|
|-weather|RainDance|[upkeep]
|-heal|p2a: Toxapex|22/100|[from] item: Leftovers
|-damage|p1b: Pelipper|52/100 tox|[from] psn
|upkeep
|turn|3
|
|t:|1785822838
|switch|p1b: Grimmsnarl|Grimmsnarl, L50, M|85/100
|move|p2a: Toxapex|Baneful Bunker|p2a: Toxapex
|-singleturn|p2a: Toxapex|move: Protect
|move|p2b: Dragapult|Draco Meteor|p1b: Grimmsnarl
|-immune|p1b: Grimmsnarl
|move|p1a: Archaludon|Electro Shot||[still]
|-prepare|p1a: Archaludon|Electro Shot
|-boost|p1a: Archaludon|spa|1
|-anim|p1a: Archaludon|Electro Shot|p2a: Toxapex
|-activate|p2a: Toxapex|move: Protect
|
|-weather|RainDance|[upkeep]
|-heal|p2a: Toxapex|28/100|[from] item: Leftovers
|upkeep
|turn|4
|
|t:|1785822866
|-heal|p2a: Toxapex|61/100|[from] ability: Regenerator|[silent]
|switch|p2a: Venusaur|Venusaur, L50, F|100/100
|move|p2b: Dragapult|Dragon Darts|p1a: Archaludon
|-damage|p1a: Archaludon|82/100
|-ability|p1a: Archaludon|Stamina|boost
|-boost|p1a: Archaludon|def|1
|-anim|p2b: Dragapult|Dragon Darts|p1a: Archaludon
|-damage|p1a: Archaludon|71/100
|-ability|p1a: Archaludon|Stamina|boost
|-boost|p1a: Archaludon|def|1
|move|p1a: Archaludon|Electro Shot||[still]
|-prepare|p1a: Archaludon|Electro Shot
|-boost|p1a: Archaludon|spa|1
|-anim|p1a: Archaludon|Electro Shot|p2a: Venusaur
|-resisted|p2a: Venusaur|1
|-damage|p2a: Venusaur|52/100
|move|p1b: Grimmsnarl|Spirit Break|p2b: Dragapult
|-supereffective|p2b: Dragapult|1
|-damage|p2b: Dragapult|19/100
|
|-weather|RainDance|[upkeep]
|-heal|p1a: Archaludon|77/100|[from] item: Leftovers
|upkeep
|turn|5
|
|t:|1785822888
|move|p1b: Grimmsnarl|Parting Shot|p2a: Venusaur
|-unboost|p2a: Venusaur|atk|1
|-unboost|p2a: Venusaur|spa|1
|
|t:|1785822893
|switch|p1b: Basculegion|Basculegion, L50, M|100/100|[from] Parting Shot
|move|p2b: Dragapult|Phantom Force||[still]
|-prepare|p2b: Dragapult|Phantom Force
|move|p2a: Venusaur|Sludge Bomb|p1b: Basculegion
|-resisted|p1b: Basculegion|1
|-damage|p1b: Basculegion|85/100
|-damage|p2a: Venusaur|43/100|[from] item: Life Orb
|move|p1a: Archaludon|Electro Shot||[still]
|-prepare|p1a: Archaludon|Electro Shot
|-boost|p1a: Archaludon|spa|1
|-anim|p1a: Archaludon|Electro Shot|p2a: Venusaur
|-resisted|p2a: Venusaur|1
|-damage|p2a: Venusaur|0 fnt
|faint|p2a: Venusaur
|
|-weather|RainDance|[upkeep]
|-heal|p1a: Archaludon|83/100|[from] item: Leftovers
|upkeep
|
|t:|1785822913
|switch|p2a: Charizard|Charizard, L50, M|100/100
|turn|6
|
|t:|1785822932
|detailschange|p2a: Charizard|Charizard-Mega-Y, L50, M
|-mega|p2a: Charizard|Charizard|Charizardite Y
|-weather|SunnyDay|[from] ability: Drought|[of] p2a: Charizard
|move|p1a: Archaludon|Protect|p1a: Archaludon
|-singleturn|p1a: Archaludon|Protect
|move|p2b: Dragapult|Phantom Force|p1b: Basculegion|[from] lockedmove
|-supereffective|p1b: Basculegion|1
|-damage|p1b: Basculegion|0 fnt
|faint|p1b: Basculegion
|move|p2a: Charizard|Heat Wave|p1a: Archaludon
|-activate|p1a: Archaludon|move: Protect
|
|-weather|SunnyDay|[upkeep]
|-heal|p1a: Archaludon|89/100|[from] item: Leftovers
|upkeep
|
|t:|1785822943
|switch|p1b: Pelipper|Pelipper, L50, F|52/100 tox
|-weather|RainDance|[from] ability: Drizzle|[of] p1b: Pelipper
|turn|7
|
|t:|1785822961
|move|p2a: Charizard|Protect|p2a: Charizard
|-singleturn|p2a: Charizard|Protect
|move|p2b: Dragapult|Phantom Force||[still]
|-prepare|p2b: Dragapult|Phantom Force
|move|p1a: Archaludon|Electro Shot||[still]
|-prepare|p1a: Archaludon|Electro Shot
|-boost|p1a: Archaludon|spa|1
|-anim|p1a: Archaludon|Electro Shot|p2a: Charizard
|-activate|p2a: Charizard|move: Protect
|move|p1b: Pelipper|Tailwind|p1b: Pelipper
|-sidestart|p1: pom123123123|move: Tailwind
|
|-weather|RainDance|[upkeep]
|-heal|p1a: Archaludon|95/100|[from] item: Leftovers
|-damage|p1b: Pelipper|46/100 tox|[from] psn
|upkeep
|-enditem|p1b: Pelipper|Sitrus Berry|[eat]
|-heal|p1b: Pelipper|71/100 tox|[from] item: Sitrus Berry
|turn|8
|
|t:|1785822977
|switch|p2a: Toxapex|Toxapex, L50, F|61/100
|move|p1a: Archaludon|Electro Shot||[still]
|-prepare|p1a: Archaludon|Electro Shot
|-boost|p1a: Archaludon|spa|1
|-anim|p1a: Archaludon|Electro Shot|p2a: Toxapex
|-supereffective|p2a: Toxapex|1
|-damage|p2a: Toxapex|0 fnt
|faint|p2a: Toxapex
|move|p2b: Dragapult|Phantom Force|p1b: Pelipper|[from] lockedmove
|-damage|p1b: Pelipper|29/100 tox
|move|p1b: Pelipper|Weather Ball|p2b: Dragapult
|-resisted|p2b: Dragapult|1
|-damage|p2b: Dragapult|0 fnt
|faint|p2b: Dragapult
|
|-weather|RainDance|[upkeep]
|-heal|p1a: Archaludon|100/100|[from] item: Leftovers
|-damage|p1b: Pelipper|17/100 tox|[from] psn
|-sideend|p1: pom123123123|move: Light Screen
|upkeep
|-message|is_katabo forfeited.
|
|win|pom123123123
|raw|pom123123123's rating: 1118 → 1154(+36 for winning)
|raw|is_katabo's rating: 1280 → 1244(-36 for losing)
