|j|☆SRareFox
|j|☆caZISA
|html|SRareFoxcaZISA    
|uhtml|bestof|Game 2 of a best-of-3
|t:|1757188008
|gametype|doubles
|player|p1|SRareFox|169|1326
|player|p2|caZISA|red|1339
|gen|9
|tier|[Gen 9] VGC 2025 Reg H (Bo3)
|rated|
|rule|Species Clause: Limit one of each Pokémon
|rule|Item Clause: Limit 1 of each item
|clearpoke
|poke|p1|Hatterene, L50, F|
|poke|p1|Indeedee-F, L50, F|
|poke|p1|Gallade, L50, M|
|poke|p1|Ursaluna, L50, F|
|poke|p1|Torkoal, L50, M|
|poke|p1|Porygon2, L50|
|poke|p2|Pelipper, L50, M|
|poke|p2|Archaludon, L50, F|
|poke|p2|Maushold-Four, L50|
|poke|p2|Annihilape, L50, M|
|poke|p2|Incineroar, L50, M|
|poke|p2|Amoonguss, L50, M|
|teampreview|4
|showteam|p1|Hatterene||LifeOrb|MagicBounce|ExpandingForce,DazzlingGleam,TrickRoom,MysticalFire|||F|||50|,,,,,Fire]Indeedee-F||SafetyGoggles|PsychicSurge|Psychic,FollowMe,TrickRoom,HelpingHand|||F|||50|,,,,,Water]Gallade||ClearAmulet|Sharpness|PsychoCut,SacredSword,TrickRoom,WideGuard|||M|||50|,,,,,Grass]Ursaluna||FlameOrb|Guts|Facade,HeadlongRush,Earthquake,Protect|||F|||50|,,,,,Ghost]Torkoal||Charcoal|Drought|Eruption,WeatherBall,ClearSmog,Protect|||M|||50|,,,,,Fire]Porygon2||Eviolite|Download|IceBeam,TeraBlast,TrickRoom,Recover||||||50|,,,,,Flying
|showteam|p2|Pelipper||FocusSash|Drizzle|Hurricane,WeatherBall,WideGuard,Tailwind|||M|||50|,,,,,Grass]Archaludon||AssaultVest|Stamina|FlashCannon,DracoMeteor,ElectroShot,BodyPress|||F|||50|,,,,,Bug]Maushold-Four||SafetyGoggles|FriendGuard|SuperFang,BeatUp,FollowMe,Protect||||||50|,,,,,Ghost]Annihilape||Leftovers|Defiant|RageFist,DrainPunch,BulkUp,Protect|||M|||50|,,,,,Water]Incineroar||SitrusBerry|Intimidate|FakeOut,WillOWisp,KnockOff,PartingShot|||M|||50|,,,,,Ghost]Amoonguss||RockyHelmet|Regenerator|Spore,RagePowder,ClearSmog,Protect|||M|||50|,,,,,Water
|inactive|Battle timer is ON: inactive players will automatically lose when time's up. (requested by SRareFox)
|inactive|SRareFox has 60 seconds left.
|inactive|caZISA has 60 seconds left.
|inactive|SRareFox has 30 seconds left.
|
|t:|1757188076
|teamsize|p1|4
|teamsize|p2|4
|start
|switch|p1a: Indeedee|Indeedee-F, L50, F|100/100
|switch|p1b: Gallade|Gallade, L50, M|100/100
|switch|p2a: Maushold|Maushold-Four, L50|100/100
|switch|p2b: Golden Gate|Archaludon, L50, F|100/100
|-fieldstart|move: Psychic Terrain|[from] ability: Psychic Surge|[of] p1a: Indeedee
|turn|1
|
|t:|1757188089
|switch|p2a: Pelipper|Pelipper, L50, M|100/100
|-weather|RainDance|[from] ability: Drizzle|[of] p2a: Pelipper
|-terastallize|p2b: Golden Gate|Bug
|move|p1a: Indeedee|Follow Me|p1a: Indeedee
|-singleturn|p1a: Indeedee|move: Follow Me
|move|p2b: Golden Gate|Electro Shot||[still]
|-prepare|p2b: Golden Gate|Electro Shot
|-boost|p2b: Golden Gate|spa|1
|-anim|p2b: Golden Gate|Electro Shot|p1a: Indeedee
|-damage|p1a: Indeedee|55/100
|move|p1b: Gallade|Trick Room|p1b: Gallade
|-fieldstart|move: Trick Room|[of] p1b: Gallade
|
|-weather|RainDance|[upkeep]
|upkeep
|turn|2
|inactive|SRareFox has 30 seconds left.
|
|t:|1757188117
|switch|p2a: Tigre Toño|Incineroar, L50, M|100/100
|-ability|p2a: Tigre Toño|Intimidate|boost
|-unboost|p1a: Indeedee|atk|1
|-fail|p1b: Gallade|unboost|[from] item: Clear Amulet|[of] p1b: Gallade
|move|p1b: Gallade|Psycho Cut|p2a: Tigre Toño
|-immune|p2a: Tigre Toño
|move|p1a: Indeedee|Psychic|p2a: Tigre Toño
|-immune|p2a: Tigre Toño
|move|p2b: Golden Gate|Electro Shot||[still]
|-prepare|p2b: Golden Gate|Electro Shot
|-boost|p2b: Golden Gate|spa|1
|-anim|p2b: Golden Gate|Electro Shot|p1b: Gallade
|-damage|p1b: Gallade|32/100
|
|-weather|RainDance|[upkeep]
|upkeep
|turn|3
|inactive|SRareFox has 30 seconds left.
|inactive|caZISA has 30 seconds left.
|inactive|SRareFox has 20 seconds left.
|
|t:|1757188157
|move|p1a: Indeedee|Follow Me|p1a: Indeedee
|-singleturn|p1a: Indeedee|move: Follow Me
|move|p2a: Tigre Toño|Parting Shot|p1a: Indeedee
|-unboost|p1a: Indeedee|atk|1
|-unboost|p1a: Indeedee|spa|1
|
|t:|1757188162
|switch|p2a: Pelipper|Pelipper, L50, M|100/100|[from] Parting Shot
|move|p1b: Gallade|Sacred Sword|p2a: Pelipper
|-resisted|p2a: Pelipper
|-crit|p2a: Pelipper
|-damage|p2a: Pelipper|21/100
|move|p2b: Golden Gate|Flash Cannon|p1a: Indeedee
|-damage|p1a: Indeedee|0 fnt
|faint|p1a: Indeedee
|
|-weather|RainDance|[upkeep]
|upkeep
|
|t:|1757188169
|switch|p1a: Porygon2|Porygon2, L50|100/100
|-ability|p1a: Porygon2|Download|boost
|-boost|p1a: Porygon2|spa|1
|turn|4
|inactive|SRareFox has 30 seconds left.
|
|t:|1757188203
|switch|p2a: Tigre Toño|Incineroar, L50, M|100/100
|-ability|p2a: Tigre Toño|Intimidate|boost
|-unboost|p1a: Porygon2|atk|1
|-fail|p1b: Gallade|unboost|[from] item: Clear Amulet|[of] p1b: Gallade
|move|p1a: Porygon2|Tera Blast|p2b: Golden Gate
|-damage|p2b: Golden Gate|64/100
|-ability|p2b: Golden Gate|Stamina|boost
|-boost|p2b: Golden Gate|def|1
|move|p1b: Gallade|Sacred Sword|p2a: Tigre Toño
|-supereffective|p2a: Tigre Toño
|-damage|p2a: Tigre Toño|0 fnt
|faint|p2a: Tigre Toño
|move|p2b: Golden Gate|Electro Shot||[still]
|-prepare|p2b: Golden Gate|Electro Shot
|-boost|p2b: Golden Gate|spa|1
|-anim|p2b: Golden Gate|Electro Shot|p1b: Gallade
|-damage|p1b: Gallade|0 fnt
|faint|p1b: Gallade
|
|-weather|RainDance|[upkeep]
|upkeep
|
|t:|1757188220
|switch|p2a: Pelipper|Pelipper, L50, M|21/100
|switch|p1b: Hatterene|Hatterene, L50, F|100/100
|turn|5
|inactive|SRareFox has 30 seconds left.
|inactive|SRareFox has 20 seconds left.
|
|t:|1757188255
|-terastallize|p1b: Hatterene|Fire
|move|p2a: Pelipper|Wide Guard|p2a: Pelipper
|-singleturn|p2a: Pelipper|Wide Guard
|move|p1b: Hatterene|Mystical Fire|p2b: Golden Gate
|-supereffective|p2b: Golden Gate
|-damage|p2b: Golden Gate|20/100
|-unboost|p2b: Golden Gate|spa|1
|-ability|p2b: Golden Gate|Stamina|boost
|-boost|p2b: Golden Gate|def|1
|-damage|p1b: Hatterene|91/100|[from] item: Life Orb
|move|p1a: Porygon2|Tera Blast|p2a: Pelipper
|-damage|p2a: Pelipper|0 fnt
|faint|p2a: Pelipper
|move|p2b: Golden Gate|Flash Cannon|p1b: Hatterene
|-resisted|p1b: Hatterene
|-damage|p1b: Hatterene|54/100
|
|-weather|none
|-fieldend|move: Trick Room
|-fieldend|move: Psychic Terrain
|upkeep
|
|t:|1757188264
|switch|p2a: Maushold|Maushold-Four, L50|100/100
|turn|6
|inactive|SRareFox has 30 seconds left.
|inactive|SRareFox has 20 seconds left.
|
|t:|1757188304
|move|p2a: Maushold|Follow Me|p2a: Maushold
|-singleturn|p2a: Maushold|move: Follow Me
|move|p2b: Golden Gate|Draco Meteor|p1b: Hatterene
|-damage|p1b: Hatterene|0 fnt
|-unboost|p2b: Golden Gate|spa|2
|faint|p1b: Hatterene
|move|p1a: Porygon2|Tera Blast|p2a: Maushold
|-damage|p2a: Maushold|32/100
|
|upkeep
|turn|7
|
|t:|1757188317
|move|p2a: Maushold|Beat Up|p2b: Golden Gate
|-damage|p2b: Golden Gate|20/100
|-ability|p2b: Golden Gate|Stamina|boost
|-boost|p2b: Golden Gate|def|1
|-damage|p2b: Golden Gate|19/100
|-ability|p2b: Golden Gate|Stamina|boost
|-boost|p2b: Golden Gate|def|1
|-hitcount|p2b: Golden Gate|2
|move|p2b: Golden Gate|Body Press|p1a: Porygon2
|-supereffective|p1a: Porygon2
|-damage|p1a: Porygon2|0 fnt
|faint|p1a: Porygon2
|
|win|caZISA
|raw|SRareFox's rating: 1326 → 1307(-19 for losing)
|raw|caZISA's rating: 1339 → 1358(+19 for winning)
