|j|☆tonygaruga
|j|☆worldenddominat0r
|html|tonygarugaworldenddominat0r    
|uhtml|bestof|Game 2 of a best-of-3
|t:|1782267262
|gametype|doubles
|player|p1|tonygaruga|170|1040
|player|p2|worldenddominat0r|maid-gen6|1197
|gen|9
|tier|[Gen 9 Champions] VGC 2026 Reg M-B (Bo3)
|rated|
|rule|Species Clause: Limit one of each Pokémon
|rule|Item Clause: Limit 1 of each item
|clearpoke
|poke|p1|Scrafty, L50, M|
|poke|p1|Whimsicott, L50, F|
|poke|p1|Gholdengo, L50|
|poke|p1|Skeledirge, L50, F|
|poke|p1|Swampert, L50, M|
|poke|p1|Meowscarada, L50, F|
|poke|p2|Staraptor, L50, M|
|poke|p2|Maushold-Four, L50|
|poke|p2|Ninetales-Alola, L50, M|
|poke|p2|Delphox, L50, M|
|poke|p2|Basculegion, L50, M|
|poke|p2|Kingambit, L50, F|
|teampreview|4
|showteam|p1|Scrafty||Scraftinite|Intimidate|DrainPunch,KnockOff,PoisonJab,Swagger|Adamant||M|||50|]Whimsicott|||Prankster|Tailwind,Moonblast,Encore,StunSpore|Bold||F|||50|]Gholdengo||ChoiceScarf|GoodasGold|MakeItRain,ShadowBall,FocusBlast,Trick|Timid|||||50|]Skeledirge||MentalHerb|Unaware|TorchSong,WillOWisp,Hex,SlackOff|Calm||F|||50|]Swampert||Leftovers|Torrent|Waterfall,Roar,Protect,Earthquake|Careful||M|||50|]Meowscarada||LifeOrb|Protean|FlowerTrick,KnockOff,Uturn,TripleAxel|Jolly||F|||50|
|showteam|p2|Staraptor||Staraptite|Intimidate|CloseCombat,BraveBird,Protect,Tailwind|Adamant||M|||50|]Maushold-Four||FocusSash|FriendGuard|SuperFang,Protect,FollowMe,Encore|Jolly|||||50|]Ninetales-Alola||NeverMeltIce|SnowWarning|Blizzard,FreezeDry,IcyWind,Protect|Timid||M|||50|]Delphox||Delphoxite|Blaze|HeatWave,Psyshock,Protect,Substitute|Timid||M|||50|]Basculegion||ChoiceScarf|Adaptability|WaveCrash,LastRespects,FlipTurn,AquaJet|Jolly||M|||50|]Kingambit||BlackGlasses|Defiant|KowtowCleave,SuckerPunch,IronHead,Protect|Adamant||F|||50|
|inactive|Battle timer is ON: inactive players will automatically lose when time's up. (requested by worldenddominat0r)
|inactive|worldenddominat0r has 60 seconds left.
|inactive|worldenddominat0r has 30 seconds left.
|inactive|worldenddominat0r has 20 seconds left.
|inactive|worldenddominat0r has 15 seconds left.
|
|t:|1782267341
|teamsize|p1|4
|teamsize|p2|4
|start
|switch|p1a: Whimsicott|Whimsicott, L50, F|100/100
|switch|p1b: Scrafty|Scrafty, L50, M|100/100
|switch|p2a: Staraptor|Staraptor, L50, M|100/100
|switch|p2b: Maushold|Maushold-Four, L50|100/100
|-ability|p2a: Staraptor|Intimidate|boost
|-unboost|p1a: Whimsicott|atk|1
|-unboost|p1b: Scrafty|atk|1
|-ability|p1b: Scrafty|Intimidate|boost
|-unboost|p2a: Staraptor|atk|1
|-unboost|p2b: Maushold|atk|1
|turn|1
|inactive|tonygaruga has 30 seconds left.
|
|t:|1782267368
|detailschange|p1b: Scrafty|Scrafty-Mega, L50, M
|-mega|p1b: Scrafty|Scrafty|Scraftinite
|-ability|p1b: Scrafty|Intimidate|boost
|-unboost|p2a: Staraptor|atk|1
|-unboost|p2b: Maushold|atk|1
|move|p1a: Whimsicott|Stun Spore|p2b: Maushold|[miss]
|-miss|p1a: Whimsicott|p2b: Maushold
|move|p2b: Maushold|Encore|p1a: Whimsicott
|-start|p1a: Whimsicott|Encore
|move|p2a: Staraptor|Tailwind|p2a: Staraptor
|-sidestart|p2: worldenddominat0r|move: Tailwind
|move|p1b: Scrafty|Drain Punch|p2b: Maushold
|-supereffective|p2b: Maushold|1
|-damage|p2b: Maushold|29/100
|
|upkeep
|turn|2
|
|t:|1782267393
|detailschange|p2a: Staraptor|Staraptor-Mega, L50, M
|-mega|p2a: Staraptor|Staraptor|Staraptite
|move|p1a: Whimsicott|Stun Spore|p2a: Staraptor
|-status|p2a: Staraptor|par
|move|p2b: Maushold|Super Fang|p1b: Scrafty
|-damage|p1b: Scrafty|50/100y
|move|p2a: Staraptor|Close Combat|p1b: Scrafty
|-supereffective|p1b: Scrafty|1
|-damage|p1b: Scrafty|0 fnt
|-boost|p2a: Staraptor|def|1
|-boost|p2a: Staraptor|spd|1
|faint|p1b: Scrafty
|
|upkeep
|
|t:|1782267409
|switch|p1b: Swampert|Swampert, L50, M|100/100
|turn|3
|
|t:|1782267423
|move|p1a: Whimsicott|Stun Spore|p2b: Maushold
|-status|p2b: Maushold|par
|move|p2b: Maushold|Super Fang|p1b: Swampert|[miss]
|-miss|p2b: Maushold|p1b: Swampert
|cant|p2a: Staraptor|par
|move|p1b: Swampert|Roar|p2a: Staraptor
|drag|p2a: Delphox|Delphox, L50, M|100/100
|
|upkeep
|turn|4
|
|t:|1782267441
|move|p2b: Maushold|Follow Me|p2b: Maushold
|-singleturn|p2b: Maushold|move: Follow Me
|move|p1a: Whimsicott|Stun Spore|p2b: Maushold|[miss]
|-miss|p1a: Whimsicott|p2b: Maushold
|move|p2a: Delphox|Heat Wave|p1b: Swampert|[spread] p1a,p1b
|-supereffective|p1a: Whimsicott|1
|-resisted|p1b: Swampert|1
|-damage|p1a: Whimsicott|6/100
|-damage|p1b: Swampert|87/100
|move|p1b: Swampert|Earthquake|p2b: Maushold|[spread] p1a,p2a,p2b
|-resisted|p1a: Whimsicott|1
|-supereffective|p2a: Delphox|1
|-damage|p1a: Whimsicott|0 fnt
|-damage|p2a: Delphox|40/100
|-damage|p2b: Maushold|0 fnt
|faint|p1a: Whimsicott
|faint|p2b: Maushold
|
|-heal|p1b: Swampert|93/100|[from] item: Leftovers
|-sideend|p2: worldenddominat0r|move: Tailwind
|upkeep
|
|t:|1782267446
|switch|p2b: Basculegion|Basculegion, L50, M|100/100
|switch|p1a: Gholdengo|Gholdengo, L50|100/100
|turn|5
|
|t:|1782267455
|move|p1a: Gholdengo|Shadow Ball|p2b: Basculegion
|-supereffective|p2b: Basculegion|1
|-damage|p2b: Basculegion|4/100
|move|p2b: Basculegion|Last Respects|p1a: Gholdengo
|-supereffective|p1a: Gholdengo|1
|-damage|p1a: Gholdengo|0 fnt
|faint|p1a: Gholdengo
|move|p2a: Delphox|Heat Wave|p1b: Swampert
|-resisted|p1b: Swampert|1
|-damage|p1b: Swampert|78/100
|move|p1b: Swampert|Waterfall|p2a: Delphox
|-supereffective|p2a: Delphox|1
|-damage|p2a: Delphox|0 fnt
|faint|p2a: Delphox
|
|-heal|p1b: Swampert|84/100|[from] item: Leftovers
|upkeep
|
|t:|1782267459
|switch|p2a: Staraptor|Staraptor-Mega, L50, M|100/100 par
|turn|6
|
|t:|1782267472
|move|p2b: Basculegion|Last Respects|p1b: Swampert
|-damage|p1b: Swampert|1/100
|move|p1b: Swampert|Waterfall|p2b: Basculegion
|-resisted|p2b: Basculegion|1
|-crit|p2b: Basculegion
|-damage|p2b: Basculegion|0 fnt
|faint|p2b: Basculegion
|move|p2a: Staraptor|Close Combat|p1b: Swampert
|-damage|p1b: Swampert|0 fnt
|-boost|p2a: Staraptor|def|1
|-boost|p2a: Staraptor|spd|1
|faint|p1b: Swampert
|
|win|worldenddominat0r
|raw|tonygaruga's rating: 1040 → 1031(-9 for losing)
|raw|worldenddominat0r's rating: 1197 → 1211(+14 for winning)
|c|☆worldenddominat0r|gg
