|j|☆zhz2021
|j|☆bpecina03
|html|zhz2021bpecina03    
|uhtml|bestof|Game 1 of a best-of-3
|t:|1784076673
|gametype|doubles
|player|p1|zhz2021|170|1224
|player|p2|bpecina03|266|1388
|gen|9
|tier|[Gen 9 Champions] VGC 2026 Reg M-B (Bo3)
|rated|
|rule|Species Clause: Limit one of each Pokémon
|rule|Item Clause: Limit 1 of each item
|clearpoke
|poke|p1|Orthworm, L50, M|
|poke|p1|Incineroar, L50, F|
|poke|p1|Garchomp, L50, F|
|poke|p1|Froslass, L50, F|
|poke|p1|Maushold-Four, L50|
|poke|p1|Glaceon, L50, F|
|poke|p2|Delphox, L50, F|
|poke|p2|Staraptor, L50, M|
|poke|p2|Basculegion, L50, M|
|poke|p2|Sinistcha, L50|
|poke|p2|Garchomp, L50, F|
|poke|p2|Kingambit, L50, M|
|teampreview|4
|showteam|p1|Orthworm||SitrusBerry|EarthEater|BodyPress,ShedTail,Protect,HelpingHand|Impish||M|||50|]Incineroar||ChopleBerry|Intimidate|FakeOut,PartingShot,WillOWisp,FlareBlitz|Careful||F|||50|]Garchomp||LifeOrb|SandVeil|Earthquake,StompingTantrum,RockSlide,Protect|Jolly||F|||50|]Froslass||Froslassite|SnowCloak|ShadowBall,Blizzard,Protect,AuroraVeil|Modest||F|||50|]Maushold-Four||WideLens|FriendGuard|PopulationBomb,FollowMe,Protect,Encore|Jolly|||||50|]Glaceon||NeverMeltIce|SnowCloak|Blizzard,FreezeDry,IcyWind,Protect|Modest||F|||50|
|showteam|p2|Delphox||Delphoxite|Blaze|Psychic,HeatWave,NastyPlot,Protect|Timid||F|||50|]Staraptor||Staraptite|Intimidate|Protect,Tailwind,CloseCombat,BraveBird|Jolly||M|||50|]Basculegion||FocusSash|Adaptability|Protect,AquaJet,Liquidation,LastRespects|Jolly||M|||50|]Sinistcha||SitrusBerry|Hospitality|MatchaGotcha,TrickRoom,RagePowder,StrengthSap|Calm|||||50|]Garchomp||LifeOrb|RoughSkin|RockSlide,Earthquake,DragonClaw,Protect|Jolly||F|||50|]Kingambit||BlackGlasses|Defiant|Protect,KowtowCleave,IronHead,SuckerPunch|Adamant||M|||50|
|
|t:|1784076706
|teamsize|p1|4
|teamsize|p2|4
|start
|switch|p1a: Incineroar|Incineroar, L50, F|100/100
|switch|p1b: Orthworm|Orthworm, L50, M|100/100
|switch|p2a: Delphox|Delphox, L50, F|100/100
|switch|p2b: Kingambit|Kingambit, L50, M|100/100
|-ability|p1a: Incineroar|Intimidate|boost
|-unboost|p2a: Delphox|atk|1
|-unboost|p2b: Kingambit|atk|1
|-ability|p2b: Kingambit|Defiant|boost
|-boost|p2b: Kingambit|atk|2
|turn|1
|
|t:|1784076727
|detailschange|p2a: Delphox|Delphox-Mega, L50, F
|-mega|p2a: Delphox|Delphox|Delphoxite
|move|p1a: Incineroar|Fake Out|p2a: Delphox
|-damage|p2a: Delphox|84/100
|cant|p2a: Delphox|flinch
|move|p1b: Orthworm|Shed Tail|p1b: Orthworm
|-start|p1b: Orthworm|Substitute|[from] move: Shed Tail
|-damage|p1b: Orthworm|49/100
|-enditem|p1b: Orthworm|Sitrus Berry|[eat]
|-heal|p1b: Orthworm|74/100|[from] item: Sitrus Berry
|
|t:|1784076740
|switch|p1b: Froslass|Froslass, L50, F|100/100|[from] Shed Tail
|move|p2b: Kingambit|Kowtow Cleave|p1b: Froslass
|-supereffective|p1b: Froslass|1
|-end|p1b: Froslass|Substitute
|
|upkeep
|turn|2
|
|t:|1784076757
|detailschange|p1b: Froslass|Froslass-Mega, L50, F
|-mega|p1b: Froslass|Froslass|Froslassite
|-weather|Snowscape|[from] ability: Snow Warning|[of] p1b: Froslass
|move|p2a: Delphox|Heat Wave|p1a: Incineroar|[spread] p1a,p1b
|-resisted|p1a: Incineroar|1
|-supereffective|p1b: Froslass|1
|-damage|p1a: Incineroar|84/100
|-damage|p1b: Froslass|20/100r
|-status|p1b: Froslass|brn
|move|p1b: Froslass|Aurora Veil|p1b: Froslass
|-sidestart|p1: zhz2021|move: Aurora Veil
|move|p1a: Incineroar|Will-O-Wisp|p2b: Kingambit|[miss]
|-miss|p1a: Incineroar|p2b: Kingambit
|move|p2b: Kingambit|Kowtow Cleave|p1a: Incineroar
|-resisted|p1a: Incineroar|1
|-damage|p1a: Incineroar|56/100
|
|-weather|Snowscape|[upkeep]
|-damage|p1b: Froslass|14/100 brn|[from] brn
|upkeep
|turn|3
|inactive|Battle timer is ON: inactive players will automatically lose when time's up. (requested by zhz2021)
|
|t:|1784076780
|move|p1b: Froslass|Protect|p1b: Froslass
|-singleturn|p1b: Froslass|Protect
|move|p2b: Kingambit|Protect|p2b: Kingambit
|-singleturn|p2b: Kingambit|Protect
|move|p2a: Delphox|Heat Wave|p1a: Incineroar|[spread] p1a
|-activate|p1b: Froslass|move: Protect
|-resisted|p1a: Incineroar|1
|-damage|p1a: Incineroar|45/100
|move|p1a: Incineroar|Will-O-Wisp|p2b: Kingambit
|-activate|p2b: Kingambit|move: Protect
|
|-weather|Snowscape|[upkeep]
|-damage|p1b: Froslass|8/100 brn|[from] brn
|upkeep
|turn|4
|inactive|zhz2021 has 30 seconds left.
|inactive|zhz2021 has 20 seconds left.
|
|t:|1784076820
|move|p2a: Delphox|Heat Wave|p1b: Froslass|[spread] p1a
|-miss|p2a: Delphox|p1b: Froslass
|-resisted|p1a: Incineroar|1
|-damage|p1a: Incineroar|33/100
|move|p1b: Froslass|Shadow Ball|p2a: Delphox
|-supereffective|p2a: Delphox|1
|-damage|p2a: Delphox|0 fnt
|faint|p2a: Delphox
|move|p1a: Incineroar|Will-O-Wisp|p2b: Kingambit
|-status|p2b: Kingambit|brn
|move|p2b: Kingambit|Kowtow Cleave|p1a: Incineroar
|-resisted|p1a: Incineroar|1
|-damage|p1a: Incineroar|20/100y
|
|-weather|Snowscape|[upkeep]
|-damage|p1b: Froslass|2/100 brn|[from] brn
|-damage|p2b: Kingambit|94/100 brn|[from] brn
|upkeep
|
|t:|1784076841
|switch|p2a: Basculegion|Basculegion, L50, M|100/100
|turn|5
|
|t:|1784076855
|move|p2b: Kingambit|Sucker Punch|p1b: Froslass
|-supereffective|p1b: Froslass|1
|-damage|p1b: Froslass|0 fnt
|faint|p1b: Froslass
|move|p2a: Basculegion|Liquidation|p1a: Incineroar
|-supereffective|p1a: Incineroar|1
|-damage|p1a: Incineroar|0 fnt
|faint|p1a: Incineroar
|
|-weather|Snowscape|[upkeep]
|-damage|p2b: Kingambit|88/100 brn|[from] brn
|upkeep
|
|t:|1784076859
|switch|p1b: Glaceon|Glaceon, L50, F|100/100
|switch|p1a: Orthworm|Orthworm, L50, M|74/100
|turn|6
|
|t:|1784076878
|move|p2b: Kingambit|Sucker Punch|p1b: Glaceon
|-damage|p1b: Glaceon|83/100
|move|p2a: Basculegion|Last Respects|p1b: Glaceon|[miss]
|-miss|p2a: Basculegion|p1b: Glaceon
|move|p1b: Glaceon|Freeze-Dry|p2a: Basculegion
|-supereffective|p2a: Basculegion|1
|-enditem|p2a: Basculegion|Focus Sash
|-damage|p2a: Basculegion|1/100
|move|p1a: Orthworm|Body Press|p2b: Kingambit
|-supereffective|p2b: Kingambit|2
|-damage|p2b: Kingambit|11/100 brn
|
|-weather|none
|-damage|p2b: Kingambit|5/100 brn|[from] brn
|-sideend|p1: zhz2021|move: Aurora Veil
|upkeep
|turn|7
|inactive|bpecina03 has 30 seconds left.
|
|t:|1784076912
|move|p1b: Glaceon|Protect|p1b: Glaceon
|-singleturn|p1b: Glaceon|Protect
|move|p1a: Orthworm|Protect|p1a: Orthworm
|-singleturn|p1a: Orthworm|Protect
|move|p2b: Kingambit|Sucker Punch||[still]
|-fail|p2b: Kingambit
|move|p2a: Basculegion|Last Respects|p1b: Glaceon
|-activate|p1b: Glaceon|move: Protect
|
|-damage|p2b: Kingambit|0 fnt|[from] brn
|faint|p2b: Kingambit
|upkeep
|
|t:|1784076925
|switch|p2b: Sinistcha|Sinistcha, L50|100/100
|-heal|p2a: Basculegion|25/100|[from] ability: Hospitality|[of] p2b: Sinistcha
|turn|8
|
|t:|1784076937
|move|p1a: Orthworm|Helping Hand|p1b: Glaceon
|-singleturn|p1b: Glaceon|Helping Hand|[of] p1a: Orthworm
|move|p2a: Basculegion|Last Respects|p1b: Glaceon
|-damage|p1b: Glaceon|0 fnt
|faint|p1b: Glaceon
|move|p2b: Sinistcha|Matcha Gotcha|p1a: Orthworm
|-resisted|p1a: Orthworm|1
|-damage|p1a: Orthworm|55/100
|
|upkeep
|turn|9
|-message|zhz2021 forfeited.
|
|win|bpecina03
|l|☆zhz2021
|player|p1|
||zhz2021 is ready for game 2.
||bpecina03 is ready for game 2.
|uhtml|next|Next: Game 2 of 3
