|j|☆Llama_Llord
|j|☆maxspeedincineroar
|html|Llama_Llordmaxspeedincineroar    
|uhtml|bestof|Game 3 of a best-of-3
|t:|1757644402
|gametype|doubles
|player|p1|Llama_Llord|101|1107
|player|p2|maxspeedincineroar|hugh|1067
|gen|9
|tier|[Gen 9] VGC 2025 Reg H (Bo3)
|rated|
|rule|Species Clause: Limit one of each Pokémon
|rule|Item Clause: Limit 1 of each item
|clearpoke
|poke|p1|Talonflame, L50, F|
|poke|p1|Garchomp, L50, M|
|poke|p1|Gholdengo, L50|
|poke|p1|Tyranitar, L50, M|
|poke|p1|Amoonguss, L50, F|
|poke|p1|Milotic, L50, M|
|poke|p2|Pelipper, L50, F|
|poke|p2|Archaludon, L50, M|
|poke|p2|Basculegion, L50, M|
|poke|p2|Gholdengo, L50|
|poke|p2|Incineroar, L50, F|
|poke|p2|Amoonguss, L50, M|
|teampreview|4
|showteam|p1|Talonflame||CovertCloak|GaleWings|Tailwind,BraveBird,WillOWisp,Taunt|||F|||50|,,,,,Grass]Garchomp||LifeOrb|RoughSkin|Earthquake,DragonClaw,StompingTantrum,Protect|||M|||50|,,,,,Fairy]Gholdengo||ChoiceSpecs|GoodasGold|MakeItRain,ShadowBall,Thunderbolt,PowerGem||||||50|,,,,,Steel]Tyranitar||AssaultVest|SandStream|RockSlide,KnockOff,TeraBlast,LowKick|||M|||50|,,,,,Flying]Amoonguss||SitrusBerry|Regenerator|PollenPuff,Spore,RagePowder,Protect|||F|||50|,,,,,Water]Milotic||SafetyGoggles|Competitive|Scald,IcyWind,Haze,Protect|||M|||50|,,,,,Dragon
|showteam|p2|Pelipper||FocusSash|Drizzle|Protect,WeatherBall,Hurricane,Tailwind|||F|||50|,,,,,Ghost]Archaludon||AssaultVest|Stamina|DracoMeteor,ElectroShot,BodyPress,Snarl|||M|||50|,,,,,Grass]Basculegion||ChoiceScarf|Adaptability|WaveCrash,FlipTurn,LastRespects,IcyWind|||M|||50|,,,,,Water]Gholdengo||MetalCoat|GoodasGold|Protect,MakeItRain,ShadowBall,NastyPlot||||||50|,,,,,Water]Incineroar||SafetyGoggles|Intimidate|FlareBlitz,KnockOff,PartingShot,FakeOut|||F|||50|,,,,,Ghost]Amoonguss||SitrusBerry|Regenerator|Protect,PollenPuff,Spore,RagePowder|||M|||50|,,,,,Fairy
|inactive|Battle timer is ON: inactive players will automatically lose when time's up. (requested by Llama_Llord)
|
|t:|1757644429
|teamsize|p1|4
|teamsize|p2|4
|start
|switch|p1a: Talonflame|Talonflame, L50, F|100/100
|switch|p1b: Tyranitar|Tyranitar, L50, M|100/100
|switch|p2a: Basculegion|Basculegion, L50, M|100/100
|switch|p2b: Gholdengo|Gholdengo, L50|100/100
|-weather|Sandstorm|[from] ability: Sand Stream|[of] p1b: Tyranitar
|turn|1
|inactive|maxspeedincineroar has 30 seconds left.
|inactive|maxspeedincineroar has 20 seconds left.
|
|t:|1757644465
|switch|p2a: Incineroar|Incineroar, L50, F|100/100
|-ability|p2a: Incineroar|Intimidate|boost
|-unboost|p1a: Talonflame|atk|1
|-unboost|p1b: Tyranitar|atk|1
|-terastallize|p1a: Talonflame|Grass
|move|p2b: Gholdengo|Protect|p2b: Gholdengo
|-singleturn|p2b: Gholdengo|Protect
|move|p1a: Talonflame|Will-O-Wisp|p2a: Incineroar
|-immune|p2a: Incineroar
|move|p1b: Tyranitar|Knock Off|p2b: Gholdengo
|-activate|p2b: Gholdengo|move: Protect
|
|-weather|Sandstorm|[upkeep]
|-damage|p1a: Talonflame|95/100|[from] Sandstorm
|upkeep
|turn|2
|inactive|Llama_Llord has 30 seconds left.
|
|t:|1757644496
|switch|p1b: Gholdengo|Gholdengo, L50|100/100
|move|p2a: Incineroar|Fake Out|p1b: Gholdengo
|-immune|p1b: Gholdengo
|move|p1a: Talonflame|Tailwind|p1a: Talonflame
|-sidestart|p1: Llama_Llord|move: Tailwind
|move|p2b: Gholdengo|Nasty Plot|p2b: Gholdengo
|-boost|p2b: Gholdengo|spa|2
|
|-weather|Sandstorm|[upkeep]
|-damage|p1a: Talonflame|89/100|[from] Sandstorm
|upkeep
|turn|3
|
|t:|1757644515
|switch|p1a: Garchomp|Garchomp, L50, M|100/100
|move|p2b: Gholdengo|Protect|p2b: Gholdengo
|-singleturn|p2b: Gholdengo|Protect
|move|p1b: Gholdengo|Thunderbolt|p2b: Gholdengo
|-activate|p2b: Gholdengo|move: Protect
|move|p2a: Incineroar|Knock Off|p1b: Gholdengo
|-supereffective|p1b: Gholdengo
|-damage|p1b: Gholdengo|18/100
|-enditem|p1b: Gholdengo|Choice Specs|[from] move: Knock Off|[of] p2a: Incineroar
|
|-weather|Sandstorm|[upkeep]
|upkeep
|turn|4
|inactive|maxspeedincineroar has 30 seconds left.
|
|t:|1757644542
|switch|p1b: Talonflame|Talonflame, L50, F, tera:Grass|89/100
|-terastallize|p2a: Incineroar|Ghost
|move|p1a: Garchomp|Earthquake|p2a: Incineroar|[spread] p1b,p2a,p2b
|-resisted|p1b: Talonflame
|-supereffective|p2b: Gholdengo
|-damage|p1b: Talonflame|58/100
|-damage|p2a: Incineroar|58/100
|-damage|p2b: Gholdengo|0 fnt
|faint|p2b: Gholdengo
|-damage|p1a: Garchomp|91/100|[from] item: Life Orb
|move|p2a: Incineroar|Parting Shot|p1a: Garchomp
|-unboost|p1a: Garchomp|atk|1
|-unboost|p1a: Garchomp|spa|1
|
|t:|1757644552
|switch|p2a: Basculegion|Basculegion, L50, M|100/100|[from] Parting Shot
|
|-weather|Sandstorm|[upkeep]
|-damage|p1b: Talonflame|52/100|[from] Sandstorm
|-damage|p2a: Basculegion|94/100|[from] Sandstorm
|upkeep
|
|t:|1757644557
|switch|p2b: Incineroar|Incineroar, L50, F, tera:Ghost|58/100
|-ability|p2b: Incineroar|Intimidate|boost
|-unboost|p1a: Garchomp|atk|1
|-unboost|p1b: Talonflame|atk|1
|turn|5
|inactive|maxspeedincineroar has 30 seconds left.
|inactive|maxspeedincineroar has 20 seconds left.
|inactive|maxspeedincineroar has 15 seconds left.
|
|t:|1757644600
|switch|p2a: Pelipper|Pelipper, L50, F|100/100
|-weather|RainDance|[from] ability: Drizzle|[of] p2a: Pelipper
|move|p1b: Talonflame|Will-O-Wisp|p2a: Pelipper
|-status|p2a: Pelipper|brn
|move|p1a: Garchomp|Earthquake|p2b: Incineroar|[spread] p1b,p2b
|-immune|p2a: Pelipper
|-resisted|p1b: Talonflame
|-damage|p1b: Talonflame|37/100
|-damage|p2b: Incineroar|36/100
|-damage|p1a: Garchomp|81/100|[from] item: Life Orb
|move|p2b: Incineroar|Flare Blitz|p1b: Talonflame
|-supereffective|p1b: Talonflame
|-damage|p1b: Talonflame|0 fnt
|faint|p1b: Talonflame
|-damage|p2b: Incineroar|25/100|[from] Recoil
|
|-weather|RainDance|[upkeep]
|-damage|p2a: Pelipper|95/100 brn|[from] brn
|-sideend|p1: Llama_Llord|move: Tailwind
|upkeep
|
|t:|1757644615
|switch|p1b: Tyranitar|Tyranitar, L50, M|100/100
|-weather|Sandstorm|[from] ability: Sand Stream|[of] p1b: Tyranitar
|turn|6
|inactive|maxspeedincineroar has 30 seconds left.
|inactive|maxspeedincineroar has 20 seconds left.
|
|t:|1757644652
|switch|p1a: Gholdengo|Gholdengo, L50|18/100
|move|p2a: Pelipper|Tailwind|p2a: Pelipper
|-sidestart|p2: maxspeedincineroar|move: Tailwind
|move|p2b: Incineroar|Knock Off|p1b: Tyranitar
|-resisted|p1b: Tyranitar
|-damage|p1b: Tyranitar|85/100
|-enditem|p1b: Tyranitar|Assault Vest|[from] move: Knock Off|[of] p2b: Incineroar
|move|p1b: Tyranitar|Knock Off|p2a: Pelipper
|-damage|p2a: Pelipper|20/100 brn
|-enditem|p2a: Pelipper|Focus Sash|[from] move: Knock Off|[of] p1b: Tyranitar
|
|-weather|Sandstorm|[upkeep]
|-damage|p2a: Pelipper|14/100 brn|[from] Sandstorm
|-damage|p2a: Pelipper|8/100 brn|[from] brn
|upkeep
|turn|7
|inactive|Llama_Llord has 30 seconds left.
|inactive|maxspeedincineroar has 30 seconds left.
|
|t:|1757644685
|move|p2a: Pelipper|Protect|p2a: Pelipper
|-singleturn|p2a: Pelipper|Protect
|move|p2b: Incineroar|Knock Off|p1a: Gholdengo
|-supereffective|p1a: Gholdengo
|-damage|p1a: Gholdengo|0 fnt
|faint|p1a: Gholdengo
|move|p1b: Tyranitar|Knock Off|p2a: Pelipper
|-activate|p2a: Pelipper|move: Protect
|
|-weather|Sandstorm|[upkeep]
|-damage|p2a: Pelipper|2/100 brn|[from] Sandstorm
|-damage|p2a: Pelipper|0 fnt|[from] brn
|faint|p2a: Pelipper
|upkeep
|
|t:|1757644691
|switch|p1a: Garchomp|Garchomp, L50, M|81/100
|switch|p2a: Basculegion|Basculegion, L50, M|94/100
|turn|8
|inactive|maxspeedincineroar has 30 seconds left.
|
|t:|1757644717
|move|p2a: Basculegion|Wave Crash|p1b: Tyranitar
|-supereffective|p1b: Tyranitar
|-damage|p1b: Tyranitar|0 fnt
|faint|p1b: Tyranitar
|-damage|p2a: Basculegion|67/100|[from] Recoil
|move|p2b: Incineroar|Parting Shot|p1a: Garchomp
|-unboost|p1a: Garchomp|atk|1
|-unboost|p1a: Garchomp|spa|1
|move|p1a: Garchomp|Dragon Claw|p2a: Basculegion
|-damage|p2a: Basculegion|16/100
|-damage|p1a: Garchomp|71/100|[from] item: Life Orb
|
|-weather|Sandstorm|[upkeep]
|-damage|p2a: Basculegion|10/100|[from] Sandstorm
|upkeep
|turn|9
|
|t:|1757644733
|move|p1a: Garchomp|Protect|p1a: Garchomp
|-singleturn|p1a: Garchomp|Protect
|move|p2a: Basculegion|Wave Crash|p1a: Garchomp
|-activate|p1a: Garchomp|move: Protect
|move|p2b: Incineroar|Parting Shot|p1a: Garchomp
|-activate|p1a: Garchomp|move: Protect
|
|-weather|Sandstorm|[upkeep]
|-damage|p2a: Basculegion|4/100|[from] Sandstorm
|-sideend|p2: maxspeedincineroar|move: Tailwind
|upkeep
|turn|10
|
|t:|1757644742
|move|p1a: Garchomp|Protect||[still]
|-fail|p1a: Garchomp
|move|p2a: Basculegion|Wave Crash|p1a: Garchomp
|-damage|p1a: Garchomp|0 fnt
|-damage|p2a: Basculegion|0 fnt|[from] ability: Rough Skin|[of] p1a: Garchomp
|faint|p1a: Garchomp
|faint|p2a: Basculegion
|
|win|maxspeedincineroar
|raw|Llama_Llord's rating: 1107 → 1079(-28 for losing)
|raw|maxspeedincineroar's rating: 1067 → 1100(+33 for winning)
|l|☆maxspeedincineroar
|player|p2|
