|j|☆mygreat
|j|☆Indy Senior Champ
|html|mygreatIndy Senior Champ    
|uhtml|bestof|Game 1 of a best-of-3
|t:|1783160406
|gametype|doubles
|player|p1|mygreat|veteran|1203
|player|p2|Indy Senior Champ|cynthia-gen4|1292
|gen|9
|tier|[Gen 9 Champions] VGC 2026 Reg M-B (Bo3)
|rated|
|rule|Species Clause: Limit one of each Pokémon
|rule|Item Clause: Limit 1 of each item
|clearpoke
|poke|p1|Incineroar, L50, M|
|poke|p1|Sinistcha, L50|
|poke|p1|Floette-Eternal, L50, F|
|poke|p1|Gengar, L50, M|
|poke|p1|Politoed, L50, F|
|poke|p1|Goodra-Hisui, L50, M|
|poke|p2|Charizard, L50, M|
|poke|p2|Whimsicott, L50, M, shiny|
|poke|p2|Garchomp, L50, M, shiny|
|poke|p2|Basculegion, L50, M|
|poke|p2|Sylveon, L50, F, shiny|
|poke|p2|Hydreigon, L50, M, shiny|
|teampreview|4
|showteam|p1|Incineroar||PasshoBerry|Intimidate|FlareBlitz,ThroatChop,PartingShot,FakeOut|Sassy||M|||50|]Sinistcha||KasibBerry|Hospitality|LifeDew,MatchaGotcha,RagePowder,Protect|Bold|||||50|]Floette-Eternal||Floettite|FlowerVeil|DazzlingGleam,DrainingKiss,CalmMind,Protect|Bold||F|||50|]Gengar||Gengarite|CursedBody|PerishSong,Disable,ShadowBall,Protect|Modest||M|||50|]Politoed||SitrusBerry|Drizzle|PerishSong,Encore,WeatherBall,Protect|Bold||F|||50|]Goodra-Hisui||Leftovers|ShellArmor|BodyPress,HeavySlam,Shelter,LifeDew|Impish||M|||50|
|showteam|p2|Charizard||CharizarditeY|Blaze|HeatWave,WeatherBall,SolarBeam,Protect|Modest||M|||50|]Whimsicott||FocusSash|Prankster|Moonblast,Tailwind,Encore,Protect|Timid||M|||50|]Garchomp||LifeOrb|RoughSkin|DragonClaw,RockSlide,Earthquake,Protect|Jolly||M|||50|]Basculegion||SitrusBerry|Adaptability|WaveCrash,LastRespects,AquaJet,Protect|Jolly||M|||50|]Sylveon||FairyFeather|Pixilate|HyperVoice,HyperBeam,QuickAttack,Protect|Modest||F|||50|]Hydreigon||ChoiceScarf|Levitate|DarkPulse,Snarl,EarthPower,DracoMeteor|Modest||M|||50|
|inactive|Battle timer is ON: inactive players will automatically lose when time's up. (requested by Indy Senior Champ)
|inactive|Indy Senior Champ has 60 seconds left.
|
|t:|1783160437
|teamsize|p1|4
|teamsize|p2|4
|start
|switch|p1a: Gengar|Gengar, L50, M|100/100
|switch|p1b: Incineroar|Incineroar, L50, M|100/100
|switch|p2a: Basculegion|Basculegion, L50, M|100/100
|switch|p2b: Sylveon|Sylveon, L50, F, shiny|100/100
|-ability|p1b: Incineroar|Intimidate|boost
|-unboost|p2a: Basculegion|atk|1
|-unboost|p2b: Sylveon|atk|1
|turn|1
|inactive|mygreat has 30 seconds left.
|
|t:|1783160466
|switch|p2a: Hydreigon|Hydreigon, L50, M, shiny|100/100
|detailschange|p1a: Gengar|Gengar-Mega, L50, M
|-mega|p1a: Gengar|Gengar|Gengarite
|move|p1b: Incineroar|Fake Out|p2b: Sylveon
|-damage|p2b: Sylveon|88/100
|move|p1a: Gengar|Shadow Ball|p2a: Hydreigon
|-resisted|p2a: Hydreigon|1
|-damage|p2a: Hydreigon|74/100
|cant|p2b: Sylveon|flinch
|
|upkeep
|turn|2
|
|t:|1783160484
|switch|p1a: Politoed|Politoed, L50, F|100/100
|-weather|RainDance|[from] ability: Drizzle|[of] p1a: Politoed
|move|p2b: Sylveon|Protect|p2b: Sylveon
|-singleturn|p2b: Sylveon|Protect
|move|p2a: Hydreigon|Dark Pulse|p1b: Incineroar
|-resisted|p1b: Incineroar|1
|-damage|p1b: Incineroar|83/100
|move|p1b: Incineroar|Parting Shot|p2a: Hydreigon
|-unboost|p2a: Hydreigon|atk|1
|-unboost|p2a: Hydreigon|spa|1
|
|t:|1783160491
|switch|p1b: Gengar|Gengar-Mega, L50, M|100/100|[from] Parting Shot
|
|-weather|RainDance|[upkeep]
|upkeep
|turn|3
|
|t:|1783160502
|switch|p1b: Incineroar|Incineroar, L50, M|83/100
|-ability|p1b: Incineroar|Intimidate|boost
|-unboost|p2a: Hydreigon|atk|1
|-unboost|p2b: Sylveon|atk|1
|move|p2a: Hydreigon|Dark Pulse|p1b: Incineroar
|-resisted|p1b: Incineroar|1
|-damage|p1b: Incineroar|71/100
|move|p1a: Politoed|Perish Song|p1a: Politoed
|-start|p1a: Politoed|perish3|[silent]
|-start|p1b: Incineroar|perish3|[silent]
|-start|p2a: Hydreigon|perish3|[silent]
|-start|p2b: Sylveon|perish3|[silent]
|-fieldactivate|move: Perish Song
|move|p2b: Sylveon|Hyper Voice|p1a: Politoed|[spread] p1a,p1b
|-crit|p1a: Politoed
|-damage|p1a: Politoed|37/100
|-damage|p1b: Incineroar|34/100
|-enditem|p1a: Politoed|Sitrus Berry|[eat]
|-heal|p1a: Politoed|62/100|[from] item: Sitrus Berry
|
|-weather|RainDance|[upkeep]
|-start|p2a: Hydreigon|perish3
|-start|p1a: Politoed|perish3
|-start|p2b: Sylveon|perish3
|-start|p1b: Incineroar|perish3
|upkeep
|turn|4
|
|t:|1783160522
|switch|p2a: Basculegion|Basculegion, L50, M|100/100
|switch|p1a: Gengar|Gengar-Mega, L50, M|100/100
|move|p1b: Incineroar|Fake Out|p2a: Basculegion
|-immune|p2a: Basculegion
|move|p2b: Sylveon|Hyper Beam|p1a: Gengar
|-resisted|p1a: Gengar|1
|-damage|p1a: Gengar|46/100
|-mustrecharge|p2b: Sylveon
|
|-weather|RainDance|[upkeep]
|-start|p2b: Sylveon|perish2
|-start|p1b: Incineroar|perish2
|upkeep
|turn|5
|
|t:|1783160538
|move|p2a: Basculegion|Protect|p2a: Basculegion
|-singleturn|p2a: Basculegion|Protect
|move|p1a: Gengar|Shadow Ball|p2a: Basculegion
|-activate|p2a: Basculegion|move: Protect
|cant|p2b: Sylveon|recharge
|move|p1b: Incineroar|Parting Shot|p2a: Basculegion
|-activate|p2a: Basculegion|move: Protect
|
|-weather|RainDance|[upkeep]
|-start|p2b: Sylveon|perish1
|-start|p1b: Incineroar|perish1
|upkeep
|turn|6
|
|t:|1783160545
|switch|p2a: Hydreigon|Hydreigon, L50, M, shiny|74/100
|move|p1a: Gengar|Shadow Ball|p2a: Hydreigon
|-resisted|p2a: Hydreigon|1
|-damage|p2a: Hydreigon|48/100
|move|p2b: Sylveon|Hyper Beam|p1b: Incineroar
|-damage|p1b: Incineroar|0 fnt
|-mustrecharge|p2b: Sylveon
|faint|p1b: Incineroar
|
|-weather|none
|-start|p2b: Sylveon|perish0
|faint|p2b: Sylveon
|upkeep
|
|t:|1783160553
|switch|p2b: Garchomp|Garchomp, L50, M, shiny|100/100
|switch|p1b: Sinistcha|Sinistcha, L50|100/100
|-heal|p1a: Gengar|70/100|[from] ability: Hospitality|[of] p1b: Sinistcha
|turn|7
|-message|mygreat forfeited.
|
|win|Indy Senior Champ
