|j|☆HeyEllie
|j|☆whiskersss
|html|HeyElliewhiskersss    
|uhtml|bestof|Game 1 of a best-of-3
|t:|1784533144
|gametype|doubles
|player|p1|HeyEllie|diantha|1044
|player|p2|whiskersss|266|1007
|gen|9
|tier|[Gen 9 Champions] VGC 2026 Reg M-B (Bo3)
|rated|
|rule|Species Clause: Limit one of each Pokémon
|rule|Item Clause: Limit 1 of each item
|clearpoke
|poke|p1|Talonflame, L50, F|
|poke|p1|Garchomp, L50, M|
|poke|p1|Basculegion, L50, M|
|poke|p1|Annihilape, L50, F|
|poke|p1|Maushold, L50|
|poke|p1|Floette-Eternal, L50, F|
|poke|p2|Tyranitar, L50, F|
|poke|p2|Corviknight, L50, F|
|poke|p2|Whimsicott, L50, M|
|poke|p2|Garchomp, L50, M|
|poke|p2|Sneasler, L50, F|
|poke|p2|Rotom-Wash, L50|
|teampreview|4
|showteam|p1|Talonflame||SharpBeak|GaleWings|DualWingbeat,Tailwind,Protect,WillOWisp|Jolly||F|||50|]Garchomp||LifeOrb|RoughSkin|Earthquake,RockSlide,DragonClaw,Protect|Jolly||M|||50|]Basculegion||MysticWater|Adaptability|WaveCrash,LastRespects,AquaJet,Protect|Jolly||M|||50|]Annihilape||SitrusBerry|Defiant|RageFist,DrainPunch,Protect,BulkUp|Adamant||F|||50|]Maushold||FocusSash|FriendGuard|BeatUp,FollowMe,Protect,Taunt|Jolly|||||50|]Floette-Eternal||Floettite|FlowerVeil|LightofRuin,Moonblast,DazzlingGleam,Protect|Modest||F|||50|
|showteam|p2|Tyranitar||Tyranitarite|SandStream|Protect,RockSlide,Superpower,LowKick|Adamant||F|||50|]Corviknight||Leftovers|MirrorArmor|BraveBird,IronHead,Protect,Tailwind|Impish||F|||50|]Whimsicott||FocusSash|Prankster|Tailwind,Encore,Protect,Moonblast|Bold||M|||50|]Garchomp||SitrusBerry|RoughSkin|DragonClaw,Earthquake,RockSlide,Protect|Jolly||M|||50|]Sneasler||WhiteHerb|Pressure|Protect,FakeOut,GunkShot,CloseCombat|Jolly||F|||50|]Rotom-Wash||Magnet|Levitate|HydroPump,Protect,Thunderbolt,VoltSwitch|Timid|||||50|
|inactive|Battle timer is ON: inactive players will automatically lose when time's up. (requested by HeyEllie)
|inactive|whiskersss has 60 seconds left.
|
|t:|1784533183
|teamsize|p1|4
|teamsize|p2|4
|start
|switch|p1a: Maushold|Maushold, L50|100/100
|switch|p1b: Basculegion|Basculegion, L50, M|100/100
|switch|p2a: Tyranitar|Tyranitar, L50, F|100/100
|switch|p2b: Rotom|Rotom-Wash, L50|100/100
|-weather|Sandstorm|[from] ability: Sand Stream|[of] p2a: Tyranitar
|turn|1
|
|t:|1784533200
|move|p1a: Maushold|Follow Me|p1a: Maushold
|-singleturn|p1a: Maushold|move: Follow Me
|move|p2b: Rotom|Thunderbolt|p1a: Maushold
|-damage|p1a: Maushold|36/100
|move|p1b: Basculegion|Wave Crash|p2a: Tyranitar
|-supereffective|p2a: Tyranitar|1
|-damage|p2a: Tyranitar|0 fnt
|faint|p2a: Tyranitar
|-damage|p1b: Basculegion|65/100|[from] Recoil
|
|-weather|Sandstorm|[upkeep]
|-damage|p1a: Maushold|30/100|[from] Sandstorm
|-damage|p2b: Rotom|94/100|[from] Sandstorm
|-damage|p1b: Basculegion|58/100|[from] Sandstorm
|upkeep
|
|t:|1784533213
|switch|p2a: Whimsicott|Whimsicott, L50, M|100/100
|turn|2
|
|t:|1784533222
|move|p1a: Maushold|Follow Me|p1a: Maushold
|-singleturn|p1a: Maushold|move: Follow Me
|move|p2a: Whimsicott|Tailwind|p2a: Whimsicott
|-sidestart|p2: whiskersss|move: Tailwind
|move|p2b: Rotom|Thunderbolt|p1a: Maushold
|-damage|p1a: Maushold|0 fnt
|faint|p1a: Maushold
|move|p1b: Basculegion|Last Respects|p2a: Whimsicott
|-damage|p2a: Whimsicott|40/100
|
|-weather|Sandstorm|[upkeep]
|-damage|p2b: Rotom|88/100|[from] Sandstorm
|-damage|p2a: Whimsicott|34/100|[from] Sandstorm
|-damage|p1b: Basculegion|52/100|[from] Sandstorm
|upkeep
|
|t:|1784533224
|switch|p1a: Talonflame|Talonflame, L50, F|100/100
|turn|3
|
|t:|1784533248
|move|p2a: Whimsicott|Protect|p2a: Whimsicott
|-singleturn|p2a: Whimsicott|Protect
|move|p1a: Talonflame|Tailwind|p1a: Talonflame
|-sidestart|p1: HeyEllie|move: Tailwind
|move|p2b: Rotom|Volt Switch|p1b: Basculegion
|-supereffective|p1b: Basculegion|1
|-damage|p1b: Basculegion|0 fnt
|faint|p1b: Basculegion
|
|t:|1784533257
|switch|p2b: Sneasler|Sneasler, L50, F|100/100|[from] Volt Switch
|-ability|p2b: Sneasler|Pressure
|
|-weather|Sandstorm|[upkeep]
|-damage|p1a: Talonflame|94/100|[from] Sandstorm
|-damage|p2b: Sneasler|94/100|[from] Sandstorm
|-damage|p2a: Whimsicott|28/100|[from] Sandstorm
|upkeep
|
|t:|1784533260
|switch|p1b: Garchomp|Garchomp, L50, M|100/100
|turn|4
|
|t:|1784533272
|move|p2b: Sneasler|Fake Out|p1a: Talonflame
|-damage|p1a: Talonflame|72/100
|cant|p1a: Talonflame|flinch
|move|p1b: Garchomp|Earthquake|p2b: Sneasler|[spread] p2a,p2b
|-immune|p1a: Talonflame
|-resisted|p2a: Whimsicott|1
|-supereffective|p2b: Sneasler|1
|-damage|p2a: Whimsicott|8/100
|-damage|p2b: Sneasler|0 fnt
|faint|p2b: Sneasler
|-damage|p1b: Garchomp|90/100|[from] item: Life Orb
|move|p2a: Whimsicott|Moonblast|p1b: Garchomp
|-supereffective|p1b: Garchomp|1
|-damage|p1b: Garchomp|27/100
|
|-weather|Sandstorm|[upkeep]
|-damage|p1a: Talonflame|66/100|[from] Sandstorm
|-damage|p2a: Whimsicott|2/100|[from] Sandstorm
|upkeep
|
|t:|1784533287
|switch|p2b: Rotom|Rotom-Wash, L50|88/100
|turn|5
|
|t:|1784533294
|move|p1a: Talonflame|Protect|p1a: Talonflame
|-singleturn|p1a: Talonflame|Protect
|move|p1b: Garchomp|Protect|p1b: Garchomp
|-singleturn|p1b: Garchomp|Protect
|move|p2b: Rotom|Hydro Pump|p1a: Talonflame
|-activate|p1a: Talonflame|move: Protect
|move|p2a: Whimsicott|Moonblast|p1b: Garchomp
|-activate|p1b: Garchomp|move: Protect
|
|-weather|none
|-sideend|p2: whiskersss|move: Tailwind
|upkeep
|turn|6
|
|t:|1784533313
|move|p1a: Talonflame|Dual Wingbeat|p2a: Whimsicott
|-supereffective|p2a: Whimsicott|1
|-damage|p2a: Whimsicott|0 fnt
|faint|p2a: Whimsicott
|-hitcount|p2: Whimsicott|1
|move|p1b: Garchomp|Earthquake|p2b: Rotom|[spread] 
|-immune|p1a: Talonflame
|-immune|p2b: Rotom|[from] ability: Levitate
|move|p2b: Rotom|Hydro Pump|p1a: Talonflame
|-supereffective|p1a: Talonflame|1
|-damage|p1a: Talonflame|0 fnt
|faint|p1a: Talonflame
|
|-sideend|p1: HeyEllie|move: Tailwind
|upkeep
|turn|7
|-message|HeyEllie forfeited.
|
|win|whiskersss
