|j|☆mbrown14
|j|☆Crystneel
|html|mbrown14Crystneel    
|uhtml|bestof|Game 3 of a best-of-3
|t:|1757156101
|gametype|doubles
|player|p1|mbrown14|2|1000
|player|p2|Crystneel|ethan|1106
|gen|9
|tier|[Gen 9] VGC 2025 Reg H (Bo3)
|rated|
|rule|Species Clause: Limit one of each Pokémon
|rule|Item Clause: Limit 1 of each item
|clearpoke
|poke|p1|Dragapult, L50, M|
|poke|p1|Dragonite, L50, M|
|poke|p1|Archaludon, L50, F|
|poke|p1|Incineroar, L50, M|
|poke|p1|Pelipper, L50, F|
|poke|p1|Whimsicott, L50, F|
|poke|p2|Volcarona, L50, M|
|poke|p2|Electabuzz, L50, F|
|poke|p2|Sneasler, L50, F|
|poke|p2|Rillaboom, L50, M|
|poke|p2|Dragonite, L50, M|
|poke|p2|Ursaluna-Bloodmoon, L50, M|
|teampreview|4
|showteam|p1|Dragapult||AssaultVest|ClearBody|DragonDarts,PhantomForce,SuckerPunch,DragonTail|||M|||50|,,,,,Fairy]Dragonite||LoadedDice|Multiscale|Tailwind,DragonCheer,Roost,ScaleShot|||M|||50|,,,,,Fairy]Archaludon||ClearAmulet|Stamina|BodyPress,ElectroShot,DracoMeteor,Protect|||F|||50|,,,,,Fairy]Incineroar||CovertCloak|Intimidate|FakeOut,WillOWisp,PartingShot,KnockOff|||M|||50|,,,,,Ghost]Pelipper||DampRock|Drizzle|Hurricane,HelpingHand,WideGuard,Protect|||F|||50|,,,,,Ground]Whimsicott||MentalHerb|Prankster|LightScreen,Tailwind,Taunt,FakeTears|||F|||50|,,,,,Dark
|showteam|p2|Volcarona||Leftovers|FlameBody|FieryDance,QuiverDance,GigaDrain,Protect|||M|||50|,,,,,Water]Electabuzz||Eviolite|Static|FollowMe,Electroweb,VoltSwitch,Taunt|||F|||50|,,,,,Fairy]Sneasler||GrassySeed|Unburden|DireClaw,CloseCombat,ThroatChop,Protect|||F|||50|,,,,,Dark]Rillaboom||AssaultVest|GrassySurge|FakeOut,GrassyGlide,WoodHammer,Uturn|||M|||50|,,,,,Fire]Dragonite||LoadedDice|Multiscale|ExtremeSpeed,ScaleShot,IceSpinner,LowKick|||M|||50|,,,,,Normal]Ursaluna-Bloodmoon||ThroatSpray|MindsEye|BloodMoon,HyperVoice,EarthPower,Protect|||M|||50|,,,,,Poison
|inactive|Battle timer is ON: inactive players will automatically lose when time's up. (requested by mbrown14)
|l|☆mbrown14
|inactive|mbrown14 disconnected and has a minute to reconnect!
|player|p1|
|inactive|Crystneel has 60 seconds left.
|j|☆mbrown14
|inactive|mbrown14 reconnected.
|player|p1|mbrown14|2|
|
|t:|1757156163
|teamsize|p1|4
|teamsize|p2|4
|start
|switch|p1a: Dragonite|Dragonite, L50, M|100/100
|switch|p1b: Archaludon|Archaludon, L50, F, shiny|100/100
|switch|p2a: Dragonite|Dragonite, L50, M|100/100
|switch|p2b: Electabuzz|Electabuzz, L50, F|100/100
|turn|1
|
|t:|1757156185
|-terastallize|p1b: Archaludon|Fairy
|move|p2b: Electabuzz|Follow Me|p2b: Electabuzz
|-singleturn|p2b: Electabuzz|move: Follow Me
|move|p1a: Dragonite|Dragon Cheer|p1b: Archaludon
|-start|p1b: Archaludon|move: Dragon Cheer
|move|p2a: Dragonite|Low Kick|p1b: Archaludon
|-resisted|p1b: Archaludon
|-damage|p1b: Archaludon|88/100
|-ability|p1b: Archaludon|Stamina|boost
|-boost|p1b: Archaludon|def|1
|move|p1b: Archaludon|Draco Meteor|p2b: Electabuzz
|-damage|p2b: Electabuzz|57/100
|-unboost|p1b: Archaludon|spa|2
|
|upkeep
|turn|2
|inactive|mbrown14 has 30 seconds left.
|
|t:|1757156210
|move|p1b: Archaludon|Protect|p1b: Archaludon
|-singleturn|p1b: Archaludon|Protect
|move|p2b: Electabuzz|Follow Me|p2b: Electabuzz
|-singleturn|p2b: Electabuzz|move: Follow Me
|move|p1a: Dragonite|Tailwind|p1a: Dragonite
|-sidestart|p1: mbrown14|move: Tailwind
|move|p2a: Dragonite|Scale Shot|p1a: Dragonite
|-supereffective|p1a: Dragonite
|-damage|p1a: Dragonite|87/100
|-supereffective|p1a: Dragonite
|-damage|p1a: Dragonite|57/100
|-supereffective|p1a: Dragonite
|-crit|p1a: Dragonite
|-damage|p1a: Dragonite|10/100
|-supereffective|p1a: Dragonite
|-damage|p1a: Dragonite|0 fnt
|faint|p1a: Dragonite
|-hitcount|p1: Dragonite|4
|-unboost|p2a: Dragonite|def|1
|-boost|p2a: Dragonite|spe|1
|
|upkeep
|
|t:|1757156229
|switch|p1a: Pelipper|Pelipper, L50, F, shiny|100/100
|-weather|RainDance|[from] ability: Drizzle|[of] p1a: Pelipper
|turn|3
|
|t:|1757156243
|move|p1a: Pelipper|Helping Hand|p1b: Archaludon
|-singleturn|p1b: Archaludon|Helping Hand|[of] p1a: Pelipper
|move|p2a: Dragonite|Extreme Speed|p1a: Pelipper
|-damage|p1a: Pelipper|61/100
|move|p1b: Archaludon|Draco Meteor|p2a: Dragonite
|-supereffective|p2a: Dragonite
|-damage|p2a: Dragonite|46/100
|-unboost|p1b: Archaludon|spa|2
|move|p2b: Electabuzz|Volt Switch|p1a: Pelipper
|-supereffective|p1a: Pelipper
|-damage|p1a: Pelipper|0 fnt
|faint|p1a: Pelipper
|
|t:|1757156260
|switch|p2b: Sneasler|Sneasler, L50, F|100/100|[from] Volt Switch
|
|-weather|RainDance|[upkeep]
|upkeep
|
|t:|1757156266
|switch|p1a: Incineroar|Incineroar, L50, M, shiny|100/100
|-ability|p1a: Incineroar|Intimidate|boost
|-unboost|p2a: Dragonite|atk|1
|-unboost|p2b: Sneasler|atk|1
|turn|4
|
|t:|1757156280
|switch|p2b: Electabuzz|Electabuzz, L50, F|57/100
|move|p1a: Incineroar|Fake Out|p2b: Electabuzz
|-damage|p2b: Electabuzz|48/100
|move|p1b: Archaludon|Electro Shot||[still]
|-prepare|p1b: Archaludon|Electro Shot
|-boost|p1b: Archaludon|spa|1
|-anim|p1b: Archaludon|Electro Shot|p2b: Electabuzz
|-resisted|p2b: Electabuzz
|-damage|p2b: Electabuzz|42/100
|move|p2a: Dragonite|Low Kick|p1a: Incineroar
|-supereffective|p1a: Incineroar
|-crit|p1a: Incineroar
|-damage|p1a: Incineroar|20/100
|
|-weather|RainDance|[upkeep]
|upkeep
|turn|5
|inactive|mbrown14 has 30 seconds left.
|
|t:|1757156308
|move|p2a: Dragonite|Extreme Speed|p1a: Incineroar
|-damage|p1a: Incineroar|3/100
|move|p1b: Archaludon|Body Press|p2b: Electabuzz
|-damage|p2b: Electabuzz|12/100
|move|p1a: Incineroar|Knock Off|p2a: Dragonite
|-damage|p2a: Dragonite|0 fnt
|-enditem|p2a: Dragonite|Loaded Dice|[from] move: Knock Off|[of] p1a: Incineroar
|faint|p2a: Dragonite
|move|p2b: Electabuzz|Taunt|p1b: Archaludon
|-start|p1b: Archaludon|move: Taunt
|
|-weather|RainDance|[upkeep]
|-sideend|p1: mbrown14|move: Tailwind
|upkeep
|
|t:|1757156321
|switch|p2a: Sneasler|Sneasler, L50, F|100/100
|turn|6
|
|t:|1757156335
|move|p2a: Sneasler|Protect|p2a: Sneasler
|-singleturn|p2a: Sneasler|Protect
|move|p2b: Electabuzz|Volt Switch|p1a: Incineroar
|-damage|p1a: Incineroar|0 fnt
|faint|p1a: Incineroar
|
|t:|1757156340
|switch|p2b: Rillaboom|Rillaboom, L50, M|100/100|[from] Volt Switch
|-fieldstart|move: Grassy Terrain|[from] ability: Grassy Surge|[of] p2b: Rillaboom
|-enditem|p2a: Sneasler|Grassy Seed
|-boost|p2a: Sneasler|def|1|[from] item: Grassy Seed
|move|p1b: Archaludon|Electro Shot||[still]
|-prepare|p1b: Archaludon|Electro Shot
|-boost|p1b: Archaludon|spa|1
|-anim|p1b: Archaludon|Electro Shot|p2a: Sneasler
|-activate|p2a: Sneasler|move: Protect
|
|-weather|RainDance|[upkeep]
|-heal|p1b: Archaludon|94/100|[from] Grassy Terrain
|upkeep
|turn|7
|-message|mbrown14 forfeited.
|
|win|Crystneel
|raw|mbrown14's rating: 1000 → 1000(+0 for losing)
|raw|Crystneel's rating: 1106 → 1124(+18 for winning)
|l|☆mbrown14
|player|p1|
