|j|☆dunknut2
|j|☆root2iris
|html|dunknut2root2iris    
|uhtml|bestof|Game 3 of a best-of-3
|t:|1756215765
|gametype|doubles
|player|p1|dunknut2|2|1170
|player|p2|root2iris|guitarist|1239
|gen|9
|tier|[Gen 9] VGC 2025 Reg H (Bo3)
|rated|
|rule|Species Clause: Limit one of each Pokémon
|rule|Item Clause: Limit 1 of each item
|clearpoke
|poke|p1|Annihilape, L50, F|
|poke|p1|Sinistcha, L50|
|poke|p1|Maushold-Four, L50|
|poke|p1|Klefki, L50, M|
|poke|p1|Ursaluna-Bloodmoon, L50, M|
|poke|p1|Ninetales-Alola, L50, F|
|poke|p2|Archaludon, L50, F|
|poke|p2|Pelipper, L50, M|
|poke|p2|Amoonguss, L50, F|
|poke|p2|Incineroar, L50, M|
|poke|p2|Baxcalibur, L50, F|
|poke|p2|Annihilape, L50, F|
|teampreview|4
|showteam|p1|Annihilape||Leftovers|Defiant|Protect,BulkUp,DrainPunch,RageFist|||F|||50|,,,,,Fire]Sinistcha||SitrusBerry|Hospitality|MatchaGotcha,TrickRoom,LifeDew,RagePowder||||||50|,,,,,Water]Maushold-Four||FocusSash|FriendGuard|FollowMe,Taunt,BeatUp,Protect||||||50|,,,,,Ghost]Klefki||LightClay|Prankster|Reflect,LightScreen,MistyTerrain,DazzlingGleam|||M|||50|,,,,,Ghost]Ursaluna-Bloodmoon||AssaultVest|MindsEye|BloodMoon,HyperVoice,EarthPower,VacuumWave|||M|||50|,,,,,Water]Ninetales-Alola||NeverMeltIce|SnowWarning|Protect,AuroraVeil,FreezeDry,Blizzard|||F|||50|,,,,,Ghost
|showteam|p2|Archaludon||AssaultVest|Stamina|DragonPulse,ElectroShot,BodyPress,Thunderbolt|||F|||50|,,,,,Bug]Pelipper||FocusSash|Drizzle|MuddyWater,Hurricane,Tailwind,Protect|||M|||50|,,,,,Ghost]Amoonguss||CovertCloak|Regenerator|PollenPuff,RagePowder,Spore,Protect|||F|||50|,,,,,Fairy]Incineroar||SafetyGoggles|Intimidate|KnockOff,BurningJealousy,PartingShot,FakeOut|||M|||50|,,,,,Ghost]Baxcalibur||LoadedDice|ThermalExchange|IcicleSpear,ScaleShot,HighHorsepower,Protect|||F|||50|,,,,,Ghost]Annihilape||SitrusBerry|Defiant|RageFist,FinalGambit,Coaching,Taunt|||F|||50|,,,,,Fire
|inactive|Battle timer is ON: inactive players will automatically lose when time's up. (requested by root2iris)
|
|t:|1756215791
|teamsize|p1|4
|teamsize|p2|4
|start
|switch|p1a: Annihilape|Annihilape, L50, F, shiny|100/100
|switch|p1b: Maushold|Maushold-Four, L50|100/100
|switch|p2a: Mikael Mouse|Amoonguss, L50, F|100/100
|switch|p2b: Air Combo++|Baxcalibur, L50, F|100/100
|turn|1
|
|t:|1756215804
|move|p2a: Mikael Mouse|Rage Powder|p2a: Mikael Mouse
|-singleturn|p2a: Mikael Mouse|move: Rage Powder
|move|p1b: Maushold|Taunt|p2a: Mikael Mouse
|-start|p2a: Mikael Mouse|move: Taunt
|move|p1a: Annihilape|Bulk Up|p1a: Annihilape
|-boost|p1a: Annihilape|atk|1
|-boost|p1a: Annihilape|def|1
|move|p2b: Air Combo++|Scale Shot|p1b: Maushold
|-damage|p1b: Maushold|82/100
|-damage|p1b: Maushold|65/100
|-damage|p1b: Maushold|48/100
|-damage|p1b: Maushold|32/100
|-hitcount|p1b: Maushold|4
|-unboost|p2b: Air Combo++|def|1
|-boost|p2b: Air Combo++|spe|1
|
|upkeep
|turn|2
|inactive|dunknut2 has 30 seconds left.
|inactive|root2iris has 30 seconds left.
|inactive|root2iris has 20 seconds left.
|inactive|root2iris has 15 seconds left.
|inactive|root2iris has 10 seconds left.
|
|t:|1756215854
|switch|p2a: Roxas|Archaludon, L50, F|100/100
|move|p2b: Air Combo++|Protect|p2b: Air Combo++
|-singleturn|p2b: Air Combo++|Protect
|move|p1b: Maushold|Protect|p1b: Maushold
|-singleturn|p1b: Maushold|Protect
|move|p1a: Annihilape|Drain Punch|p2b: Air Combo++
|-activate|p2b: Air Combo++|move: Protect
|
|upkeep
|turn|3
|inactive|root2iris has 30 seconds left.
|
|t:|1756215886
|switch|p2b: Oathkeeper|Pelipper, L50, M, shiny|100/100
|-weather|RainDance|[from] ability: Drizzle|[of] p2b: Oathkeeper
|move|p1b: Maushold|Follow Me|p1b: Maushold
|-singleturn|p1b: Maushold|move: Follow Me
|move|p1a: Annihilape|Drain Punch|p2b: Oathkeeper
|-resisted|p2b: Oathkeeper
|-damage|p2b: Oathkeeper|75/100
|move|p2a: Roxas|Electro Shot||[still]
|-prepare|p2a: Roxas|Electro Shot
|-boost|p2a: Roxas|spa|1
|-anim|p2a: Roxas|Electro Shot|p1b: Maushold
|-damage|p1b: Maushold|0 fnt
|faint|p1b: Maushold
|
|-weather|RainDance|[upkeep]
|upkeep
|
|t:|1756215904
|switch|p1b: Ursaluna|Ursaluna-Bloodmoon, L50, M|100/100
|turn|4
|inactive|root2iris has 30 seconds left.
|inactive|root2iris has 20 seconds left.
|inactive|root2iris has 15 seconds left.
|inactive|root2iris has 10 seconds left.
|inactive|root2iris has 5 seconds left.
|
|t:|1756215958
|-terastallize|p2a: Roxas|Bug
|move|p1a: Annihilape|Drain Punch|p2b: Oathkeeper
|-resisted|p2b: Oathkeeper
|-damage|p2b: Oathkeeper|49/100
|move|p2a: Roxas|Dragon Pulse|p1b: Ursaluna
|-damage|p1b: Ursaluna|65/100
|move|p2b: Oathkeeper|Hurricane|p1b: Ursaluna
|-damage|p1b: Ursaluna|33/100
|move|p1b: Ursaluna|Blood Moon|p2b: Oathkeeper
|-damage|p2b: Oathkeeper|0 fnt
|faint|p2b: Oathkeeper
|
|-weather|RainDance|[upkeep]
|upkeep
|
|t:|1756215982
|switch|p2b: Mikael Mouse|Amoonguss, L50, F|100/100
|turn|5
|
|t:|1756215997
|switch|p1b: Sinistcha|Sinistcha, L50|100/100
|move|p1a: Annihilape|Protect|p1a: Annihilape
|-singleturn|p1a: Annihilape|Protect
|move|p2a: Roxas|Dragon Pulse|p1b: Sinistcha
|-damage|p1b: Sinistcha|50/100
|-enditem|p1b: Sinistcha|Sitrus Berry|[eat]
|-heal|p1b: Sinistcha|75/100|[from] item: Sitrus Berry
|move|p2b: Mikael Mouse|Spore|p1a: Annihilape
|-activate|p1a: Annihilape|move: Protect
|
|-weather|RainDance|[upkeep]
|upkeep
|turn|6
|inactive|dunknut2 has 30 seconds left.
|inactive|dunknut2 has 20 seconds left.
|inactive|dunknut2 has 15 seconds left.
|inactive|dunknut2 has 10 seconds left.
|
|t:|1756216046
|move|p1a: Annihilape|Bulk Up|p1a: Annihilape
|-boost|p1a: Annihilape|atk|1
|-boost|p1a: Annihilape|def|1
|move|p2a: Roxas|Electro Shot||[still]
|-prepare|p2a: Roxas|Electro Shot
|-boost|p2a: Roxas|spa|1
|-anim|p2a: Roxas|Electro Shot|p1b: Sinistcha
|-resisted|p1b: Sinistcha
|-damage|p1b: Sinistcha|36/100
|move|p1b: Sinistcha|Life Dew||[still]|[spread] p1a,p1b
|-fail|p1a: Annihilape|heal
|-heal|p1b: Sinistcha|62/100
|move|p2b: Mikael Mouse|Spore|p1a: Annihilape
|-status|p1a: Annihilape|slp|[from] move: Spore
|
|-weather|RainDance|[upkeep]
|upkeep
|turn|7
|inactive|dunknut2 has 30 seconds left.
|inactive|root2iris has 30 seconds left.
|
|t:|1756216075
|switch|p1b: Ursaluna|Ursaluna-Bloodmoon, L50, M|33/100
|switch|p2b: Air Combo++|Baxcalibur, L50, F|100/100
|cant|p1a: Annihilape|slp
|move|p2a: Roxas|Electro Shot||[still]
|-prepare|p2a: Roxas|Electro Shot
|-boost|p2a: Roxas|spa|1
|-anim|p2a: Roxas|Electro Shot|p1b: Ursaluna
|-immune|p1b: Ursaluna
|
|-weather|none
|upkeep
|turn|8
|inactive|dunknut2 has 30 seconds left.
|
|t:|1756216105
|switch|p1b: Sinistcha|Sinistcha, L50|62/100
|cant|p1a: Annihilape|slp
|move|p2b: Air Combo++|Icicle Spear|p2a: Roxas
|-damage|p2a: Roxas|91/100
|-ability|p2a: Roxas|Stamina|boost
|-boost|p2a: Roxas|def|1
|-damage|p2a: Roxas|84/100
|-ability|p2a: Roxas|Stamina|boost
|-boost|p2a: Roxas|def|1
|-damage|p2a: Roxas|79/100
|-ability|p2a: Roxas|Stamina|boost
|-boost|p2a: Roxas|def|1
|-damage|p2a: Roxas|75/100
|-ability|p2a: Roxas|Stamina|boost
|-boost|p2a: Roxas|def|1
|-hitcount|p2a: Roxas|4
|move|p2a: Roxas|Dragon Pulse|p1b: Sinistcha
|-damage|p1b: Sinistcha|0 fnt
|faint|p1b: Sinistcha
|
|upkeep
|
|t:|1756216124
|switch|p1b: Ursaluna|Ursaluna-Bloodmoon, L50, M|33/100
|turn|9
|
|t:|1756216138
|-terastallize|p1b: Ursaluna|Water
|-curestatus|p1a: Annihilape|slp|[msg]
|move|p1a: Annihilape|Drain Punch|p2b: Air Combo++
|-supereffective|p2b: Air Combo++
|-damage|p2b: Air Combo++|0 fnt
|faint|p2b: Air Combo++
|move|p2a: Roxas|Dragon Pulse|p1b: Ursaluna
|-damage|p1b: Ursaluna|0 fnt
|faint|p1b: Ursaluna
|
|upkeep
|
|t:|1756216144
|switch|p2b: Mikael Mouse|Amoonguss, L50, F|100/100
|turn|10
|
|t:|1756216159
|move|p1a: Annihilape|Rage Fist|p2a: Roxas
|-damage|p2a: Roxas|65/100
|-ability|p2a: Roxas|Stamina|boost
|-boost|p2a: Roxas|def|1
|move|p2a: Roxas|Dragon Pulse|p1a: Annihilape
|-damage|p1a: Annihilape|23/100
|move|p2b: Mikael Mouse|Spore|p1a: Annihilape
|-status|p1a: Annihilape|slp|[from] move: Spore
|
|-heal|p1a: Annihilape|29/100 slp|[from] item: Leftovers
|upkeep
|turn|11
|-message|dunknut2 forfeited.
|
|win|root2iris
|raw|dunknut2's rating: 1170 → 1150(-20 for losing)
|raw|root2iris's rating: 1239 → 1259(+20 for winning)
