|j|☆mircat222
|j|☆milkandcereals
|html|mircat222milkandcereals    
|uhtml|bestof|Game 1 of a best-of-3
|t:|1756498933
|gametype|doubles
|player|p1|mircat222|giovanni|1139
|player|p2|milkandcereals|blue|1101
|gen|9
|tier|[Gen 9] VGC 2025 Reg H (Bo3)
|rated|
|rule|Species Clause: Limit one of each Pokémon
|rule|Item Clause: Limit 1 of each item
|clearpoke
|poke|p1|Toxtricity, L50, F|
|poke|p1|Incineroar, L50, M|
|poke|p1|Sneasler, L50, M|
|poke|p1|Tyranitar, L50, M|
|poke|p1|Gholdengo, L50|
|poke|p1|Indeedee-F, L50, F|
|poke|p2|Porygon2, L50|
|poke|p2|Rillaboom, L50, M|
|poke|p2|Ursaluna, L50, F|
|poke|p2|Jumpluff, L50, M|
|poke|p2|Charizard, L50, M|
|poke|p2|Torkoal, L50, F|
|teampreview|4
|showteam|p1|Toxtricity||ChoiceSpecs|PunkRock|Boomburst,Overdrive,SludgeBomb,VoltSwitch|||F|||50|,,,,,Ground]Incineroar||AssaultVest|Intimidate|Uturn,FakeOut,FlareBlitz,KnockOff|||M|||50|,,,,,Grass]Sneasler||PsychicSeed|Unburden|DireClaw,CloseCombat,Coaching,Protect|||M|||50|,,,,,Stellar]Tyranitar||FocusSash|SandStream|RockSlide,TeraBlast,Protect,DragonDance|||M|||50|,,,,,Flying]Gholdengo||LifeOrb|GoodasGold|MakeItRain,NastyPlot,ShadowBall,Protect||||||50|,,,,,Water]Indeedee-F||SafetyGoggles|PsychicSurge|FollowMe,Psychic,TrickRoom,HelpingHand|||F|||50|,,,,,Fairy
|showteam|p2|Porygon2||Eviolite|Download|TeraBlast,IceBeam,TrickRoom,Recover||||||50|,,,,,Fighting]Rillaboom||AssaultVest|GrassySurge|FakeOut,GrassyGlide,WoodHammer,HighHorsepower|||M|||50|,,,,,Water]Ursaluna||FlameOrb|Guts|Protect,Facade,Earthquake,HeadlongRush|||F|||50|,,,,,Ghost]Jumpluff||CovertCloak|Chlorophyll|SleepPowder,SunnyDay,Tailwind,RagePowder|||M|||50|,,,,,Fire]Charizard||ChoiceSpecs|SolarPower|HeatWave,Overheat,WeatherBall,DragonPulse|||M|||50|,,,,,Ghost]Torkoal||EjectPack|Drought|Overheat,Eruption,HelpingHand,Protect|||F|||50|,,,,,Fire
|inactive|Battle timer is ON: inactive players will automatically lose when time's up. (requested by milkandcereals)
|c|☆milkandcereals|glhf
|inactive|mircat222 has 60 seconds left.
|inactive|milkandcereals has 60 seconds left.
|inactive|milkandcereals has 30 seconds left.
|inactive|milkandcereals has 20 seconds left.
|
|t:|1756499013
|teamsize|p1|4
|teamsize|p2|4
|start
|switch|p1a: Indeedee|Indeedee-F, L50, F|100/100
|switch|p1b: Gholdengo|Gholdengo, L50|100/100
|switch|p2a: Porygon2|Porygon2, L50|100/100
|switch|p2b: Rillaboom|Rillaboom, L50, M|100/100
|-fieldstart|move: Grassy Terrain|[from] ability: Grassy Surge|[of] p2b: Rillaboom
|-fieldstart|move: Psychic Terrain|[from] ability: Psychic Surge|[of] p1a: Indeedee
|-ability|p2a: Porygon2|Download|boost
|-boost|p2a: Porygon2|atk|1
|turn|1
|inactive|mircat222 has 30 seconds left.
|inactive|milkandcereals has 30 seconds left.
|inactive|milkandcereals has 20 seconds left.
|inactive|mircat222 has 20 seconds left.
|inactive|mircat222 has 15 seconds left.
|
|t:|1756499067
|switch|p2b: Torkoal|Torkoal, L50, F|100/100
|-weather|SunnyDay|[from] ability: Drought|[of] p2b: Torkoal
|move|p1b: Gholdengo|Nasty Plot|p1b: Gholdengo
|-boost|p1b: Gholdengo|spa|2
|move|p1a: Indeedee|Trick Room|p1a: Indeedee
|-fieldstart|move: Trick Room|[of] p1a: Indeedee
|move|p2a: Porygon2|Trick Room|p2a: Porygon2
|-fieldend|move: Trick Room
|
|-weather|SunnyDay|[upkeep]
|upkeep
|turn|2
|
|t:|1756499089
|switch|p1a: Tyranitar|Tyranitar, L50, M|100/100
|-weather|Sandstorm|[from] ability: Sand Stream|[of] p1a: Tyranitar
|move|p2b: Torkoal|Protect|p2b: Torkoal
|-singleturn|p2b: Torkoal|Protect
|move|p1b: Gholdengo|Make It Rain|p2b: Torkoal|[spread] p2a
|-activate|p2b: Torkoal|move: Protect
|-damage|p2a: Porygon2|24/100
|-unboost|p1b: Gholdengo|spa|1
|-damage|p1b: Gholdengo|91/100|[from] item: Life Orb
|move|p2a: Porygon2|Trick Room|p2a: Porygon2
|-fieldstart|move: Trick Room|[of] p2a: Porygon2
|
|-weather|Sandstorm|[upkeep]
|-damage|p2b: Torkoal|95/100|[from] Sandstorm
|-damage|p2a: Porygon2|18/100|[from] Sandstorm
|upkeep
|turn|3
|inactive|mircat222 has 30 seconds left.
|inactive|milkandcereals has 30 seconds left.
|inactive|mircat222 has 20 seconds left.
|inactive|milkandcereals has 20 seconds left.
|inactive|milkandcereals has 15 seconds left.
|inactive|milkandcereals has 10 seconds left.
|inactive|milkandcereals has 5 seconds left.
|
|t:|1756499143
|-terastallize|p2a: Porygon2|Fighting
|-terastallize|p1b: Gholdengo|Water
|move|p2b: Torkoal|Overheat|p1b: Gholdengo
|-resisted|p1b: Gholdengo
|-damage|p1b: Gholdengo|59/100
|-unboost|p2b: Torkoal|spa|2
|-enditem|p2b: Torkoal|Eject Pack
|
|t:|1756499157
|switch|p2b: Rillaboom|Rillaboom, L50, M|100/100
|-fieldstart|move: Grassy Terrain|[from] ability: Grassy Surge|[of] p2b: Rillaboom
|move|p2a: Porygon2|Tera Blast|p1b: Gholdengo|[anim] Tera Blast Fighting
|-damage|p1b: Gholdengo|17/100
|move|p1a: Tyranitar|Rock Slide|p2b: Rillaboom|[spread] p2a
|-miss|p1a: Tyranitar|p2b: Rillaboom
|-resisted|p2a: Porygon2
|-damage|p2a: Porygon2|8/100
|move|p1b: Gholdengo|Shadow Ball|p2b: Rillaboom
|-crit|p2b: Rillaboom
|-damage|p2b: Rillaboom|17/100
|-unboost|p2b: Rillaboom|spd|1
|-damage|p1b: Gholdengo|7/100|[from] item: Life Orb
|
|-weather|Sandstorm|[upkeep]
|-damage|p2a: Porygon2|2/100|[from] Sandstorm
|-damage|p2b: Rillaboom|12/100|[from] Sandstorm
|-damage|p1b: Gholdengo|2/100|[from] Sandstorm
|-heal|p2a: Porygon2|8/100|[from] Grassy Terrain
|-heal|p2b: Rillaboom|17/100|[from] Grassy Terrain
|-heal|p1b: Gholdengo|7/100|[from] Grassy Terrain
|upkeep
|turn|4
|inactive|mircat222 has 30 seconds left.
|inactive|milkandcereals has 30 seconds left.
|
|t:|1756499189
|switch|p1a: Indeedee|Indeedee-F, L50, F|100/100
|-fieldstart|move: Psychic Terrain|[from] ability: Psychic Surge|[of] p1a: Indeedee
|move|p1b: Gholdengo|Protect|p1b: Gholdengo
|-singleturn|p1b: Gholdengo|Protect
|move|p2a: Porygon2|Tera Blast|p1a: Indeedee|[anim] Tera Blast Fighting
|-damage|p1a: Indeedee|66/100
|move|p2b: Rillaboom|Wood Hammer|p1b: Gholdengo
|-activate|p1b: Gholdengo|move: Protect
|
|-weather|Sandstorm|[upkeep]
|-damage|p2a: Porygon2|2/100|[from] Sandstorm
|-damage|p2b: Rillaboom|12/100|[from] Sandstorm
|-damage|p1b: Gholdengo|2/100|[from] Sandstorm
|upkeep
|turn|5
|inactive|milkandcereals has 30 seconds left.
|inactive|milkandcereals has 20 seconds left.
|inactive|milkandcereals has 15 seconds left.
|inactive|milkandcereals has 10 seconds left.
|inactive|milkandcereals has 5 seconds left.
|
|t:|1756499242
|move|p1a: Indeedee|Follow Me|p1a: Indeedee
|-singleturn|p1a: Indeedee|move: Follow Me
|move|p2a: Porygon2|Recover|p2a: Porygon2
|-heal|p2a: Porygon2|52/100
|move|p2b: Rillaboom|High Horsepower|p1a: Indeedee
|-damage|p1a: Indeedee|27/100
|move|p1b: Gholdengo|Make It Rain|p2b: Rillaboom|[spread] p2a,p2b
|-damage|p2a: Porygon2|0 fnt
|-damage|p2b: Rillaboom|0 fnt
|-unboost|p1b: Gholdengo|spa|1
|faint|p2a: Porygon2
|faint|p2b: Rillaboom
|-damage|p1b: Gholdengo|0 fnt|[from] item: Life Orb
|faint|p1b: Gholdengo
|
|-weather|Sandstorm|[upkeep]
|upkeep
|inactive|mircat222 has 30 seconds left.
|
|t:|1756499272
|switch|p2a: Ursaluna|Ursaluna, L50, F|100/100
|switch|p2b: Torkoal|Torkoal, L50, F|95/100
|switch|p1b: Tyranitar|Tyranitar, L50, M|100/100
|-weather|SunnyDay|[from] ability: Drought|[of] p2b: Torkoal
|-weather|Sandstorm|[from] ability: Sand Stream|[of] p1b: Tyranitar
|turn|6
|inactive|milkandcereals has 30 seconds left.
|inactive|milkandcereals has 20 seconds left.
|inactive|milkandcereals has 15 seconds left.
|inactive|milkandcereals has 10 seconds left.
|
|t:|1756499322
|move|p1a: Indeedee|Follow Me|p1a: Indeedee
|-singleturn|p1a: Indeedee|move: Follow Me
|move|p2b: Torkoal|Eruption|p1a: Indeedee|[spread] p1a,p1b
|-resisted|p1b: Tyranitar
|-damage|p1a: Indeedee|0 fnt
|-damage|p1b: Tyranitar|86/100
|faint|p1a: Indeedee
|move|p2a: Ursaluna|Headlong Rush|p1b: Tyranitar
|-supereffective|p1b: Tyranitar
|-damage|p1b: Tyranitar|0 fnt
|-unboost|p2a: Ursaluna|def|1
|-unboost|p2a: Ursaluna|spd|1
|faint|p1b: Tyranitar
|
|-weather|Sandstorm|[upkeep]
|-damage|p2b: Torkoal|89/100|[from] Sandstorm
|-fieldend|move: Trick Room
|-status|p2a: Ursaluna|brn|[from] item: Flame Orb
|upkeep
|
|t:|1756499341
|switch|p1b: Toxtricity|Toxtricity, L50, F|100/100
|turn|7
|inactive|milkandcereals has 30 seconds left.
|
|t:|1756499366
|move|p1b: Toxtricity|Boomburst|p2a: Ursaluna|[spread] p2a,p2b
|-damage|p2a: Ursaluna|0 fnt
|-damage|p2b: Torkoal|0 fnt
|faint|p2a: Ursaluna
|faint|p2b: Torkoal
|
|win|mircat222
||mircat222 is ready for game 2.
|l|☆mircat222
|player|p1|
|c|☆milkandcereals|wow
|inactive|milkandcereals has 30 seconds to confirm battle start!
|inactive|milkandcereals has 20 seconds to confirm battle start!
