|j|☆Miss buss buss
|j|☆MikeShinobu
|html|Miss buss bussMikeShinobu    
|uhtml|bestof|Game 2 of a best-of-3
|t:|1783089122
|gametype|doubles
|player|p1|Miss buss buss|101|1047
|player|p2|MikeShinobu|ethan|1042
|gen|9
|tier|[Gen 9 Champions] VGC 2026 Reg M-B (Bo3)
|rated|
|rule|Species Clause: Limit one of each Pokémon
|rule|Item Clause: Limit 1 of each item
|clearpoke
|poke|p1|Whimsicott, L50, F|
|poke|p1|Quaquaval, L50, M|
|poke|p1|Espathra, L50, F|
|poke|p1|Espeon, L50, M|
|poke|p1|Raichu, L50, M|
|poke|p1|Blaziken, L50, F|
|poke|p2|Whimsicott, L50, M|
|poke|p2|Garchomp, L50, M|
|poke|p2|Staraptor, L50, M|
|poke|p2|Blaziken, L50, M|
|poke|p2|Ninetales-Alola, L50, M|
|poke|p2|Excadrill, L50, F|
|teampreview|4
|showteam|p1|Whimsicott||FocusSash|Prankster|Tailwind,Taunt,EnergyBall,Moonblast|Timid||F|||50|]Quaquaval||ExpertBelt|Moxie|AquaStep,BrickBreak,BraveBird,Taunt|Jolly||M|||50|]Espathra||MentalHerb|SpeedBoost|CalmMind,Substitute,Protect,StoredPower|Modest||F|||50|]Espeon||TwistedSpoon|MagicBounce|Psychic,ShadowBall,DazzlingGleam,FutureSight|Modest||M|||50|]Raichu||RaichuniteY|LightningRod|ZapCannon,FocusBlast,Protect,Encore|Hasty||M|||50|]Blaziken||Blazikenite|SpeedBoost|SwordsDance,FlareBlitz,CloseCombat,Detect|Adamant||F|||50|
|showteam|p2|Whimsicott||FocusSash|Prankster|Encore,Tailwind,Moonblast,Charm|Timid||M|||50|]Garchomp||LifeOrb|RoughSkin|DragonClaw,Earthquake,Protect,RockSlide|Jolly||M|||50|]Staraptor||Staraptite|Intimidate|CloseCombat,BraveBird,Roost,Protect|Jolly||M|||50|]Blaziken||Blazikenite|SpeedBoost|Coaching,Protect,BrickBreak,FlareBlitz|Adamant||M|||50|]Ninetales-Alola||LightClay|SnowWarning|Blizzard,Moonblast,AuroraVeil,Protect|Modest||M|||50|]Excadrill||Excadrite|MoldBreaker|Earthquake,HighHorsepower,IronHead,Protect|Jolly||F|||50|
|inactive|Battle timer is ON: inactive players will automatically lose when time's up. (requested by MikeShinobu)
|inactive|Miss buss buss has 60 seconds left.
|inactive|MikeShinobu has 60 seconds left.
|
|t:|1783089159
|teamsize|p1|4
|teamsize|p2|4
|start
|switch|p1a: Blaziken|Blaziken, L50, F|100/100
|switch|p1b: Quaquaval|Quaquaval, L50, M|100/100
|switch|p2a: Ninetales|Ninetales-Alola, L50, M|100/100
|switch|p2b: Whimsicott|Whimsicott, L50, M|100/100
|-weather|Snowscape|[from] ability: Snow Warning|[of] p2a: Ninetales
|turn|1
|
|t:|1783089183
|detailschange|p1a: Blaziken|Blaziken-Mega, L50, F
|-mega|p1a: Blaziken|Blaziken|Blazikenite
|move|p2b: Whimsicott|Charm|p1a: Blaziken
|-unboost|p1a: Blaziken|atk|2
|move|p2a: Ninetales|Moonblast|p1b: Quaquaval
|-supereffective|p1b: Quaquaval|1
|-damage|p1b: Quaquaval|0 fnt
|faint|p1b: Quaquaval
|move|p1a: Blaziken|Flare Blitz|p2b: Whimsicott
|-supereffective|p2b: Whimsicott|1
|-enditem|p2b: Whimsicott|Focus Sash
|-damage|p2b: Whimsicott|1/100
|-damage|p1a: Blaziken|71/100|[from] Recoil
|
|-weather|Snowscape|[upkeep]
|-ability|p1a: Blaziken|Speed Boost|boost
|-boost|p1a: Blaziken|spe|1
|upkeep
|
|t:|1783089199
|switch|p1b: Espathra|Espathra, L50, F|100/100
|turn|2
|
|t:|1783089212
|move|p2b: Whimsicott|Tailwind|p2b: Whimsicott
|-sidestart|p2: MikeShinobu|move: Tailwind
|move|p2a: Ninetales|Moonblast|p1b: Espathra
|-damage|p1b: Espathra|36/100
|move|p1a: Blaziken|Swords Dance|p1a: Blaziken
|-boost|p1a: Blaziken|atk|2
|move|p1b: Espathra|Calm Mind|p1b: Espathra
|-boost|p1b: Espathra|spa|1
|-boost|p1b: Espathra|spd|1
|
|-weather|Snowscape|[upkeep]
|-ability|p1a: Blaziken|Speed Boost|boost
|-boost|p1a: Blaziken|spe|1
|-ability|p1b: Espathra|Speed Boost|boost
|-boost|p1b: Espathra|spe|1
|upkeep
|turn|3
|inactive|Miss buss buss has 30 seconds left.
|
|t:|1783089238
|move|p1b: Espathra|Protect|p1b: Espathra
|-singleturn|p1b: Espathra|Protect
|move|p2b: Whimsicott|Encore|p1a: Blaziken
|-start|p1a: Blaziken|Encore
|move|p2a: Ninetales|Blizzard|p1a: Blaziken|[spread] p1a
|-activate|p1b: Espathra|move: Protect
|-resisted|p1a: Blaziken|1
|-damage|p1a: Blaziken|48/100
|move|p1a: Blaziken|Swords Dance|p1a: Blaziken
|-boost|p1a: Blaziken|atk|2
|
|-weather|Snowscape|[upkeep]
|-ability|p1a: Blaziken|Speed Boost|boost
|-boost|p1a: Blaziken|spe|1
|-ability|p1b: Espathra|Speed Boost|boost
|-boost|p1b: Espathra|spe|1
|upkeep
|turn|4
|
|t:|1783089258
|move|p1a: Blaziken|Swords Dance|p1a: Blaziken
|-boost|p1a: Blaziken|atk|2
|move|p2b: Whimsicott|Moonblast|p1b: Espathra
|-damage|p1b: Espathra|1/100
|move|p1b: Espathra|Stored Power|p2a: Ninetales
|-damage|p2a: Ninetales|16/100
|move|p2a: Ninetales|Blizzard|p1a: Blaziken|[spread] p1a,p1b
|-resisted|p1a: Blaziken|1
|-damage|p1a: Blaziken|23/100
|-damage|p1b: Espathra|0 fnt
|faint|p1b: Espathra
|
|-weather|Snowscape|[upkeep]
|-ability|p1a: Blaziken|Speed Boost|boost
|-boost|p1a: Blaziken|spe|1
|upkeep
|
|t:|1783089274
|switch|p1b: Raichu|Raichu, L50, M|100/100
|turn|5
|
|t:|1783089287
|switch|p2a: Staraptor|Staraptor, L50, M|100/100
|-ability|p2a: Staraptor|Intimidate|boost
|-unboost|p1a: Blaziken|atk|1
|-unboost|p1b: Raichu|atk|1
|move|p1a: Blaziken|Swords Dance|p1a: Blaziken
|-boost|p1a: Blaziken|atk|2
|move|p2b: Whimsicott|Moonblast|p1a: Blaziken
|-damage|p1a: Blaziken|0 fnt
|faint|p1a: Blaziken
|move|p1b: Raichu|Focus Blast|p2a: Staraptor
|-damage|p2a: Staraptor|52/100
|
|-weather|none
|-sideend|p2: MikeShinobu|move: Tailwind
|upkeep
|turn|6
|-message|Miss buss buss forfeited.
|
|win|MikeShinobu
