|j|☆kokomiiiii
|j|☆Leodess
|html|kokomiiiiiLeodess    
|uhtml|bestof|Game 2 of a best-of-3
|t:|1757924463
|gametype|doubles
|player|p1|kokomiiiii|lillie-masters|1217
|player|p2|Leodess|lucas-gen4pt|1108
|gen|9
|tier|[Gen 9] VGC 2025 Reg H (Bo3)
|rated|
|rule|Species Clause: Limit one of each Pokémon
|rule|Item Clause: Limit 1 of each item
|clearpoke
|poke|p1|Gholdengo, L50|
|poke|p1|Ursaluna, L50, F|
|poke|p1|Dragonite, L50, M|
|poke|p1|Porygon2, L50|
|poke|p1|Incineroar, L50, M|
|poke|p1|Amoonguss, L50, M|
|poke|p2|Porygon2, L50|
|poke|p2|Torkoal, L50, F|
|poke|p2|Jumpluff, L50, M|
|poke|p2|Charizard, L50, M|
|poke|p2|Ursaluna, L50, F|
|poke|p2|Incineroar, L50, F|
|teampreview|4
|showteam|p1|Gholdengo||LifeOrb|GoodasGold|MakeItRain,ShadowBall,NastyPlot,Protect||||||50|,,,,,Water]Ursaluna||FlameOrb|Guts|HeadlongRush,Facade,Earthquake,Protect|||F|||50|,,,,,Ghost]Dragonite||LoadedDice|Multiscale|ScaleShot,Haze,Tailwind,Protect|||M|||50|,,,,,Fairy]Porygon2||Eviolite|Download|IceBeam,TeraBlast,TrickRoom,Recover||||||50|,,,,,Fighting]Incineroar||SafetyGoggles|Intimidate|FakeOut,KnockOff,FlareBlitz,PartingShot|||M|||50|,,,,,Ghost]Amoonguss||SitrusBerry|Regenerator|RagePowder,PollenPuff,Spore,Protect|||M|||50|,,,,,Water
|showteam|p2|Porygon2||Eviolite|Download|TeraBlast,TrickRoom,Recover,IceBeam||||||50|,,,,,Ghost]Torkoal||ChoiceSpecs|Drought|Eruption,HeatWave,WeatherBall,EarthPower|||F|||50|,,,,,Fire]Jumpluff||CovertCloak|Chlorophyll|RagePowder,Tailwind,SunnyDay,SleepPowder|||M|||50|,,,,,Water]Charizard||Charcoal|SolarPower|WeatherBall,HeatWave,Protect,SolarBeam|||M|||50|,,,,,Grass]Ursaluna||FlameOrb|Guts|Facade,Earthquake,HeadlongRush,Protect|||F|||50|,,,,,Ghost]Incineroar||AssaultVest|Intimidate|FlareBlitz,FakeOut,KnockOff,Uturn|||F|||50|,,,,,Water
|
|t:|1757924535
|teamsize|p1|4
|teamsize|p2|4
|start
|switch|p1a: da king|Gholdengo, L50|100/100
|switch|p1b: Midcineroar|Incineroar, L50, M, shiny|100/100
|switch|p2a: Incineroar|Incineroar, L50, F|100/100
|switch|p2b: Porygon2|Porygon2, L50|100/100
|-ability|p1b: Midcineroar|Intimidate|boost
|-unboost|p2a: Incineroar|atk|1
|-unboost|p2b: Porygon2|atk|1
|-ability|p2b: Porygon2|Download|boost
|-boost|p2b: Porygon2|atk|1
|-ability|p2a: Incineroar|Intimidate|boost
|-unboost|p1a: da king|atk|1
|-unboost|p1b: Midcineroar|atk|1
|turn|1
|
|t:|1757924557
|move|p1b: Midcineroar|Fake Out|p2a: Incineroar
|-damage|p2a: Incineroar|94/100
|move|p1a: da king|Nasty Plot|p1a: da king
|-boost|p1a: da king|spa|2
|cant|p2a: Incineroar|flinch
|move|p2b: Porygon2|Trick Room|p2b: Porygon2
|-fieldstart|move: Trick Room|[of] p2b: Porygon2
|
|upkeep
|turn|2
|
|t:|1757924576
|-terastallize|p2b: Porygon2|Ghost
|-terastallize|p1a: da king|Water
|move|p2a: Incineroar|Knock Off|p1a: da king
|-damage|p1a: da king|72/100
|-enditem|p1a: da king|Life Orb|[from] move: Knock Off|[of] p2a: Incineroar
|move|p2b: Porygon2|Tera Blast|p1a: da king|[anim] Tera Blast Ghost
|-damage|p1a: da king|37/100
|move|p1b: Midcineroar|Parting Shot|p2b: Porygon2
|-unboost|p2b: Porygon2|atk|1
|-unboost|p2b: Porygon2|spa|1
|inactive|Battle timer is ON: inactive players will automatically lose when time's up. (requested by Leodess)
|
|t:|1757924620
|switch|p1b: bam|Ursaluna, L50, F, shiny|100/100|[from] Parting Shot
|move|p1a: da king|Make It Rain|p2b: Porygon2|[spread] p2a,p2b
|-resisted|p2a: Incineroar
|-damage|p2a: Incineroar|70/100
|-damage|p2b: Porygon2|51/100
|-unboost|p1a: da king|spa|1
|
|-status|p1b: bam|brn|[from] item: Flame Orb
|upkeep
|turn|3
|inactive|Leodess has 30 seconds left.
|inactive|Leodess has 20 seconds left.
|inactive|Leodess has 15 seconds left.
|
|t:|1757924660
|move|p2a: Incineroar|Flare Blitz|p1b: bam
|-damage|p1b: bam|74/100 brn
|-damage|p2a: Incineroar|60/100|[from] Recoil
|move|p2b: Porygon2|Ice Beam|p1b: bam
|-supereffective|p1b: bam
|-damage|p1b: bam|44/100 brn
|move|p1b: bam|Headlong Rush|p2a: Incineroar
|-supereffective|p2a: Incineroar
|-damage|p2a: Incineroar|0 fnt
|-unboost|p1b: bam|def|1
|-unboost|p1b: bam|spd|1
|faint|p2a: Incineroar
|move|p1a: da king|Shadow Ball|p2b: Porygon2
|-supereffective|p2b: Porygon2
|-damage|p2b: Porygon2|0 fnt
|faint|p2b: Porygon2
|
|-damage|p1b: bam|38/100 brn|[from] brn
|upkeep
|
|t:|1757924671
|switch|p2a: Ursaluna|Ursaluna, L50, F|100/100
|switch|p2b: Torkoal|Torkoal, L50, F|100/100
|-weather|SunnyDay|[from] ability: Drought|[of] p2b: Torkoal
|turn|4
|
|t:|1757924688
|move|p1b: bam|Protect|p1b: bam
|-singleturn|p1b: bam|Protect
|move|p1a: da king|Protect|p1a: da king
|-singleturn|p1a: da king|Protect
|move|p2b: Torkoal|Weather Ball|p1b: bam
|-activate|p1b: bam|move: Protect
|move|p2a: Ursaluna|Facade|p1a: da king
|-activate|p1a: da king|move: Protect
|
|-weather|SunnyDay|[upkeep]
|-damage|p1b: bam|32/100 brn|[from] brn
|-status|p2a: Ursaluna|brn|[from] item: Flame Orb
|upkeep
|turn|5
|
|t:|1757924700
|switch|p1b: Midcineroar|Incineroar, L50, M, shiny|100/100
|-ability|p1b: Midcineroar|Intimidate|boost
|-unboost|p2a: Ursaluna|atk|1
|-unboost|p2b: Torkoal|atk|1
|switch|p1a: dragon right|Dragonite, L50, M, shiny|100/100
|move|p2b: Torkoal|Weather Ball|p1b: Midcineroar
|-resisted|p1b: Midcineroar
|-damage|p1b: Midcineroar|64/100
|move|p2a: Ursaluna|Facade|p1a: dragon right
|-damage|p1a: dragon right|52/100
|
|-weather|SunnyDay|[upkeep]
|-damage|p2a: Ursaluna|95/100 brn|[from] brn
|-fieldend|move: Trick Room
|upkeep
|turn|6
|inactive|kokomiiiii has 30 seconds left.
|
|t:|1757924732
|move|p1b: Midcineroar|Fake Out|p2a: Ursaluna
|-damage|p2a: Ursaluna|87/100 brn
|move|p1a: dragon right|Scale Shot|p2b: Torkoal|[miss]
|-miss|p1a: dragon right|p2b: Torkoal
|cant|p2a: Ursaluna|flinch
|move|p2b: Torkoal|Weather Ball|p1a: dragon right
|-resisted|p1a: dragon right
|-damage|p1a: dragon right|5/100
|
|-weather|SunnyDay|[upkeep]
|-damage|p2a: Ursaluna|81/100 brn|[from] brn
|upkeep
|turn|7
|
|t:|1757924751
|move|p1a: dragon right|Scale Shot|p2a: Ursaluna
|-damage|p2a: Ursaluna|71/100 brn
|-damage|p2a: Ursaluna|61/100 brn
|-damage|p2a: Ursaluna|51/100 brn
|-damage|p2a: Ursaluna|40/100 brn
|-damage|p2a: Ursaluna|30/100 brn
|-hitcount|p2a: Ursaluna|5
|-unboost|p1a: dragon right|def|1
|-boost|p1a: dragon right|spe|1
|move|p1b: Midcineroar|Flare Blitz|p2a: Ursaluna
|-damage|p2a: Ursaluna|0 fnt
|faint|p2a: Ursaluna
|-damage|p1b: Midcineroar|53/100|[from] Recoil
|move|p2b: Torkoal|Weather Ball|p1a: dragon right
|-resisted|p1a: dragon right
|-crit|p1a: dragon right
|-damage|p1a: dragon right|0 fnt
|faint|p1a: dragon right
|
|-weather|SunnyDay|[upkeep]
|upkeep
|-message|Leodess forfeited.
|
|win|kokomiiiii
|raw|kokomiiiii's rating: 1217 → 1234(+17 for winning)
|raw|Leodess's rating: 1108 → 1091(-17 for losing)
|l|☆Leodess
|player|p2|
