|j|☆Hjmane
|j|☆resourcespro
|html|Hjmaneresourcespro    
|uhtml|bestof|Game 3 of a best-of-3
|t:|1785996036
|gametype|doubles
|player|p1|Hjmane|266|1099
|player|p2|resourcespro|lucas-gen4pt|1099
|gen|9
|tier|[Gen 9 Champions] VGC 2026 Reg M-B (Bo3)
|rated|
|rule|Species Clause: Limit one of each Pokémon
|rule|Item Clause: Limit 1 of each item
|clearpoke
|poke|p1|Staraptor, L50, M|
|poke|p1|Whimsicott, L50, F|
|poke|p1|Sableye, L50, M|
|poke|p1|Jolteon, L50, F|
|poke|p1|Altaria, L50, F|
|poke|p1|Volcarona, L50, F|
|poke|p2|Annihilape, L50, M|
|poke|p2|Clefable, L50, M|
|poke|p2|Excadrill, L50, F|
|poke|p2|Tyranitar, L50, M|
|poke|p2|Scizor, L50, M|
|poke|p2|Aegislash, L50, M|
|teampreview|4
|showteam|p1|Staraptor||Staraptite|Intimidate|CloseCombat,BraveBird,Protect,QuickAttack|Jolly||M|||50|]Whimsicott||MentalHerb|Prankster|Tailwind,Charm,CottonSpore,Moonblast|Bold||F|||50|]Sableye||LightClay|Prankster|LightScreen,Encore,Disable,Reflect|Calm||M|||50|]Jolteon||Magnet|VoltAbsorb|Thunderbolt,CalmMind,HyperVoice,Protect|Timid||F|||50|]Altaria||Leftovers|CloudNine|DragonDance,Roost,BraveBird,DragonClaw|Adamant||F|||50|]Volcarona||Charcoal|FlameBody|FireBlast,BugBuzz,RainDance,Protect|Timid||F|||50|
|showteam|p2|Annihilape|||InnerFocus|BulkUp,Acrobatics,DrainPunch,RageFist|Adamant||M|||50|]Clefable||Clefablite|MagicGuard|FollowMe,DazzlingGleam,LightScreen,Thunderbolt|Modest||M|||50|]Excadrill||FocusSash|SandRush|Earthquake,RockSlide,SwordsDance,BrickBreak|Adamant||F|||50|]Tyranitar||SmoothRock|SandStream|FireBlast,IceBeam,Thunderbolt,DarkPulse|Modest||M|||50|]Scizor||ExpertBelt|Technician|BulletPunch,BugBite,DualWingbeat,Trailblaze|Adamant||M|||50|]Aegislash||ScopeLens|StanceChange|KingsShield,IronHead,Substitute,ShadowClaw|Careful||M|||50|
|inactive|Battle timer is ON: inactive players will automatically lose when time's up. (requested by Hjmane)
|inactive|resourcespro has 60 seconds left.
|
|t:|1785996094
|teamsize|p1|4
|teamsize|p2|4
|start
|switch|p1a: Staraptor|Staraptor, L50, M|100/100
|switch|p1b: Whimsicott|Whimsicott, L50, F|100/100
|switch|p2a: Annihilape|Annihilape, L50, M|100/100
|switch|p2b: Clefable|Clefable, L50, M|100/100
|-ability|p1a: Staraptor|Intimidate|boost
|-fail|p2a: Annihilape|unboost|Attack|[from] ability: Inner Focus|[of] p2a: Annihilape
|-unboost|p2b: Clefable|atk|1
|turn|1
|
|t:|1785996109
|detailschange|p1a: Staraptor|Staraptor-Mega, L50, M
|-mega|p1a: Staraptor|Staraptor|Staraptite
|detailschange|p2b: Clefable|Clefable-Mega, L50, M
|-mega|p2b: Clefable|Clefable|Clefablite
|move|p2b: Clefable|Follow Me|p2b: Clefable
|-singleturn|p2b: Clefable|move: Follow Me
|move|p1b: Whimsicott|Charm|p2b: Clefable
|move|p2b: Clefable|Charm|p1b: Whimsicott|[from] ability: Magic Bounce
|-unboost|p1b: Whimsicott|atk|2
|move|p1a: Staraptor|Close Combat|p2b: Clefable
|-resisted|p2b: Clefable|2
|-damage|p2b: Clefable|84/100
|-boost|p1a: Staraptor|def|1
|-boost|p1a: Staraptor|spd|1
|move|p2a: Annihilape|Bulk Up|p2a: Annihilape
|-boost|p2a: Annihilape|atk|1
|-boost|p2a: Annihilape|def|1
|
|upkeep
|turn|2
|inactive|Hjmane has 30 seconds left.
|inactive|resourcespro has 30 seconds left.
|inactive|Hjmane has 20 seconds left.
|inactive|resourcespro has 20 seconds left.
|inactive|Hjmane has 15 seconds left.
|inactive|resourcespro has 15 seconds left.
|inactive|Hjmane has 10 seconds left.
|
|t:|1785996159
|move|p2b: Clefable|Follow Me|p2b: Clefable
|-singleturn|p2b: Clefable|move: Follow Me
|move|p1a: Staraptor|Brave Bird|p2b: Clefable
|-damage|p2b: Clefable|23/100
|-damage|p1a: Staraptor|74/100|[from] Recoil
|move|p1b: Whimsicott|Moonblast|p2b: Clefable
|-damage|p2b: Clefable|0 fnt
|faint|p2b: Clefable
|move|p2a: Annihilape|Acrobatics|p1a: Staraptor
|-supereffective|p1a: Staraptor|1
|-damage|p1a: Staraptor|0 fnt
|faint|p1a: Staraptor
|
|upkeep
|
|t:|1785996173
|switch|p1a: Altaria|Altaria, L50, F|100/100
|switch|p2b: Excadrill|Excadrill, L50, F|100/100
|-ability|p1a: Altaria|Cloud Nine
|turn|3
|
|t:|1785996189
|move|p2b: Excadrill|Rock Slide|p1a: Altaria|[spread] p1b
|-miss|p2b: Excadrill|p1a: Altaria
|-damage|p1b: Whimsicott|76/100
|cant|p1b: Whimsicott|flinch
|move|p1a: Altaria|Brave Bird|p2a: Annihilape
|-supereffective|p2a: Annihilape|1
|-damage|p2a: Annihilape|41/100
|-damage|p1a: Altaria|72/100|[from] Recoil
|move|p2a: Annihilape|Acrobatics|p1b: Whimsicott
|-supereffective|p1b: Whimsicott|1
|-damage|p1b: Whimsicott|0 fnt
|faint|p1b: Whimsicott
|
|-heal|p1a: Altaria|78/100|[from] item: Leftovers
|upkeep
|
|t:|1785996195
|switch|p1b: Volcarona|Volcarona, L50, F|100/100
|turn|4
|inactive|resourcespro has 30 seconds left.
|
|t:|1785996224
|move|p1b: Volcarona|Fire Blast|p2b: Excadrill
|-supereffective|p2b: Excadrill|1
|-enditem|p2b: Excadrill|Focus Sash
|-damage|p2b: Excadrill|1/100
|-status|p2b: Excadrill|brn
|move|p2b: Excadrill|Rock Slide|p1b: Volcarona|[spread] p1a,p1b
|-supereffective|p1a: Altaria|1
|-supereffective|p1b: Volcarona|2
|-damage|p1a: Altaria|51/100
|-damage|p1b: Volcarona|26/100
|move|p1a: Altaria|Dragon Claw|p2b: Excadrill
|-resisted|p2b: Excadrill|1
|-damage|p2b: Excadrill|0 fnt
|faint|p2b: Excadrill
|move|p2a: Annihilape|Acrobatics|p1b: Volcarona
|-supereffective|p1b: Volcarona|1
|-damage|p1b: Volcarona|0 fnt
|faint|p1b: Volcarona
|
|-heal|p1a: Altaria|57/100|[from] item: Leftovers
|upkeep
|
|t:|1785996242
|switch|p2b: Tyranitar|Tyranitar, L50, M|100/100
|-weather|Sandstorm|[from] ability: Sand Stream|[of] p2b: Tyranitar
|turn|5
|
|t:|1785996252
|move|p1a: Altaria|Roost|p1a: Altaria
|-heal|p1a: Altaria|100/100
|-singleturn|p1a: Altaria|move: Roost
|move|p2a: Annihilape|Acrobatics|p1a: Altaria
|-damage|p1a: Altaria|23/100
|move|p2b: Tyranitar|Ice Beam|p1a: Altaria
|-supereffective|p1a: Altaria|1
|-damage|p1a: Altaria|0 fnt
|faint|p1a: Altaria
|
|win|resourcespro
|raw|Hjmane's rating: 1099 → 1074(-25 for losing)
|raw|resourcespro's rating: 1099 → 1124(+25 for winning)
|l|☆Hjmane
|player|p1|
|c|☆resourcespro|gg
|c|☆resourcespro|that was tough
