|j|☆raksbach123
|j|☆LyricSum
|html|raksbach123LyricSum    
|uhtml|bestof|Game 3 of a best-of-3
|t:|1784717027
|gametype|doubles
|player|p1|raksbach123|102|1176
|player|p2|LyricSum|veteran|1226
|gen|9
|tier|[Gen 9 Champions] VGC 2026 Reg M-B (Bo3)
|rated|
|rule|Species Clause: Limit one of each Pokémon
|rule|Item Clause: Limit 1 of each item
|clearpoke
|poke|p1|Incineroar, L50, F|
|poke|p1|Kingambit, L50, M|
|poke|p1|Sinistcha, L50|
|poke|p1|Sneasler, L50, M|
|poke|p1|Blastoise, L50, M|
|poke|p1|Delphox, L50, M|
|poke|p2|Froslass, L50, F, shiny|
|poke|p2|Sneasler, L50, M, shiny|
|poke|p2|Lycanroc-Dusk, L50, M, shiny|
|poke|p2|Whimsicott, L50, F, shiny|
|poke|p2|Maushold-Four, L50, shiny|
|poke|p2|Hydreigon, L50, M, shiny|
|teampreview|4
|showteam|p1|Incineroar||SitrusBerry|Intimidate|FakeOut,FlareBlitz,ThroatChop,PartingShot|Impish||F|||50|]Kingambit||BlackGlasses|Defiant|KowtowCleave,SuckerPunch,SwordsDance,Protect|Adamant||M|||50|]Sinistcha||OccaBerry|Hospitality|MatchaGotcha,RagePowder,TrickRoom,Protect|Relaxed|||||50|]Sneasler||FocusSash|PoisonTouch|FakeOut,CloseCombat,PoisonJab,QuickGuard|Jolly||M|||50|]Blastoise||Blastoisinite|RainDish|WaterSpout,DarkPulse,ShellSmash,Protect|Modest||M|||50|]Delphox||Delphoxite|Blaze|HeatWave,Psychic,NastyPlot,Protect|Timid||M|||50|
|showteam|p2|Froslass||Froslassite|CursedBody|NastyPlot,Blizzard,ShadowBall,Protect|Timid||F|||50|]Sneasler||WhiteHerb|Unburden|FakeOut,CloseCombat,DireClaw,Protect|Adamant||M|||50|]Lycanroc-Dusk||FocusSash|ToughClaws|Accelerock,RockSlide,CloseCombat,Protect|Jolly||M|||50|]Whimsicott||FairyFeather|Prankster|Tailwind,Moonblast,Encore,Protect|Timid||F|||50|]Maushold-Four||ChopleBerry|FriendGuard|SuperFang,FollowMe,Taunt,Protect|Timid|||||50|]Hydreigon||LifeOrb|Levitate|DarkPulse,Snarl,HeatWave,Protect|Modest||M|||50|
|inactive|Battle timer is ON: inactive players will automatically lose when time's up. (requested by LyricSum)
|inactive|raksbach123 also wants the timer to be on.
|inactive|raksbach123 has 60 seconds left.
|inactive|LyricSum has 60 seconds left.
|
|t:|1784717066
|teamsize|p1|4
|teamsize|p2|4
|start
|switch|p1a: Sneasler|Sneasler, L50, M|100/100
|switch|p1b: Blastoise|Blastoise, L50, M|100/100
|switch|p2a: Haribo|Sneasler, L50, M, shiny|100/100
|switch|p2b: Mickey Mice|Maushold-Four, L50, shiny|100/100
|turn|1
|
|t:|1784717082
|detailschange|p1b: Blastoise|Blastoise-Mega, L50, M
|-mega|p1b: Blastoise|Blastoise|Blastoisinite
|move|p1a: Sneasler|Fake Out|p2a: Haribo
|-damage|p2a: Haribo|82/100
|move|p2b: Mickey Mice|Taunt|p1b: Blastoise
|-start|p1b: Blastoise|move: Taunt
|cant|p2a: Haribo|flinch
|cant|p1b: Blastoise|move: Taunt|Shell Smash
|
|upkeep
|turn|2
|inactive|LyricSum has 30 seconds left.
|
|t:|1784717107
|switch|p2a: Hail Hydra|Hydreigon, L50, M, shiny|100/100
|switch|p1b: Sinistcha|Sinistcha, L50|100/100
|move|p2b: Mickey Mice|Protect|p2b: Mickey Mice
|-singleturn|p2b: Mickey Mice|Protect
|move|p1a: Sneasler|Close Combat|p2b: Mickey Mice
|-activate|p2b: Mickey Mice|move: Protect
|
|upkeep
|turn|3
|
|t:|1784717130
|move|p2b: Mickey Mice|Follow Me|p2b: Mickey Mice
|-singleturn|p2b: Mickey Mice|move: Follow Me
|move|p1a: Sneasler|Close Combat|p2b: Mickey Mice
|-supereffective|p2b: Mickey Mice|1
|-enditem|p2b: Mickey Mice|Chople Berry|[eat]
|-enditem|p2b: Mickey Mice|Chople Berry|[weaken]
|-damage|p2b: Mickey Mice|25/100
|-unboost|p1a: Sneasler|def|1
|-unboost|p1a: Sneasler|spd|1
|move|p2a: Hail Hydra|Heat Wave|p1b: Sinistcha|[spread] p1a,p1b
|-supereffective|p1b: Sinistcha|1
|-enditem|p1b: Sinistcha|Occa Berry|[eat]
|-enditem|p1b: Sinistcha|Occa Berry|[weaken]
|-damage|p1a: Sneasler|27/100
|-damage|p1b: Sinistcha|66/100
|-damage|p2a: Hail Hydra|90/100|[from] item: Life Orb
|move|p1b: Sinistcha|Matcha Gotcha|p2a: Hail Hydra|[spread] p2a,p2b
|-resisted|p2a: Hail Hydra|1
|-damage|p2a: Hail Hydra|79/100
|-heal|p1b: Sinistcha|71/100|[from] drain|[of] p2a: Hail Hydra
|-damage|p2b: Mickey Mice|0 fnt
|-heal|p1b: Sinistcha|84/100|[from] drain|[of] p2b: Mickey Mice
|-status|p2a: Hail Hydra|brn
|faint|p2b: Mickey Mice
|
|-damage|p2a: Hail Hydra|74/100 brn|[from] brn
|upkeep
|
|t:|1784717146
|switch|p2b: Stuffed|Whimsicott, L50, F, shiny|100/100
|turn|4
|inactive|raksbach123 has 30 seconds left.
|inactive|LyricSum has 30 seconds left.
|
|t:|1784717181
|move|p2a: Hail Hydra|Protect|p2a: Hail Hydra
|-singleturn|p2a: Hail Hydra|Protect
|move|p1b: Sinistcha|Protect|p1b: Sinistcha
|-singleturn|p1b: Sinistcha|Protect
|move|p2b: Stuffed|Encore|p1b: Sinistcha
|-activate|p1b: Sinistcha|move: Protect
|move|p1a: Sneasler|Close Combat|p2a: Hail Hydra
|-activate|p2a: Hail Hydra|move: Protect
|
|-damage|p2a: Hail Hydra|68/100 brn|[from] brn
|upkeep
|turn|5
|
|t:|1784717201
|switch|p1b: Blastoise|Blastoise-Mega, L50, M|100/100
|move|p2b: Stuffed|Tailwind|p2b: Stuffed
|-sidestart|p2: LyricSum|move: Tailwind
|move|p2a: Hail Hydra|Heat Wave|p1a: Sneasler|[spread] p1a,p1b
|-resisted|p1b: Blastoise|1
|-damage|p1a: Sneasler|0 fnt
|-damage|p1b: Blastoise|83/100
|faint|p1a: Sneasler
|-damage|p2a: Hail Hydra|58/100 brn|[from] item: Life Orb
|
|-damage|p2a: Hail Hydra|52/100 brn|[from] brn
|upkeep
|
|t:|1784717208
|switch|p1a: Sinistcha|Sinistcha, L50|84/100
|-heal|p1b: Blastoise|100/100|[from] ability: Hospitality|[of] p1a: Sinistcha
|turn|6
|
|t:|1784717216
|move|p1a: Sinistcha|Rage Powder|p1a: Sinistcha
|-singleturn|p1a: Sinistcha|move: Rage Powder
|move|p2b: Stuffed|Moonblast|p1a: Sinistcha
|-damage|p1a: Sinistcha|39/100
|move|p2a: Hail Hydra|Snarl|p1b: Blastoise|[spread] p1a,p1b
|-supereffective|p1a: Sinistcha|1
|-damage|p1a: Sinistcha|0 fnt
|-damage|p1b: Blastoise|71/100
|-unboost|p1b: Blastoise|spa|1
|faint|p1a: Sinistcha
|-damage|p2a: Hail Hydra|43/100 brn|[from] item: Life Orb
|move|p1b: Blastoise|Shell Smash|p1b: Blastoise
|-unboost|p1b: Blastoise|def|1
|-unboost|p1b: Blastoise|spd|1
|-boost|p1b: Blastoise|atk|2
|-boost|p1b: Blastoise|spa|2
|-boost|p1b: Blastoise|spe|2
|
|-damage|p2a: Hail Hydra|37/100 brn|[from] brn
|upkeep
|
|t:|1784717229
|switch|p1a: Kingambit|Kingambit, L50, M|100/100
|turn|7
|
|t:|1784717238
|move|p1b: Blastoise|Protect|p1b: Blastoise
|-singleturn|p1b: Blastoise|Protect
|move|p2b: Stuffed|Encore|p1b: Blastoise
|-activate|p1b: Blastoise|move: Protect
|move|p2a: Hail Hydra|Heat Wave|p1b: Blastoise|[spread] p1a
|-activate|p1b: Blastoise|move: Protect
|-supereffective|p1a: Kingambit|1
|-damage|p1a: Kingambit|45/100
|-status|p1a: Kingambit|brn
|-damage|p2a: Hail Hydra|27/100 brn|[from] item: Life Orb
|move|p1a: Kingambit|Kowtow Cleave|p2b: Stuffed
|-resisted|p2b: Stuffed|1
|-damage|p2b: Stuffed|83/100
|
|-damage|p2a: Hail Hydra|21/100 brn|[from] brn
|-damage|p1a: Kingambit|40/100 brn|[from] brn
|upkeep
|turn|8
|
|t:|1784717256
|move|p2b: Stuffed|Encore|p1b: Blastoise
|-start|p1b: Blastoise|Encore
|move|p1b: Blastoise|Protect||[still]
|-fail|p1b: Blastoise
|move|p1a: Kingambit|Sucker Punch|p2a: Hail Hydra
|-resisted|p2a: Hail Hydra|1
|-damage|p2a: Hail Hydra|10/100 brn
|move|p2a: Hail Hydra|Heat Wave|p1a: Kingambit|[spread] p1a,p1b
|-supereffective|p1a: Kingambit|1
|-resisted|p1b: Blastoise|1
|-damage|p1a: Kingambit|0 fnt
|-damage|p1b: Blastoise|43/100
|faint|p1a: Kingambit
|-damage|p2a: Hail Hydra|1/100 brn|[from] item: Life Orb
|
|-damage|p2a: Hail Hydra|0 fnt|[from] brn
|faint|p2a: Hail Hydra
|-sideend|p2: LyricSum|move: Tailwind
|upkeep
|
|t:|1784717262
|switch|p2a: Haribo|Sneasler, L50, M, shiny|82/100
|turn|9
|-message|raksbach123 forfeited.
|
|win|LyricSum
|raw|raksbach123's rating: 1176 → 1155(-21 for losing)
|raw|LyricSum's rating: 1226 → 1247(+21 for winning)
