|j|☆naibot2814
|j|☆Betonthecrit
|html|naibot2814Betonthecrit    
|uhtml|bestof|Game 3 of a best-of-3
|t:|1784060914
|gametype|doubles
|player|p1|naibot2814|colress|1339
|player|p2|Betonthecrit|170|1324
|gen|9
|tier|[Gen 9 Champions] VGC 2026 Reg M-B (Bo3)
|rated|
|rule|Species Clause: Limit one of each Pokémon
|rule|Item Clause: Limit 1 of each item
|clearpoke
|poke|p1|Blastoise, L50, M|
|poke|p1|Incineroar, L50, M|
|poke|p1|Sneasler, L50, M|
|poke|p1|Sinistcha, L50|
|poke|p1|Kingambit, L50, M, shiny|
|poke|p1|Delphox, L50, F|
|poke|p2|Froslass, L50, F|
|poke|p2|Dragonite, L50, F|
|poke|p2|Toxapex, L50, F|
|poke|p2|Sneasler, L50, F|
|poke|p2|Kingambit, L50, F|
|poke|p2|Blaziken, L50, M|
|teampreview|4
|showteam|p1|Blastoise||Blastoisinite|Torrent|WaterSpout,DarkPulse,ShellSmash,Protect|Modest||M|||50|]Incineroar||SitrusBerry|Intimidate|FakeOut,FlareBlitz,DarkestLariat,PartingShot|Careful||M|||50|]Sneasler||FocusSash|PoisonTouch|FakeOut,CloseCombat,PoisonJab,RockTomb|Jolly||M|||50|]Sinistcha||KasibBerry|Hospitality|MatchaGotcha,TrickRoom,RagePowder,Protect|Bold|||||50|]Kingambit||BlackGlasses|Defiant|KowtowCleave,SuckerPunch,SwordsDance,Protect|Adamant||M|||50|]Delphox||Delphoxite|Blaze|HeatWave,Psyshock,NastyPlot,Protect|Timid||F|||50|
|showteam|p2|Froslass||Froslassite|CursedBody|Blizzard,ShadowBall,AuroraVeil,Protect|Timid||F|||50|]Dragonite||LifeOrb|InnerFocus|DragonClaw,ExtremeSpeed,LowKick,Protect|Adamant||F|||50|]Toxapex||Leftovers|Regenerator|Infestation,Toxic,WideGuard,BanefulBunker|Bold||F|||50|]Sneasler||FocusSash|PoisonTouch|CloseCombat,PoisonJab,FakeOut,Protect|Jolly||F|||50|]Kingambit||BlackGlasses|Defiant|KowtowCleave,IronHead,SuckerPunch,Protect|Adamant||F|||50|]Blaziken||Blazikenite|SpeedBoost|CloseCombat,FlareBlitz,RockSlide,Protect|Adamant||M|||50|
|inactive|Battle timer is ON: inactive players will automatically lose when time's up. (requested by Betonthecrit)
|
|t:|1784060931
|teamsize|p1|4
|teamsize|p2|4
|start
|switch|p1a: Delphox|Delphox, L50, F|100/100
|switch|p1b: Sneasler|Sneasler, L50, M|100/100
|switch|p2a: Dragonite|Dragonite, L50, F|100/100
|switch|p2b: Sneasler|Sneasler, L50, F|100/100
|turn|1
|
|t:|1784060954
|move|p1a: Delphox|Protect|p1a: Delphox
|-singleturn|p1a: Delphox|Protect
|move|p2b: Sneasler|Fake Out|p1a: Delphox
|-activate|p1a: Delphox|move: Protect
|move|p1b: Sneasler|Rock Tomb|p2b: Sneasler
|-resisted|p2b: Sneasler|1
|-damage|p2b: Sneasler|82/100
|-unboost|p2b: Sneasler|spe|1
|move|p2a: Dragonite|Dragon Claw|p1a: Delphox
|-activate|p1a: Delphox|move: Protect
|
|upkeep
|turn|2
|
|t:|1784060965
|detailschange|p1a: Delphox|Delphox-Mega, L50, F
|-mega|p1a: Delphox|Delphox|Delphoxite
|move|p1a: Delphox|Psyshock|p2a: Dragonite
|-damage|p2a: Dragonite|58/100
|move|p1b: Sneasler|Poison Jab|p2a: Dragonite
|-damage|p2a: Dragonite|20/100y
|move|p2b: Sneasler|Poison Jab|p1a: Delphox
|-damage|p1a: Delphox|43/100
|-status|p1a: Delphox|psn
|move|p2a: Dragonite|Dragon Claw|p1a: Delphox
|-damage|p1a: Delphox|0 fnt
|faint|p1a: Delphox
|-damage|p2a: Dragonite|11/100|[from] item: Life Orb
|
|upkeep
|
|t:|1784060977
|switch|p1a: Sinistcha|Sinistcha, L50|100/100
|turn|3
|
|t:|1784060984
|switch|p2a: Froslass|Froslass, L50, F|100/100
|move|p2b: Sneasler|Protect|p2b: Sneasler
|-singleturn|p2b: Sneasler|Protect
|move|p1b: Sneasler|Poison Jab|p2b: Sneasler
|-activate|p2b: Sneasler|move: Protect
|move|p1a: Sinistcha|Matcha Gotcha|p2b: Sneasler|[spread] p2a
|-activate|p2b: Sneasler|move: Protect
|-damage|p2a: Froslass|64/100
|
|upkeep
|turn|4
|
|t:|1784060997
|detailschange|p2a: Froslass|Froslass-Mega, L50, F
|-mega|p2a: Froslass|Froslass|Froslassite
|-weather|Snowscape|[from] ability: Snow Warning|[of] p2a: Froslass
|move|p1a: Sinistcha|Protect|p1a: Sinistcha
|-singleturn|p1a: Sinistcha|Protect
|move|p1b: Sneasler|Rock Tomb|p2a: Froslass
|-supereffective|p2a: Froslass|1
|-damage|p2a: Froslass|26/100
|-unboost|p2a: Froslass|spe|1
|move|p2b: Sneasler|Poison Jab|p1a: Sinistcha
|-activate|p1a: Sinistcha|move: Protect
|move|p2a: Froslass|Blizzard|p1a: Sinistcha|[spread] p1b
|-activate|p1a: Sinistcha|move: Protect
|-damage|p1b: Sneasler|43/100
|
|-weather|Snowscape|[upkeep]
|upkeep
|turn|5
|inactive|naibot2814 has 30 seconds left.
|
|t:|1784061027
|switch|p2a: Toxapex|Toxapex, L50, F|100/100
|move|p1b: Sneasler|Close Combat|p2b: Sneasler
|-resisted|p2b: Sneasler|1
|-damage|p2b: Sneasler|25/100
|-unboost|p1b: Sneasler|def|1
|-unboost|p1b: Sneasler|spd|1
|move|p2b: Sneasler|Poison Jab|p1a: Sinistcha
|-damage|p1a: Sinistcha|64/100
|-status|p1a: Sinistcha|psn|[from] ability: Poison Touch|[of] p2b: Sneasler
|move|p1a: Sinistcha|Trick Room|p1a: Sinistcha
|-fieldstart|move: Trick Room|[of] p1a: Sinistcha
|
|-weather|Snowscape|[upkeep]
|-damage|p1a: Sinistcha|51/100 psn|[from] psn
|upkeep
|turn|6
|
|t:|1784061042
|switch|p1b: Kingambit|Kingambit, L50, M, shiny|100/100
|move|p2b: Sneasler|Protect|p2b: Sneasler
|-singleturn|p2b: Sneasler|Protect
|move|p2a: Toxapex|Infestation|p1b: Kingambit
|-damage|p1b: Kingambit|96/100
|-activate|p1b: Kingambit|move: Infestation|[of] p2a: Toxapex
|move|p1a: Sinistcha|Matcha Gotcha|p2b: Sneasler|[spread] p2a
|-activate|p2b: Sneasler|move: Protect
|-damage|p2a: Toxapex|80/100
|-heal|p1a: Sinistcha|60/100 psn|[from] drain|[of] p2a: Toxapex
|
|-weather|Snowscape|[upkeep]
|-heal|p2a: Toxapex|85/100|[from] item: Leftovers
|-damage|p1a: Sinistcha|48/100 psn|[from] psn
|-damage|p1b: Kingambit|84/100|[from] move: Infestation|[partiallytrapped]
|upkeep
|turn|7
|
|t:|1784061050
|move|p2a: Toxapex|Wide Guard|p2a: Toxapex
|-singleturn|p2a: Toxapex|Wide Guard
|move|p1b: Kingambit|Kowtow Cleave|p2b: Sneasler
|-resisted|p2b: Sneasler|1
|-damage|p2b: Sneasler|0 fnt
|faint|p2b: Sneasler
|move|p1a: Sinistcha|Matcha Gotcha|p2a: Toxapex
|-activate|p2a: Toxapex|move: Wide Guard
|
|-weather|Snowscape|[upkeep]
|-heal|p2a: Toxapex|91/100|[from] item: Leftovers
|-damage|p1a: Sinistcha|35/100 psn|[from] psn
|-damage|p1b: Kingambit|72/100|[from] move: Infestation|[partiallytrapped]
|upkeep
|
|t:|1784061057
|switch|p2b: Dragonite|Dragonite, L50, F|11/100
|turn|8
|
|t:|1784061069
|move|p2b: Dragonite|Protect|p2b: Dragonite
|-singleturn|p2b: Dragonite|Protect
|move|p2a: Toxapex|Infestation|p1a: Sinistcha
|-damage|p1a: Sinistcha|33/100 psn
|-activate|p1a: Sinistcha|move: Infestation|[of] p2a: Toxapex
|move|p1b: Kingambit|Kowtow Cleave|p2b: Dragonite
|-activate|p2b: Dragonite|move: Protect
|move|p1a: Sinistcha|Trick Room|p1a: Sinistcha
|-fieldend|move: Trick Room
|
|-weather|none
|-heal|p2a: Toxapex|97/100|[from] item: Leftovers
|-damage|p1a: Sinistcha|20/100y psn|[from] psn
|-damage|p1a: Sinistcha|8/100 psn|[from] move: Infestation|[partiallytrapped]
|-damage|p1b: Kingambit|60/100|[from] move: Infestation|[partiallytrapped]
|upkeep
|turn|9
|-message|naibot2814 forfeited.
|
|win|Betonthecrit
|raw|naibot2814's rating: 1339 → 1318(-21 for losing)
|raw|Betonthecrit's rating: 1324 → 1345(+21 for winning)
|l|☆naibot2814
|player|p1|
|l|☆Betonthecrit
|player|p2|
|j|☆naibot2814
|player|p1|naibot2814|colress|
