|j|☆Googole
|j|‽battle sim trainer
|html|Googolebattle sim trainer    
|uhtml|bestof|Game 1 of a best-of-3
|t:|1756214476
|gametype|doubles
|player|p1|Googole|cynthia-gen4|1054
|player|p2|battle sim trainer|turo|1077
|gen|9
|tier|[Gen 9] VGC 2025 Reg H (Bo3)
|rated|
|rule|Species Clause: Limit one of each Pokémon
|rule|Item Clause: Limit 1 of each item
|clearpoke
|poke|p1|Gholdengo, L50|
|poke|p1|Annihilape, L50, M|
|poke|p1|Incineroar, L50, F|
|poke|p1|Whimsicott, L50, M|
|poke|p1|Primarina, L50, F|
|poke|p1|Sneasler, L50, F|
|poke|p2|Ursaluna, L50, F|
|poke|p2|Indeedee-F, L50, F|
|poke|p2|Torkoal, L50, F|
|poke|p2|Gallade, L50, M|
|poke|p2|Annihilape, L50, M|
|poke|p2|Armarouge, L50, F|
|teampreview|4
|showteam|p1|Gholdengo||LifeOrb|GoodasGold|ShadowBall,MakeItRain,Protect,NastyPlot||||||50|,,,,,Water]Annihilape||SitrusBerry|Defiant|CloseCombat,RageFist,Protect,BulkUp|||M|||50|,,,,,Grass]Incineroar||SafetyGoggles|Intimidate|FakeOut,PartingShot,KnockOff,FlareBlitz|||F|||50|,,,,,Ghost]Whimsicott||CovertCloak|Prankster|Encore,Tailwind,BeatUp,Moonblast|||M|||50|,,,,,Poison]Primarina||ThroatSpray|LiquidVoice|HyperVoice,Haze,Protect,Moonblast|||F|||50|,,,,,Poison]Sneasler||FocusSash|PoisonTouch|CloseCombat,DireClaw,Protect,FakeOut|||F|||50|,,,,,Stellar
|showteam|p2|Ursaluna||FlameOrb|Guts|Earthquake,Facade,Protect,HeadlongRush|||F|||50|,,,,,Ghost]Indeedee-F||RockyHelmet|PsychicSurge|HelpingHand,TrickRoom,FollowMe,Psychic|||F|||50|,,,,,Steel]Torkoal||Charcoal|Drought|Eruption,WeatherBall,ClearSmog,SolarBeam|||F|||50|,,,,,Fire]Gallade||ClearAmulet|Sharpness|PsychoCut,SacredSword,NightSlash,TrickRoom|||M|||50|,,,,,Fire]Annihilape||ChoiceScarf|Defiant|Taunt,CloseCombat,RageFist,FinalGambit|||M|||50|,,,,,Fighting]Armarouge||PsychicSeed|FlashFire|ExpandingForce,Flamethrower,WideGuard,TrickRoom|||F|||50|,,,,,Grass
|
|t:|1756214533
|teamsize|p1|4
|teamsize|p2|4
|start
|switch|p1a: Sneasler|Sneasler, L50, F|100/100
|switch|p1b: Incineroar|Incineroar, L50, F|100/100
|switch|p2a: Indeedee|Indeedee-F, L50, F|100/100
|switch|p2b: Armarouge|Armarouge, L50, F|100/100
|-ability|p1b: Incineroar|Intimidate|boost
|-unboost|p2a: Indeedee|atk|1
|-unboost|p2b: Armarouge|atk|1
|-fieldstart|move: Psychic Terrain|[from] ability: Psychic Surge|[of] p2a: Indeedee
|-enditem|p2b: Armarouge|Psychic Seed
|-boost|p2b: Armarouge|spd|1|[from] item: Psychic Seed
|turn|1
|
|t:|1756214588
|-terastallize|p2a: Indeedee|Steel
|move|p2a: Indeedee|Follow Me|p2a: Indeedee
|-singleturn|p2a: Indeedee|move: Follow Me
|move|p1a: Sneasler|Dire Claw|p2a: Indeedee
|-immune|p2a: Indeedee
|move|p1b: Incineroar|Knock Off|p2a: Indeedee
|-damage|p2a: Indeedee|60/100
|-damage|p1b: Incineroar|84/100|[from] item: Rocky Helmet|[of] p2a: Indeedee
|-enditem|p2a: Indeedee|Rocky Helmet|[from] move: Knock Off|[of] p1b: Incineroar
|move|p2b: Armarouge|Trick Room|p2b: Armarouge
|-fieldstart|move: Trick Room|[of] p2b: Armarouge
|
|upkeep
|turn|2
|
|t:|1756214612
|move|p2b: Armarouge|Expanding Force|p1a: Sneasler|[spread] p1a
|-immune|p1b: Incineroar
|-supereffective|p1a: Sneasler
|-enditem|p1a: Sneasler|Focus Sash
|-damage|p1a: Sneasler|1/100
|move|p2a: Indeedee|Psychic|p1a: Sneasler
|-supereffective|p1a: Sneasler
|-damage|p1a: Sneasler|0 fnt
|faint|p1a: Sneasler
|move|p1b: Incineroar|Knock Off|p2b: Armarouge
|-supereffective|p2b: Armarouge
|-damage|p2b: Armarouge|44/100
|
|upkeep
|
|t:|1756214624
|switch|p1a: Annihilape|Annihilape, L50, M|100/100
|turn|3
|
|t:|1756214641
|move|p2a: Indeedee|Helping Hand|p2b: Armarouge
|-singleturn|p2b: Armarouge|Helping Hand|[of] p2a: Indeedee
|move|p1a: Annihilape|Protect|p1a: Annihilape
|-singleturn|p1a: Annihilape|Protect
|move|p2b: Armarouge|Expanding Force|p1a: Annihilape|[spread] 
|-activate|p1a: Annihilape|move: Protect
|-immune|p1b: Incineroar
|move|p1b: Incineroar|Knock Off|p2b: Armarouge
|-supereffective|p2b: Armarouge
|-damage|p2b: Armarouge|0 fnt
|faint|p2b: Armarouge
|
|upkeep
|
|t:|1756214647
|switch|p2b: Gallade|Gallade, L50, M|100/100
|turn|4
|
|t:|1756214664
|switch|p1a: Gholdengo|Gholdengo, L50|100/100
|move|p2a: Indeedee|Psychic|p1a: Gholdengo
|-resisted|p1a: Gholdengo
|-damage|p1a: Gholdengo|81/100
|move|p2b: Gallade|Sacred Sword|p1b: Incineroar
|-supereffective|p1b: Incineroar
|-damage|p1b: Incineroar|0 fnt
|faint|p1b: Incineroar
|
|upkeep
|
|t:|1756214673
|switch|p1b: Annihilape|Annihilape, L50, M|100/100
|turn|5
|
|t:|1756214683
|move|p1a: Gholdengo|Protect|p1a: Gholdengo
|-singleturn|p1a: Gholdengo|Protect
|move|p1b: Annihilape|Protect|p1b: Annihilape
|-singleturn|p1b: Annihilape|Protect
|move|p2a: Indeedee|Trick Room|p2a: Indeedee
|-fieldend|move: Trick Room
|move|p2b: Gallade|Trick Room|p2b: Gallade
|-fieldstart|move: Trick Room|[of] p2b: Gallade
|
|-fieldend|move: Psychic Terrain
|upkeep
|turn|6
|
|t:|1756214732
|-terastallize|p1a: Gholdengo|Water
|move|p2a: Indeedee|Psychic|p1b: Annihilape
|-supereffective|p1b: Annihilape
|-damage|p1b: Annihilape|39/100
|-enditem|p1b: Annihilape|Sitrus Berry|[eat]
|-heal|p1b: Annihilape|63/100|[from] item: Sitrus Berry
|move|p2b: Gallade|Psycho Cut|p1b: Annihilape
|-supereffective|p1b: Annihilape
|-damage|p1b: Annihilape|0 fnt
|faint|p1b: Annihilape
|move|p1a: Gholdengo|Make It Rain|p2a: Indeedee|[spread] p2a,p2b
|-resisted|p2a: Indeedee
|-damage|p2a: Indeedee|30/100
|-damage|p2b: Gallade|58/100
|-unboost|p1a: Gholdengo|spa|1
|-damage|p1a: Gholdengo|71/100|[from] item: Life Orb
|
|upkeep
|turn|7
|
|t:|1756214754
|switch|p2a: Torkoal|Torkoal, L50, F|100/100
|-weather|SunnyDay|[from] ability: Drought|[of] p2a: Torkoal
|move|p2b: Gallade|Sacred Sword|p1a: Gholdengo
|-damage|p1a: Gholdengo|4/100
|move|p1a: Gholdengo|Make It Rain|p2b: Gallade|[spread] p2a,p2b
|-resisted|p2a: Torkoal
|-damage|p2a: Torkoal|76/100
|-damage|p2b: Gallade|26/100
|-unboost|p1a: Gholdengo|spa|1
|-damage|p1a: Gholdengo|0 fnt|[from] item: Life Orb
|faint|p1a: Gholdengo
|
|win|battle sim trainer
|inactive|Googole has 30 seconds to confirm battle start!
|inactive|battle sim trainer has 30 seconds to confirm battle start!
