|j|☆Bobbo1
|j|☆CrystalGem02
|html|Bobbo1CrystalGem02    
|uhtml|bestof|Game 1 of a best-of-3
|t:|1756745774
|gametype|doubles
|player|p1|Bobbo1|ghetsis|1228
|player|p2|CrystalGem02|valerie|1323
|gen|9
|tier|[Gen 9] VGC 2025 Reg H (Bo3)
|rated|
|rule|Species Clause: Limit one of each Pokémon
|rule|Item Clause: Limit 1 of each item
|clearpoke
|poke|p1|Palafin, L50, M|
|poke|p1|Incineroar, L50, M|
|poke|p1|Rillaboom, L50, M|
|poke|p1|Volcarona, L50, F|
|poke|p1|Ninetales-Alola, L50, M|
|poke|p1|Gholdengo, L50|
|poke|p2|Toedscruel, L50, M|
|poke|p2|Weezing-Galar, L50, M|
|poke|p2|Corviknight, L50, M|
|poke|p2|Pawmot, L50, F|
|poke|p2|Garchomp, L50, M|
|poke|p2|Typhlosion-Hisui, L50, F|
|teampreview|4
|showteam|p1|Palafin||MysticWater|ZerotoHero|IcePunch,JetPunch,WaveCrash,Protect|||M|||50|,,,,,Water]Incineroar||SafetyGoggles|Intimidate|FakeOut,KnockOff,FlareBlitz,PartingShot|||M|||50|,,,,,Ghost]Rillaboom||AssaultVest|GrassySurge|FakeOut,GrassyGlide,WoodHammer,Uturn|||M|||50|,,,,,Fire]Volcarona||GrassySeed|FlameBody|QuiverDance,FieryDance,GigaDrain,Protect|||F|||50|,,,,,Grass]Ninetales-Alola||LightClay|SnowWarning|AuroraVeil,Blizzard,Moonblast,Protect|||M|||50|,,,,,Fire]Gholdengo||LifeOrb|GoodasGold|NastyPlot,MakeItRain,ShadowBall,Protect||||||50|,,,,,Water
|showteam|p2|Toedscruel||CovertCloak|MyceliumMight|EarthPower,AcidSpray,Spore,RagePowder|||M|||50|,,,,,Water]Weezing-Galar||ChoiceSpecs|NeutralizingGas|SludgeBomb,StrangeSteam,DazzlingGleam,Flamethrower|||M|||50|,,,,,Fire]Corviknight||SitrusBerry|MirrorArmor|BraveBird,Tailwind,Roost,Protect|||M|||50|,,,,,Dragon]Pawmot||FocusSash|NaturalCure|CloseCombat,DoubleShock,FakeOut,Protect|||F|||50|,,,,,Electric]Garchomp||LifeOrb|RoughSkin|DragonClaw,StompingTantrum,Earthquake,Protect|||M|||50|,,,,,Ground]Typhlosion-Hisui||ChoiceScarf|Blaze|Eruption,HeatWave,ShadowBall,SleepTalk|||F|||50|,,,,,Fire
|inactive|Battle timer is ON: inactive players will automatically lose when time's up. (requested by CrystalGem02)
|inactive|CrystalGem02 has 60 seconds left.
|inactive|CrystalGem02 has 30 seconds left.
|
|t:|1756745871
|teamsize|p1|4
|teamsize|p2|4
|start
|switch|p1a: Palafin|Palafin, L50, M|100/100
|switch|p1b: Volcarona|Volcarona, L50, F|100/100
|switch|p2a: Typhlosion|Typhlosion-Hisui, L50, F|100/100
|switch|p2b: Weezing|Weezing-Galar, L50, M|100/100
|-ability|p2b: Weezing|Neutralizing Gas
|turn|1
|
|t:|1756745889
|-terastallize|p1a: Palafin|Water
|move|p1a: Palafin|Jet Punch|p2a: Typhlosion
|-supereffective|p2a: Typhlosion
|-damage|p2a: Typhlosion|0 fnt
|faint|p2a: Typhlosion
|move|p1b: Volcarona|Quiver Dance|p1b: Volcarona
|-boost|p1b: Volcarona|spa|1
|-boost|p1b: Volcarona|spd|1
|-boost|p1b: Volcarona|spe|1
|move|p2b: Weezing|Sludge Bomb|p1b: Volcarona
|-damage|p1b: Volcarona|65/100
|
|upkeep
|
|t:|1756745905
|switch|p2a: Garchomp|Garchomp, L50, M|100/100
|turn|2
|
|t:|1756745925
|detailschange|p1a: Palafin|Palafin-Hero, L50, M, tera:Water
|switch|p1a: Rillaboom|Rillaboom, L50, M|100/100
|move|p1b: Volcarona|Giga Drain|p2a: Garchomp
|-damage|p2a: Garchomp|61/100
|-heal|p1b: Volcarona|83/100|[from] drain|[of] p2a: Garchomp
|move|p2a: Garchomp|Dragon Claw|p1b: Volcarona
|-damage|p1b: Volcarona|12/100
|-damage|p2a: Garchomp|52/100|[from] item: Life Orb
|move|p2b: Weezing|Sludge Bomb|p1a: Rillaboom
|-supereffective|p1a: Rillaboom
|-damage|p1a: Rillaboom|34/100
|
|upkeep
|turn|3
|inactive|Bobbo1 has 30 seconds left.
|
|t:|1756745952
|move|p2a: Garchomp|Protect|p2a: Garchomp
|-singleturn|p2a: Garchomp|Protect
|move|p1a: Rillaboom|Fake Out|p2a: Garchomp
|-activate|p2a: Garchomp|move: Protect
|move|p1b: Volcarona|Fiery Dance|p2b: Weezing
|-damage|p2b: Weezing|17/100
|move|p2b: Weezing|Sludge Bomb|p1b: Volcarona
|-damage|p1b: Volcarona|0 fnt
|faint|p1b: Volcarona
|
|upkeep
|
|t:|1756745963
|switch|p1b: Palafin|Palafin-Hero, L50, M, tera:Water|100/100
|-activate|p1b: Palafin|ability: Zero to Hero
|turn|4
|
|t:|1756745981
|switch|p1a: Incineroar|Incineroar, L50, M|100/100
|move|p1b: Palafin|Jet Punch|p2a: Garchomp
|-damage|p2a: Garchomp|0 fnt
|faint|p2a: Garchomp
|move|p2b: Weezing|Sludge Bomb|p1a: Incineroar
|-damage|p1a: Incineroar|54/100
|
|upkeep
|
|t:|1756745988
|switch|p2a: Pawmot|Pawmot, L50, F|100/100
|turn|5
|
|t:|1756746013
|switch|p1b: Rillaboom|Rillaboom, L50, M|34/100
|-terastallize|p2a: Pawmot|Electric
|move|p1a: Incineroar|Fake Out|p2b: Weezing
|-damage|p2b: Weezing|5/100
|move|p2a: Pawmot|Double Shock|p1b: Rillaboom
|-resisted|p1b: Rillaboom
|-damage|p1b: Rillaboom|2/100
|-start|p2a: Pawmot|typechange|Electric|[from] move: Double Shock
|cant|p2b: Weezing|flinch
|
|upkeep
|turn|6
|
|t:|1756746029
|move|p2a: Pawmot|Protect|p2a: Pawmot
|-singleturn|p2a: Pawmot|Protect
|move|p1b: Rillaboom|Fake Out|p2b: Weezing
|-damage|p2b: Weezing|0 fnt
|faint|p2b: Weezing
|-end|p2b: Weezing|ability: Neutralizing Gas
|-fieldstart|move: Grassy Terrain|[from] ability: Grassy Surge|[of] p1b: Rillaboom
|-ability|p1a: Incineroar|Intimidate|boost
|-unboost|p2a: Pawmot|atk|1
|move|p1a: Incineroar|Knock Off|p2a: Pawmot
|-activate|p2a: Pawmot|move: Protect
|
|-heal|p1b: Rillaboom|8/100|[from] Grassy Terrain
|-heal|p1a: Incineroar|60/100|[from] Grassy Terrain
|upkeep
|turn|7
|-message|CrystalGem02 forfeited.
|
|win|Bobbo1
