|j|☆S.electrowebs
|j|☆sjogis
|html|S.electrowebssjogis    
|uhtml|bestof|Game 1 of a best-of-3
|t:|1756666150
|gametype|doubles
|player|p1|S.electrowebs|2|
|player|p2|sjogis|fisherman-gen4|
|gen|9
|tier|[Gen 9] VGC 2025 Reg H (Bo3)
|rule|Species Clause: Limit one of each Pokémon
|rule|Item Clause: Limit 1 of each item
|clearpoke
|poke|p1|Rillaboom, L50, M|
|poke|p1|Electabuzz, L50, M|
|poke|p1|Archaludon, L50, F|
|poke|p1|Kingambit, L50, M|
|poke|p1|Pelipper, L50, M|
|poke|p1|Basculegion, L50, M|
|poke|p2|Indeedee-F, L50, F|
|poke|p2|Torkoal, L50, F|
|poke|p2|Gallade, L50, M|
|poke|p2|Ursaluna, L50, M|
|poke|p2|Armarouge, L50, F|
|poke|p2|Bellibolt, L50, M|
|teampreview|4
|showteam|p1|Rillaboom||LoadedDice|GrassySurge|HighHorsepower,BulletSeed,GrassyGlide,FakeOut|||M|||50|,,,,,Fire]Electabuzz||Eviolite|VitalSpirit|Electroweb,Taunt,Protect,FollowMe|||M|||50|,,,,,Ghost]Archaludon||AssaultVest|Stamina|ElectroShot,BodyPress,FlashCannon,DracoMeteor|||F|||50|,,,,,Water]Kingambit||BlackGlasses|Defiant|Protect,KowtowCleave,SwordsDance,SuckerPunch|||M|||50|,,,,,Dark]Pelipper||FocusSash|Drizzle|WeatherBall,Hurricane,Tailwind,Protect|||M|||50|,,,,,Dark]Basculegion||ChoiceBand|SwiftSwim|WaveCrash,AquaJet,FlipTurn,LastRespects|||M|||50|,,,,,Grass
|showteam|p2|Indeedee-F||RockyHelmet|PsychicSurge|DazzlingGleam,FollowMe,HelpingHand,TrickRoom|||F|||50|,,,,,Fairy]Torkoal||ChoiceSpecs|Drought|Eruption,HelpingHand,Overheat,EarthPower|||F|||50|,,,,,Fire]Gallade||ClearAmulet|Sharpness|PsychoCut,SacredSword,WideGuard,TrickRoom|||M|||50|,,,,,Normal]Ursaluna||FlameOrb|Guts|Facade,Earthquake,HeadlongRush,Protect|||M|||50|,,,,,Ghost]Armarouge||WeaknessPolicy|WeakArmor|Endure,LavaPlume,WeatherBall,ExpandingForce|||F|||50|,,,,,Psychic]Bellibolt||AssaultVest|Electromorphosis|ParabolicCharge,MuddyWater,SuckerPunch,VoltSwitch|||M|||50|,,,,,Water
|c|☆sjogis|glhf :)
|
|t:|1756666208
|teamsize|p1|4
|teamsize|p2|4
|start
|switch|p1a: Haven|Pelipper, L50, M|100/100
|switch|p1b: Joel|Basculegion, L50, M|100/100
|switch|p2a: Armarouge|Armarouge, L50, F|100/100
|switch|p2b: Bellibolt|Bellibolt, L50, M|100/100
|-weather|RainDance|[from] ability: Drizzle|[of] p1a: Haven
|turn|1
|
|t:|1756666247
|-terastallize|p2a: Armarouge|Psychic
|move|p2b: Bellibolt|Sucker Punch|p2a: Armarouge
|-supereffective|p2a: Armarouge
|-damage|p2a: Armarouge|78/100
|-ability|p2a: Armarouge|Weak Armor|boost
|-unboost|p2a: Armarouge|def|1
|-boost|p2a: Armarouge|spe|2
|-enditem|p2a: Armarouge|Weakness Policy
|-boost|p2a: Armarouge|atk|2|[from] item: Weakness Policy
|-boost|p2a: Armarouge|spa|2|[from] item: Weakness Policy
|move|p1b: Joel|Flip Turn|p2b: Bellibolt
|-damage|p2b: Bellibolt|59/100
|-start|p2b: Bellibolt|Charge|Flip Turn|[from] ability: Electromorphosis
|
|t:|1756666262
|switch|p1b: The Beast|Rillaboom, L50, M|100/100|[from] Flip Turn
|-fieldstart|move: Grassy Terrain|[from] ability: Grassy Surge|[of] p1b: The Beast
|move|p2a: Armarouge|Expanding Force|p1b: The Beast
|-damage|p1b: The Beast|0 fnt
|faint|p1b: The Beast
|move|p1a: Haven|Hurricane|p2b: Bellibolt
|-resisted|p2b: Bellibolt
|-crit|p2b: Bellibolt
|-damage|p2b: Bellibolt|35/100
|-start|p2b: Bellibolt|Charge|Hurricane|[from] ability: Electromorphosis
|
|-weather|RainDance|[upkeep]
|-heal|p2a: Armarouge|84/100|[from] Grassy Terrain
|-heal|p2b: Bellibolt|41/100|[from] Grassy Terrain
|upkeep
|
|t:|1756666290
|switch|p1b: Joel|Basculegion, L50, M|100/100
|turn|2
|
|t:|1756666308
|switch|p2b: Torkoal|Torkoal, L50, F|100/100
|-weather|SunnyDay|[from] ability: Drought|[of] p2b: Torkoal
|move|p2a: Armarouge|Endure|p2a: Armarouge
|-singleturn|p2a: Armarouge|move: Endure
|move|p1b: Joel|Aqua Jet|p2a: Armarouge
|-damage|p2a: Armarouge|63/100
|-ability|p2a: Armarouge|Weak Armor|boost
|-unboost|p2a: Armarouge|def|1
|-boost|p2a: Armarouge|spe|2
|move|p1a: Haven|Weather Ball|p2a: Armarouge
|-damage|p2a: Armarouge|11/100
|
|-weather|SunnyDay|[upkeep]
|-heal|p2a: Armarouge|17/100|[from] Grassy Terrain
|upkeep
|turn|3
|
|t:|1756666328
|switch|p1b: King Arthur|Kingambit, L50, M|100/100
|switch|p2b: Indeedee|Indeedee-F, L50, F|100/100
|-fieldstart|move: Psychic Terrain|[from] ability: Psychic Surge|[of] p2b: Indeedee
|-terastallize|p1a: Haven|Dark
|move|p2a: Armarouge|Expanding Force|p1a: Haven|[spread] 
|-immune|p1a: Haven
|-immune|p1b: King Arthur
|move|p1a: Haven|Weather Ball|p2a: Armarouge
|-damage|p2a: Armarouge|0 fnt
|faint|p2a: Armarouge
|
|-weather|SunnyDay|[upkeep]
|upkeep
|
|t:|1756666336
|switch|p2a: Bellibolt|Bellibolt, L50, M|41/100
|turn|4
|
|t:|1756666356
|switch|p1a: Joel|Basculegion, L50, M|100/100
|move|p1b: King Arthur|Kowtow Cleave|p2a: Bellibolt
|-damage|p2a: Bellibolt|4/100
|-start|p2a: Bellibolt|Charge|Kowtow Cleave|[from] ability: Electromorphosis
|move|p2a: Bellibolt|Parabolic Charge|p1a: Joel|[spread] p2b,p1a,p1b
|-supereffective|p1a: Joel
|-damage|p2b: Indeedee|68/100
|-heal|p2a: Bellibolt|17/100|[from] drain|[of] p2b: Indeedee
|-damage|p1a: Joel|13/100
|-heal|p2a: Bellibolt|57/100|[from] drain|[of] p1a: Joel
|-damage|p1b: King Arthur|67/100
|-heal|p2a: Bellibolt|72/100|[from] drain|[of] p1b: King Arthur
|-end|p2a: Bellibolt|Charge|[silent]
|move|p2b: Indeedee|Trick Room|p2b: Indeedee
|-fieldstart|move: Trick Room|[of] p2b: Indeedee
|
|-weather|SunnyDay|[upkeep]
|upkeep
|turn|5
|
|t:|1756666419
|move|p1b: King Arthur|Protect|p1b: King Arthur
|-singleturn|p1b: King Arthur|Protect
|move|p2b: Indeedee|Follow Me|p2b: Indeedee
|-singleturn|p2b: Indeedee|move: Follow Me
|move|p2a: Bellibolt|Parabolic Charge|p1b: King Arthur|[spread] p2b,p1a
|-activate|p1b: King Arthur|move: Protect
|-supereffective|p1a: Joel
|-damage|p2b: Indeedee|50/100
|-heal|p2a: Bellibolt|80/100|[from] drain|[of] p2b: Indeedee
|-damage|p1a: Joel|0 fnt
|-heal|p2a: Bellibolt|86/100|[from] drain|[of] p1a: Joel
|faint|p1a: Joel
|
|-weather|SunnyDay|[upkeep]
|upkeep
|
|t:|1756666426
|switch|p1a: Haven|Pelipper, L50, M, tera:Dark|100/100
|-weather|RainDance|[from] ability: Drizzle|[of] p1a: Haven
|turn|6
|
|t:|1756666456
|move|p2a: Bellibolt|Parabolic Charge|p1b: King Arthur|[spread] p2b,p1a,p1b
|-damage|p2b: Indeedee|33/100
|-heal|p2a: Bellibolt|93/100|[from] drain|[of] p2b: Indeedee
|-damage|p1a: Haven|69/100
|-heal|p2a: Bellibolt|100/100|[from] drain|[of] p1a: Haven
|-damage|p1b: King Arthur|48/100
|move|p1b: King Arthur|Kowtow Cleave|p2a: Bellibolt
|-damage|p2a: Bellibolt|61/100
|-start|p2a: Bellibolt|Charge|Kowtow Cleave|[from] ability: Electromorphosis
|move|p2b: Indeedee|Dazzling Gleam|p1b: King Arthur|[spread] p1a,p1b
|-supereffective|p1a: Haven
|-damage|p1a: Haven|24/100
|-damage|p1b: King Arthur|35/100
|move|p1a: Haven|Weather Ball|p2a: Bellibolt
|-damage|p2a: Bellibolt|23/100
|-start|p2a: Bellibolt|Charge|Weather Ball|[from] ability: Electromorphosis
|
|-weather|RainDance|[upkeep]
|upkeep
|turn|7
|
|t:|1756666481
|switch|p2b: Torkoal|Torkoal, L50, F|100/100
|-weather|SunnyDay|[from] ability: Drought|[of] p2b: Torkoal
|move|p1b: King Arthur|Protect|p1b: King Arthur
|-singleturn|p1b: King Arthur|Protect
|move|p1a: Haven|Protect|p1a: Haven
|-singleturn|p1a: Haven|Protect
|move|p2a: Bellibolt|Parabolic Charge|p1b: King Arthur|[spread] p2b
|-activate|p1a: Haven|move: Protect
|-activate|p1b: King Arthur|move: Protect
|-damage|p2b: Torkoal|56/100
|-heal|p2a: Bellibolt|41/100|[from] drain|[of] p2b: Torkoal
|-end|p2a: Bellibolt|Charge|[silent]
|
|-weather|SunnyDay|[upkeep]
|-fieldend|move: Psychic Terrain
|upkeep
|turn|8
|
|t:|1756666500
|switch|p2a: Indeedee|Indeedee-F, L50, F|33/100
|-fieldstart|move: Psychic Terrain|[from] ability: Psychic Surge|[of] p2a: Indeedee
|move|p1b: King Arthur|Protect||[still]
|-fail|p1b: King Arthur
|move|p1a: Haven|Protect||[still]
|-fail|p1a: Haven
|move|p2b: Torkoal|Eruption|p1b: King Arthur|[spread] p1a,p1b
|-supereffective|p1b: King Arthur
|-damage|p1a: Haven|0 fnt
|-damage|p1b: King Arthur|0 fnt
|faint|p1a: Haven
|faint|p1b: King Arthur
|
|win|sjogis
||S.electrowebs is ready for game 2.
||sjogis is ready for game 2.
|uhtml|next|Next: Game 2 of 3
