|j|☆naibot2814
|j|☆Prepucio Santos
|html|naibot2814Prepucio Santos    
|uhtml|bestof|Game 3 of a best-of-3
|t:|1784582867
|gametype|doubles
|player|p1|naibot2814|colress|1448
|player|p2|Prepucio Santos|striker|1334
|gen|9
|tier|[Gen 9 Champions] VGC 2026 Reg M-B (Bo3)
|rated|
|rule|Species Clause: Limit one of each Pokémon
|rule|Item Clause: Limit 1 of each item
|clearpoke
|poke|p1|Blastoise, L50, M|
|poke|p1|Incineroar, L50, M|
|poke|p1|Sneasler, L50, M|
|poke|p1|Sinistcha, L50|
|poke|p1|Kingambit, L50, M, shiny|
|poke|p1|Delphox, L50, F|
|poke|p2|Gengar, L50, M|
|poke|p2|Archaludon, L50, M|
|poke|p2|Politoed, L50, F|
|poke|p2|Swampert, L50, F|
|poke|p2|Vivillon, L50, F|
|poke|p2|Incineroar, L50, F|
|teampreview|4
|showteam|p1|Blastoise||Blastoisinite|Torrent|WaterSpout,DarkPulse,ShellSmash,Protect|Modest||M|||50|]Incineroar||SitrusBerry|Intimidate|FakeOut,FlareBlitz,DarkestLariat,PartingShot|Careful||M|||50|]Sneasler||FocusSash|PoisonTouch|FakeOut,CloseCombat,PoisonJab,RockTomb|Jolly||M|||50|]Sinistcha||KasibBerry|Hospitality|MatchaGotcha,TrickRoom,RagePowder,Protect|Bold|||||50|]Kingambit||BlackGlasses|Defiant|KowtowCleave,SuckerPunch,SwordsDance,Protect|Adamant||M|||50|]Delphox||Delphoxite|Blaze|HeatWave,Psyshock,NastyPlot,Protect|Timid||F|||50|
|showteam|p2|Gengar||Gengarite|CursedBody|ShadowBall,SludgeBomb,PerishSong,Protect|Modest||M|||50|]Archaludon||Leftovers|Stamina|ElectroShot,DragonPulse,FlashCannon,Protect|Bold||M|||50|]Politoed||SitrusBerry|Drizzle|WeatherBall,Hypnosis,PerishSong,Protect|Calm||F|||50|]Swampert||Swampertite|Torrent|WaveCrash,Earthquake,IcePunch,Protect|Adamant||F|||50|]Vivillon||FocusSash|CompoundEyes|Hurricane,SleepPowder,RagePowder,Protect|Timid||F|||50|]Incineroar||PasshoBerry|Intimidate|ThroatChop,FakeOut,PartingShot,Protect|Impish||F|||50|
|
|t:|1784582908
|teamsize|p1|4
|teamsize|p2|4
|start
|switch|p1a: Blastoise|Blastoise, L50, M|100/100
|switch|p1b: Sneasler|Sneasler, L50, M|100/100
|switch|p2a: Gengar|Gengar, L50, M|100/100
|switch|p2b: Archaludon|Archaludon, L50, M|100/100
|turn|1
|
|t:|1784582942
|detailschange|p2a: Gengar|Gengar-Mega, L50, M
|-mega|p2a: Gengar|Gengar|Gengarite
|detailschange|p1a: Blastoise|Blastoise-Mega, L50, M
|-mega|p1a: Blastoise|Blastoise|Blastoisinite
|move|p1b: Sneasler|Poison Jab|p2a: Gengar
|-resisted|p2a: Gengar|2
|-damage|p2a: Gengar|87/100
|move|p2a: Gengar|Sludge Bomb|p1a: Blastoise
|-crit|p1a: Blastoise
|-damage|p1a: Blastoise|13/100
|move|p1a: Blastoise|Dark Pulse|p2a: Gengar
|-supereffective|p2a: Gengar|1
|-damage|p2a: Gengar|0 fnt
|faint|p2a: Gengar
|move|p2b: Archaludon|Dragon Pulse|p1a: Blastoise
|-damage|p1a: Blastoise|0 fnt
|faint|p1a: Blastoise
|
|upkeep
|
|t:|1784582959
|switch|p2a: Vivillon|Vivillon, L50, F|100/100
|switch|p1a: Kingambit|Kingambit, L50, M, shiny|100/100
|turn|2
|
|t:|1784582976
|move|p2b: Archaludon|Protect|p2b: Archaludon
|-singleturn|p2b: Archaludon|Protect
|move|p1b: Sneasler|Poison Jab|p2a: Vivillon
|-damage|p2a: Vivillon|24/100
|move|p2a: Vivillon|Sleep Powder|p1a: Kingambit
|-status|p1a: Kingambit|slp|[from] move: Sleep Powder
|cant|p1a: Kingambit|slp
|
|upkeep
|turn|3
|
|t:|1784582992
|switch|p2a: Politoed|Politoed, L50, F|100/100
|-weather|RainDance|[from] ability: Drizzle|[of] p2a: Politoed
|move|p1b: Sneasler|Close Combat|p2b: Archaludon
|-supereffective|p2b: Archaludon|1
|-damage|p2b: Archaludon|23/100
|-unboost|p1b: Sneasler|def|1
|-unboost|p1b: Sneasler|spd|1
|-ability|p2b: Archaludon|Stamina|boost
|-boost|p2b: Archaludon|def|1
|move|p2b: Archaludon|Electro Shot||[still]
|-prepare|p2b: Archaludon|Electro Shot
|-boost|p2b: Archaludon|spa|1
|-anim|p2b: Archaludon|Electro Shot|p1b: Sneasler
|-enditem|p1b: Sneasler|Focus Sash
|-damage|p1b: Sneasler|1/100
|cant|p1a: Kingambit|slp
|
|-weather|RainDance|[upkeep]
|-heal|p2b: Archaludon|29/100|[from] item: Leftovers
|upkeep
|turn|4
|
|t:|1784583005
|move|p2b: Archaludon|Protect|p2b: Archaludon
|-singleturn|p2b: Archaludon|Protect
|move|p1b: Sneasler|Close Combat|p2a: Politoed
|-damage|p2a: Politoed|45/100
|-unboost|p1b: Sneasler|def|1
|-unboost|p1b: Sneasler|spd|1
|-enditem|p2a: Politoed|Sitrus Berry|[eat]
|-heal|p2a: Politoed|70/100|[from] item: Sitrus Berry
|move|p2a: Politoed|Weather Ball|p1b: Sneasler
|-damage|p1b: Sneasler|0 fnt
|faint|p1b: Sneasler
|-curestatus|p1a: Kingambit|slp|[msg]
|move|p1a: Kingambit|Kowtow Cleave|p2a: Politoed
|-damage|p2a: Politoed|19/100
|
|-weather|RainDance|[upkeep]
|-heal|p2b: Archaludon|36/100|[from] item: Leftovers
|upkeep
|
|t:|1784583011
|switch|p1b: Sinistcha|Sinistcha, L50|100/100
|turn|5
|
|t:|1784583027
|move|p2b: Archaludon|Electro Shot||[still]
|-prepare|p2b: Archaludon|Electro Shot
|-boost|p2b: Archaludon|spa|1
|-anim|p2b: Archaludon|Electro Shot|p1a: Kingambit
|-damage|p1a: Kingambit|30/100
|move|p2a: Politoed|Perish Song|p2a: Politoed
|-start|p1a: Kingambit|perish3|[silent]
|-start|p1b: Sinistcha|perish3|[silent]
|-start|p2a: Politoed|perish3|[silent]
|-start|p2b: Archaludon|perish3|[silent]
|-fieldactivate|move: Perish Song
|move|p1a: Kingambit|Kowtow Cleave|p2a: Politoed
|-damage|p2a: Politoed|0 fnt
|faint|p2a: Politoed
|move|p1b: Sinistcha|Trick Room|p1b: Sinistcha
|-fieldstart|move: Trick Room|[of] p1b: Sinistcha
|
|-weather|RainDance|[upkeep]
|-heal|p2b: Archaludon|42/100|[from] item: Leftovers
|-start|p1a: Kingambit|perish3
|-start|p1b: Sinistcha|perish3
|-start|p2b: Archaludon|perish3
|upkeep
|
|t:|1784583033
|switch|p2a: Vivillon|Vivillon, L50, F|24/100
|turn|6
|
|t:|1784583048
|move|p1a: Kingambit|Protect|p1a: Kingambit
|-singleturn|p1a: Kingambit|Protect
|move|p1b: Sinistcha|Protect|p1b: Sinistcha
|-singleturn|p1b: Sinistcha|Protect
|move|p2a: Vivillon|Protect|p2a: Vivillon
|-singleturn|p2a: Vivillon|Protect
|move|p2b: Archaludon|Dragon Pulse|p1b: Sinistcha
|-activate|p1b: Sinistcha|move: Protect
|
|-weather|RainDance|[upkeep]
|-heal|p2b: Archaludon|48/100|[from] item: Leftovers
|-start|p1a: Kingambit|perish2
|-start|p1b: Sinistcha|perish2
|-start|p2b: Archaludon|perish2
|upkeep
|turn|7
|
|t:|1784583075
|move|p1a: Kingambit|Kowtow Cleave|p2a: Vivillon
|-damage|p2a: Vivillon|0 fnt
|faint|p2a: Vivillon
|move|p2b: Archaludon|Dragon Pulse|p1b: Sinistcha
|-damage|p1b: Sinistcha|30/100
|move|p1b: Sinistcha|Trick Room|p1b: Sinistcha
|-fieldend|move: Trick Room
|
|-weather|none
|-heal|p2b: Archaludon|54/100|[from] item: Leftovers
|-start|p2b: Archaludon|perish1
|-start|p1b: Sinistcha|perish1
|-start|p1a: Kingambit|perish1
|upkeep
|turn|8
|
|t:|1784583092
|move|p1b: Sinistcha|Protect|p1b: Sinistcha
|-singleturn|p1b: Sinistcha|Protect
|move|p1a: Kingambit|Protect|p1a: Kingambit
|-singleturn|p1a: Kingambit|Protect
|move|p2b: Archaludon|Dragon Pulse|p1b: Sinistcha
|-activate|p1b: Sinistcha|move: Protect
|
|-heal|p2b: Archaludon|60/100|[from] item: Leftovers
|-start|p2b: Archaludon|perish0
|-start|p1b: Sinistcha|perish0
|-start|p1a: Kingambit|perish0
|faint|p2b: Archaludon
|faint|p1b: Sinistcha
|faint|p1a: Kingambit
|
|win|naibot2814
|raw|naibot2814's rating: 1448 → 1462(+14 for winning)
|raw|Prepucio Santos's rating: 1334 → 1320(-14 for losing)
|l|☆Prepucio Santos
|player|p2|
