|j|☆colemarcusvgc
|j|☆PkSbm
|html|colemarcusvgcPkSbm    
|uhtml|bestof|Game 1 of a best-of-3
|t:|1756494244
|gametype|doubles
|player|p1|colemarcusvgc|n|1035
|player|p2|PkSbm|169|1142
|gen|9
|tier|[Gen 9] VGC 2025 Reg H (Bo3)
|rated|
|rule|Species Clause: Limit one of each Pokémon
|rule|Item Clause: Limit 1 of each item
|clearpoke
|poke|p1|Indeedee-F, L50, F|
|poke|p1|Hatterene, L50, F|
|poke|p1|Ursaluna, L50, F|
|poke|p1|Amoonguss, L50, M|
|poke|p1|Porygon2, L50|
|poke|p1|Archaludon, L50, M|
|poke|p2|Gholdengo, L50|
|poke|p2|Dragonite, L50, F|
|poke|p2|Porygon2, L50|
|poke|p2|Ursaluna-Bloodmoon, L50, M|
|poke|p2|Primarina, L50, F|
|poke|p2|Incineroar, L50, M|
|teampreview|4
|showteam|p1|Indeedee-F||RockyHelmet|PsychicSurge|FollowMe,HelpingHand,TrickRoom,DazzlingGleam|||F|||50|,,,,,Fairy]Hatterene||LifeOrb|MagicBounce|TrickRoom,ExpandingForce,MysticalFire,DazzlingGleam|||F|||50|,,,,,Ghost]Ursaluna||FlameOrb|Guts|Facade,HeadlongRush,Earthquake,Protect|||F|||50|,,,,,Ghost]Amoonguss||SitrusBerry|Regenerator|Spore,RagePowder,PollenPuff,SludgeBomb|||M|||50|,,,,,Water]Porygon2||Eviolite|Download|TrickRoom,Recover,IceBeam,TeraBlast||||||50|,,,,,Grass]Archaludon||AssaultVest|Stamina|ElectroShot,DracoMeteor,FlashCannon,BodyPress|||M|||50|,,,,,Steel
|showteam|p2|Gholdengo||LifeOrb|GoodasGold|ShadowBall,MakeItRain,Reflect,LightScreen||||||50|,,,,,Steel]Dragonite||LoadedDice|Multiscale|Tailwind,ScaleShot,ExtremeSpeed,Haze|||F|||50|,,,,,Fairy]Porygon2||Eviolite|Download|Recover,IceBeam,TrickRoom,TeraBlast||||||50|,,,,,Fighting]Ursaluna-Bloodmoon||AssaultVest|MindsEye|VacuumWave,EarthPower,HyperVoice,BloodMoon|||M|||50|,,,,,Ghost]Primarina||SitrusBerry|LiquidVoice|HyperVoice,Haze,Moonblast,Protect|||F|||50|,,,,,Steel]Incineroar||SafetyGoggles|Intimidate|FakeOut,KnockOff,PartingShot,FlareBlitz|||M|||50|,,,,,Ghost
|
|t:|1756494301
|teamsize|p1|4
|teamsize|p2|4
|start
|switch|p1a: Indeedee|Indeedee-F, L50, F|100/100
|switch|p1b: Porygon2|Porygon2, L50|100/100
|switch|p2a: Gholdengo|Gholdengo, L50|100/100
|switch|p2b: Porygon2|Porygon2, L50|100/100
|-ability|p2b: Porygon2|Download|boost
|-boost|p2b: Porygon2|atk|1
|-fieldstart|move: Psychic Terrain|[from] ability: Psychic Surge|[of] p1a: Indeedee
|-ability|p1b: Porygon2|Download|boost
|-boost|p1b: Porygon2|atk|1
|turn|1
|
|t:|1756494361
|move|p1a: Indeedee|Follow Me|p1a: Indeedee
|-singleturn|p1a: Indeedee|move: Follow Me
|move|p2a: Gholdengo|Make It Rain|p1b: Porygon2|[spread] p1a,p1b
|-damage|p1a: Indeedee|47/100
|-damage|p1b: Porygon2|67/100
|-unboost|p2a: Gholdengo|spa|1
|-damage|p2a: Gholdengo|91/100|[from] item: Life Orb
|move|p2b: Porygon2|Tera Blast|p1a: Indeedee
|-damage|p1a: Indeedee|20/100
|move|p1b: Porygon2|Trick Room|p1b: Porygon2
|-fieldstart|move: Trick Room|[of] p1b: Porygon2
|
|upkeep
|turn|2
|
|t:|1756494397
|switch|p1a: Amoonguss|Amoonguss, L50, M|100/100
|switch|p2a: Primarina|Primarina, L50, F|100/100
|-terastallize|p1b: Porygon2|Grass
|move|p1b: Porygon2|Tera Blast|p2b: Porygon2|[anim] Tera Blast Grass
|-damage|p2b: Porygon2|75/100
|move|p2b: Porygon2|Tera Blast|p1a: Amoonguss
|-damage|p1a: Amoonguss|73/100
|
|upkeep
|turn|3
|inactive|Battle timer is ON: inactive players will automatically lose when time's up. (requested by colemarcusvgc)
|
|t:|1756494478
|switch|p2b: Gholdengo|Gholdengo, L50|91/100
|move|p1a: Amoonguss|Spore|p2b: Gholdengo
|-immune|p2b: Gholdengo|[from] ability: Good as Gold
|move|p1b: Porygon2|Tera Blast|p2a: Primarina|[anim] Tera Blast Grass
|-supereffective|p2a: Primarina
|-damage|p2a: Primarina|22/100
|-enditem|p2a: Primarina|Sitrus Berry|[eat]
|-heal|p2a: Primarina|46/100|[from] item: Sitrus Berry
|move|p2a: Primarina|Moonblast|p1b: Porygon2
|-damage|p1b: Porygon2|37/100
|
|upkeep
|turn|4
|inactive|colemarcusvgc has 30 seconds left.
|inactive|PkSbm has 30 seconds left.
|
|t:|1756494505
|switch|p2a: Porygon2|Porygon2, L50|75/100
|-ability|p2a: Porygon2|Download|boost
|-boost|p2a: Porygon2|atk|1
|move|p1a: Amoonguss|Pollen Puff|p1b: Porygon2
|-heal|p1b: Porygon2|87/100
|move|p1b: Porygon2|Ice Beam|p2b: Gholdengo
|-resisted|p2b: Gholdengo
|-damage|p2b: Gholdengo|81/100
|move|p2b: Gholdengo|Shadow Ball|p1b: Porygon2
|-damage|p1b: Porygon2|58/100
|-unboost|p1b: Porygon2|spd|1
|-damage|p2b: Gholdengo|71/100|[from] item: Life Orb
|
|upkeep
|turn|5
|
|t:|1756494528
|switch|p1a: Archaludon|Archaludon, L50, M|100/100
|move|p1b: Porygon2|Recover|p1b: Porygon2
|-heal|p1b: Porygon2|100/100
|move|p2a: Porygon2|Ice Beam|p1a: Archaludon
|-damage|p1a: Archaludon|81/100
|-ability|p1a: Archaludon|Stamina|boost
|-boost|p1a: Archaludon|def|1
|move|p2b: Gholdengo|Shadow Ball|p1b: Porygon2
|-damage|p1b: Porygon2|52/100
|-damage|p2b: Gholdengo|61/100|[from] item: Life Orb
|
|-fieldend|move: Trick Room
|-fieldend|move: Psychic Terrain
|upkeep
|turn|6
|inactive|PkSbm has 30 seconds left.
|inactive|PkSbm has 20 seconds left.
|inactive|PkSbm has 15 seconds left.
|inactive|PkSbm has 10 seconds left.
|inactive|PkSbm has 5 seconds left.
|
|t:|1756494584
|move|p2b: Gholdengo|Shadow Ball|p1b: Porygon2
|-damage|p1b: Porygon2|8/100
|-damage|p2b: Gholdengo|52/100|[from] item: Life Orb
|move|p1a: Archaludon|Body Press|p2b: Gholdengo
|-immune|p2b: Gholdengo
|move|p2a: Porygon2|Recover|p2a: Porygon2
|-heal|p2a: Porygon2|100/100
|move|p1b: Porygon2|Trick Room|p1b: Porygon2
|-fieldstart|move: Trick Room|[of] p1b: Porygon2
|
|upkeep
|turn|7
|inactive|colemarcusvgc has 30 seconds left.
|inactive|PkSbm has 30 seconds left.
|
|t:|1756494615
|move|p1b: Porygon2|Ice Beam|p2a: Porygon2
|-damage|p2a: Porygon2|87/100
|move|p2a: Porygon2|Ice Beam|p1b: Porygon2
|-supereffective|p1b: Porygon2
|-damage|p1b: Porygon2|0 fnt
|faint|p1b: Porygon2
|move|p1a: Archaludon|Draco Meteor|p2b: Gholdengo
|-resisted|p2b: Gholdengo
|-damage|p2b: Gholdengo|19/100
|-unboost|p1a: Archaludon|spa|2
|move|p2b: Gholdengo|Shadow Ball|p1a: Archaludon
|-damage|p1a: Archaludon|37/100
|-ability|p1a: Archaludon|Stamina|boost
|-boost|p1a: Archaludon|def|1
|-damage|p2b: Gholdengo|9/100|[from] item: Life Orb
|
|upkeep
|
|t:|1756494631
|switch|p1b: Indeedee|Indeedee-F, L50, F|20/100
|-fieldstart|move: Psychic Terrain|[from] ability: Psychic Surge|[of] p1b: Indeedee
|turn|8
|inactive|PkSbm has 30 seconds left.
|
|t:|1756494664
|move|p1b: Indeedee|Helping Hand|p1a: Archaludon
|-singleturn|p1a: Archaludon|Helping Hand|[of] p1b: Indeedee
|move|p2a: Porygon2|Tera Blast|p1b: Indeedee
|-damage|p1b: Indeedee|0 fnt
|faint|p1b: Indeedee
|move|p1a: Archaludon|Body Press|p2a: Porygon2
|-supereffective|p2a: Porygon2
|-damage|p2a: Porygon2|0 fnt
|faint|p2a: Porygon2
|move|p2b: Gholdengo|Light Screen|p2b: Gholdengo
|-sidestart|p2: PkSbm|move: Light Screen
|
|upkeep
|
|t:|1756494675
|switch|p1b: Amoonguss|Amoonguss, L50, M|100/100
|switch|p2a: Ursaluna|Ursaluna-Bloodmoon, L50, M|100/100
|turn|9
|
|t:|1756494698
|switch|p2a: Primarina|Primarina, L50, F|46/100
|move|p1b: Amoonguss|Pollen Puff|p1a: Archaludon
|-heal|p1a: Archaludon|87/100
|move|p1a: Archaludon|Draco Meteor|p2b: Gholdengo
|-resisted|p2b: Gholdengo
|-damage|p2b: Gholdengo|0 fnt
|-unboost|p1a: Archaludon|spa|2
|faint|p2b: Gholdengo
|
|upkeep
|
|t:|1756494711
|switch|p2b: Ursaluna|Ursaluna-Bloodmoon, L50, M|100/100
|turn|10
|
|t:|1756494724
|-terastallize|p2b: Ursaluna|Ghost
|move|p1b: Amoonguss|Spore|p2b: Ursaluna
|-status|p2b: Ursaluna|slp|[from] move: Spore
|cant|p2b: Ursaluna|slp
|move|p2a: Primarina|Moonblast|p1b: Amoonguss
|-resisted|p1b: Amoonguss
|-damage|p1b: Amoonguss|79/100
|-unboost|p1b: Amoonguss|spa|1
|move|p1a: Archaludon|Body Press|p2b: Ursaluna
|-immune|p2b: Ursaluna
|
|-fieldend|move: Trick Room
|upkeep
|turn|11
|inactive|PkSbm has 30 seconds left.
|inactive|colemarcusvgc has 30 seconds left.
|
|t:|1756494759
|move|p1a: Archaludon|Electro Shot||[still]
|-prepare|p1a: Archaludon|Electro Shot
|-boost|p1a: Archaludon|spa|1
|move|p2a: Primarina|Moonblast|p1a: Archaludon
|-damage|p1a: Archaludon|45/100
|-ability|p1a: Archaludon|Stamina|boost
|-boost|p1a: Archaludon|def|1
|cant|p2b: Ursaluna|slp
|move|p1b: Amoonguss|Sludge Bomb|p2b: Ursaluna
|-resisted|p2b: Ursaluna
|-damage|p2b: Ursaluna|96/100 slp
|
|upkeep
|turn|12
|inactive|PkSbm has 30 seconds left.
|inactive|PkSbm has 20 seconds left.
|inactive|PkSbm has 15 seconds left.
|inactive|PkSbm has 10 seconds left.
|inactive|PkSbm has 5 seconds left.
|
|t:|1756494815
|cant|p2b: Ursaluna|slp
|move|p1a: Archaludon|Electro Shot|p2a: Primarina|[from] lockedmove
|-supereffective|p2a: Primarina
|-damage|p2a: Primarina|25/100
|move|p2a: Primarina|Hyper Voice|p1a: Archaludon|[spread] p1a,p1b
|-resisted|p1a: Archaludon
|-resisted|p1b: Amoonguss
|-damage|p1a: Archaludon|32/100
|-damage|p1b: Amoonguss|66/100
|-ability|p1a: Archaludon|Stamina|boost
|-boost|p1a: Archaludon|def|1
|move|p1b: Amoonguss|Pollen Puff|p1a: Archaludon
|-heal|p1a: Archaludon|82/100
|
|-sideend|p2: PkSbm|move: Light Screen
|-fieldend|move: Psychic Terrain
|upkeep
|turn|13
|
|t:|1756494836
|move|p1b: Amoonguss|Rage Powder|p1b: Amoonguss
|-singleturn|p1b: Amoonguss|move: Rage Powder
|move|p1a: Archaludon|Body Press|p2a: Primarina
|-resisted|p2a: Primarina
|-damage|p2a: Primarina|0 fnt
|faint|p2a: Primarina
|-curestatus|p2b: Ursaluna|slp|[msg]
|move|p2b: Ursaluna|Blood Moon|p1b: Amoonguss
|-damage|p1b: Amoonguss|4/100
|-enditem|p1b: Amoonguss|Sitrus Berry|[eat]
|-heal|p1b: Amoonguss|28/100|[from] item: Sitrus Berry
|
|upkeep
|turn|14
|
|t:|1756494860
|move|p1a: Archaludon|Electro Shot||[still]
|-prepare|p1a: Archaludon|Electro Shot
|-boost|p1a: Archaludon|spa|1
|move|p2b: Ursaluna|Earth Power|p1a: Archaludon
|-supereffective|p1a: Archaludon
|-damage|p1a: Archaludon|0 fnt
|faint|p1a: Archaludon
|move|p1b: Amoonguss|Spore|p2b: Ursaluna
|-status|p2b: Ursaluna|slp|[from] move: Spore
|
|upkeep
|turn|15
|
|t:|1756494877
|cant|p2b: Ursaluna|slp
|move|p1b: Amoonguss|Sludge Bomb|p2b: Ursaluna
|-resisted|p2b: Ursaluna
|-damage|p2b: Ursaluna|89/100 slp
|
|upkeep
|turn|16
|
|t:|1756494883
|-curestatus|p2b: Ursaluna|slp|[msg]
|move|p2b: Ursaluna|Blood Moon|p1b: Amoonguss
|-damage|p1b: Amoonguss|0 fnt
|faint|p1b: Amoonguss
|
|win|PkSbm
||PkSbm is ready for game 2.
||colemarcusvgc is ready for game 2.
|uhtml|next|Next: Game 2 of 3
