|j|☆AtomicTwilight
|j|☆Im_Neutro
|html|AtomicTwilightIm_Neutro    
|uhtml|bestof|Game 3 of a best-of-3
|t:|1784380610
|gametype|doubles
|player|p1|AtomicTwilight|swimmerf-gen4|1118
|player|p2|Im_Neutro|noland|1081
|gen|9
|tier|[Gen 9 Champions] VGC 2026 Reg M-B (Bo3)
|rated|
|rule|Species Clause: Limit one of each Pokémon
|rule|Item Clause: Limit 1 of each item
|clearpoke
|poke|p1|Typhlosion-Hisui, L50, M|
|poke|p1|Charizard, L50, M|
|poke|p1|Sneasler, L50, M|
|poke|p1|Whimsicott, L50, M|
|poke|p1|Garchomp, L50, M|
|poke|p1|Basculegion, L50, M|
|poke|p2|Gengar, L50, M|
|poke|p2|Kingambit, L50, F|
|poke|p2|Incineroar, L50, M|
|poke|p2|Farigiraf, L50, M|
|poke|p2|Primarina, L50, M|
|poke|p2|Kommo-o, L50, M|
|teampreview|4
|showteam|p1|Typhlosion-Hisui||ChoiceScarf|Frisk|Eruption,HeatWave,Overheat,ShadowBall|Timid||M|||50|]Charizard||CharizarditeY|Blaze|HeatWave,Protect,WeatherBall,SolarBeam|Modest||M|||50|]Sneasler||WhiteHerb|Unburden|FakeOut,Protect,DireClaw,CloseCombat|Adamant||M|||50|]Whimsicott||FocusSash|Prankster|Encore,Moonblast,Protect,Tailwind|Timid||M|||50|]Garchomp||LifeOrb|RoughSkin|DragonClaw,Protect,StompingTantrum,RockSlide|Adamant||M|||50|]Basculegion||MysticWater|Adaptability|AquaJet,Protect,LastRespects,WaveCrash|Jolly||M|||50|
|showteam|p2|Gengar||Gengarite|CursedBody|PerishSong,Protect,ShadowBall,Disable|Timid||M|||50|]Kingambit||BlackGlasses|Defiant|KowtowCleave,IronHead,SuckerPunch,Protect|Brave||F|||50|]Incineroar||PasshoBerry|Intimidate|FlareBlitz,FakeOut,PartingShot,Protect|Relaxed||M|||50|]Farigiraf||ColburBerry|ArmorTail|TrickRoom,Roar,Protect,TwinBeam|Sassy||M|||50|]Primarina||SitrusBerry|LiquidVoice|HyperVoice,PerishSong,Protect,Encore|Sassy||M|||50|]Kommo-o||Leftovers|Soundproof|ClangorousSoul,ClangingScales,AuraSphere,Protect|Modest||M|||50|
|inactive|Battle timer is ON: inactive players will automatically lose when time's up. (requested by Im_Neutro)
|
|t:|1784380636
|teamsize|p1|4
|teamsize|p2|4
|start
|switch|p1a: Typhlosion|Typhlosion-Hisui, L50, M|100/100
|switch|p1b: Charizard|Charizard, L50, M|100/100
|switch|p2a: Gengar|Gengar, L50, M|100/100
|switch|p2b: Incineroar|Incineroar, L50, M|100/100
|-item|p2a: Gengar|Gengarite|[from] ability: Frisk|[of] p1a: Typhlosion
|-item|p2b: Incineroar|Passho Berry|[from] ability: Frisk|[of] p1a: Typhlosion
|-ability|p2b: Incineroar|Intimidate|boost
|-unboost|p1a: Typhlosion|atk|1
|-unboost|p1b: Charizard|atk|1
|turn|1
|
|t:|1784380652
|detailschange|p2a: Gengar|Gengar-Mega, L50, M
|-mega|p2a: Gengar|Gengar|Gengarite
|detailschange|p1b: Charizard|Charizard-Mega-Y, L50, M
|-mega|p1b: Charizard|Charizard|Charizardite Y
|-weather|SunnyDay|[from] ability: Drought|[of] p1b: Charizard
|move|p1b: Charizard|Protect|p1b: Charizard
|-singleturn|p1b: Charizard|Protect
|move|p2b: Incineroar|Fake Out|p1b: Charizard
|-activate|p1b: Charizard|move: Protect
|move|p1a: Typhlosion|Eruption|p2b: Incineroar|[spread] p2a,p2b
|-resisted|p2b: Incineroar|1
|-damage|p2a: Gengar|4/100
|-damage|p2b: Incineroar|62/100
|move|p2a: Gengar|Disable|p1a: Typhlosion
|-start|p1a: Typhlosion|Disable|Eruption
|
|-weather|SunnyDay|[upkeep]
|upkeep
|turn|2
|
|t:|1784380679
|switch|p1a: Basculegion|Basculegion, L50, M|100/100
|move|p2a: Gengar|Perish Song|p2a: Gengar
|-start|p1a: Basculegion|perish3|[silent]
|-start|p1b: Charizard|perish3|[silent]
|-start|p2a: Gengar|perish3|[silent]
|-start|p2b: Incineroar|perish3|[silent]
|-fieldactivate|move: Perish Song
|move|p1b: Charizard|Heat Wave|p2a: Gengar|[spread] p2a,p2b
|-resisted|p2b: Incineroar|1
|-damage|p2a: Gengar|0 fnt
|-damage|p2b: Incineroar|29/100
|faint|p2a: Gengar
|move|p2b: Incineroar|Parting Shot|p1b: Charizard
|-unboost|p1b: Charizard|atk|1
|-unboost|p1b: Charizard|spa|1
|
|t:|1784380686
|switch|p2b: Farigiraf|Farigiraf, L50, M|100/100|[from] Parting Shot
|
|-weather|SunnyDay|[upkeep]
|-start|p1b: Charizard|perish3
|-start|p1a: Basculegion|perish3
|upkeep
|
|t:|1784380688
|switch|p2a: Incineroar|Incineroar, L50, M|29/100
|-ability|p2a: Incineroar|Intimidate|boost
|-unboost|p1a: Basculegion|atk|1
|-unboost|p1b: Charizard|atk|1
|turn|3
|
|t:|1784380711
|move|p2a: Incineroar|Fake Out|p1b: Charizard
|-damage|p1b: Charizard|83/100
|cant|p1b: Charizard|flinch
|move|p1a: Basculegion|Wave Crash|p2b: Farigiraf
|-damage|p2b: Farigiraf|67/100
|-damage|p1a: Basculegion|87/100|[from] Recoil
|move|p2b: Farigiraf|Trick Room|p2b: Farigiraf
|-fieldstart|move: Trick Room|[of] p2b: Farigiraf
|
|-weather|SunnyDay|[upkeep]
|-start|p1a: Basculegion|perish2
|-start|p1b: Charizard|perish2
|upkeep
|turn|4
|inactive|AtomicTwilight has 30 seconds left.
|inactive|Im_Neutro has 30 seconds left.
|inactive|AtomicTwilight has 20 seconds left.
|inactive|Im_Neutro has 20 seconds left.
|
|t:|1784380748
|switch|p1a: Sneasler|Sneasler, L50, M|100/100
|move|p2b: Farigiraf|Twin Beam|p1b: Charizard
|-damage|p1b: Charizard|68/100
|-damage|p1b: Charizard|52/100
|-hitcount|p1b: Charizard|2
|move|p2a: Incineroar|Flare Blitz|p1b: Charizard
|-resisted|p1b: Charizard|1
|-damage|p1b: Charizard|0 fnt
|faint|p1b: Charizard
|-damage|p2a: Incineroar|16/100|[from] Recoil
|
|-weather|SunnyDay|[upkeep]
|upkeep
|
|t:|1784380765
|switch|p1b: Basculegion|Basculegion, L50, M|87/100
|turn|5
|inactive|AtomicTwilight has 30 seconds left.
|inactive|AtomicTwilight has 20 seconds left.
|
|t:|1784380800
|move|p1a: Sneasler|Protect|p1a: Sneasler
|-singleturn|p1a: Sneasler|Protect
|move|p2b: Farigiraf|Twin Beam|p1a: Sneasler
|-activate|p1a: Sneasler|move: Protect
|move|p2a: Incineroar|Parting Shot|p1b: Basculegion
|-unboost|p1b: Basculegion|atk|1
|-unboost|p1b: Basculegion|spa|1
|
|t:|1784380803
|switch|p2a: Kingambit|Kingambit, L50, F|100/100|[from] Parting Shot
|move|p1b: Basculegion|Wave Crash|p2a: Kingambit
|-damage|p2a: Kingambit|75/100
|-damage|p1b: Basculegion|79/100|[from] Recoil
|
|-weather|none
|upkeep
|turn|6
|inactive|AtomicTwilight has 30 seconds left.
|inactive|AtomicTwilight has 20 seconds left.
|inactive|AtomicTwilight has 15 seconds left.
|
|t:|1784380845
|switch|p1a: Typhlosion|Typhlosion-Hisui, L50, M|100/100
|-item|p2a: Kingambit|Black Glasses|[from] ability: Frisk|[of] p1a: Typhlosion
|-item|p2b: Farigiraf|Colbur Berry|[from] ability: Frisk|[of] p1a: Typhlosion
|move|p1b: Basculegion|Protect|p1b: Basculegion
|-singleturn|p1b: Basculegion|Protect
|move|p2a: Kingambit|Kowtow Cleave|p1b: Basculegion
|-activate|p1b: Basculegion|move: Protect
|move|p2b: Farigiraf|Twin Beam|p1a: Typhlosion
|-damage|p1a: Typhlosion|79/100
|-damage|p1a: Typhlosion|59/100
|-hitcount|p1a: Typhlosion|2
|
|upkeep
|turn|7
|inactive|AtomicTwilight has 30 seconds left.
|
|t:|1784380871
|move|p2a: Kingambit|Kowtow Cleave|p1a: Typhlosion
|-supereffective|p1a: Typhlosion|1
|-damage|p1a: Typhlosion|0 fnt
|faint|p1a: Typhlosion
|move|p2b: Farigiraf|Twin Beam|p1b: Basculegion
|-damage|p1b: Basculegion|60/100
|-damage|p1b: Basculegion|44/100
|-hitcount|p1b: Basculegion|2
|move|p1b: Basculegion|Wave Crash|p2b: Farigiraf
|-damage|p2b: Farigiraf|8/100
|-damage|p1b: Basculegion|21/100|[from] Recoil
|
|-fieldend|move: Trick Room
|upkeep
|
|t:|1784380885
|switch|p1a: Sneasler|Sneasler, L50, M|100/100
|turn|8
|inactive|AtomicTwilight has 30 seconds left.
|inactive|Im_Neutro has 30 seconds left.
|
|t:|1784380918
|move|p1b: Basculegion|Protect|p1b: Basculegion
|-singleturn|p1b: Basculegion|Protect
|move|p2a: Kingambit|Protect|p2a: Kingambit
|-singleturn|p2a: Kingambit|Protect
|move|p1a: Sneasler|Dire Claw|p2b: Farigiraf
|-damage|p2b: Farigiraf|0 fnt
|faint|p2b: Farigiraf
|
|upkeep
|
|t:|1784380922
|switch|p2b: Incineroar|Incineroar, L50, M|16/100
|-ability|p2b: Incineroar|Intimidate|boost
|-unboost|p1a: Sneasler|atk|1
|-unboost|p1b: Basculegion|atk|1
|-enditem|p1a: Sneasler|White Herb
|-clearnegativeboost|p1a: Sneasler|[silent]
|turn|9
|
|t:|1784380939
|move|p1a: Sneasler|Protect|p1a: Sneasler
|-singleturn|p1a: Sneasler|Protect
|move|p2b: Incineroar|Fake Out|p1a: Sneasler
|-activate|p1a: Sneasler|move: Protect
|move|p1b: Basculegion|Aqua Jet|p2a: Kingambit
|-damage|p2a: Kingambit|63/100
|move|p2a: Kingambit|Kowtow Cleave|p1b: Basculegion
|-supereffective|p1b: Basculegion|1
|-damage|p1b: Basculegion|0 fnt
|faint|p1b: Basculegion
|
|upkeep
|turn|10
|
|t:|1784380956
|move|p2a: Kingambit|Sucker Punch|p1a: Sneasler
|-resisted|p1a: Sneasler|1
|-damage|p1a: Sneasler|57/100
|move|p1a: Sneasler|Close Combat|p2a: Kingambit
|-supereffective|p2a: Kingambit|2
|-damage|p2a: Kingambit|0 fnt
|-unboost|p1a: Sneasler|def|1
|-unboost|p1a: Sneasler|spd|1
|faint|p2a: Kingambit
|move|p2b: Incineroar|Flare Blitz|p1a: Sneasler
|-crit|p1a: Sneasler
|-damage|p1a: Sneasler|0 fnt
|faint|p1a: Sneasler
|-damage|p2b: Incineroar|1/100|[from] Recoil
|
|win|Im_Neutro
|raw|AtomicTwilight's rating: 1118 → 1090(-28 for losing)
|raw|Im_Neutro's rating: 1081 → 1112(+31 for winning)
|l|☆Im_Neutro
|player|p2|
