|j|☆3rdPlaceTennis
|j|☆keqinamu
|html|3rdPlaceTenniskeqinamu    
|uhtml|bestof|Game 1 of a best-of-3
|t:|1756687650
|gametype|doubles
|player|p1|3rdPlaceTennis|bugcatcher-gen4dp|1093
|player|p2|keqinamu|elesa|1000
|gen|9
|tier|[Gen 9] VGC 2025 Reg H (Bo3)
|rated|
|rule|Species Clause: Limit one of each Pokémon
|rule|Item Clause: Limit 1 of each item
|clearpoke
|poke|p1|Dragonite, L50, M|
|poke|p1|Gholdengo, L50|
|poke|p1|Rillaboom, L50, M|
|poke|p1|Ursaluna-Bloodmoon, L50, M|
|poke|p1|Maushold-Four, L50|
|poke|p1|Annihilape, L50, M|
|poke|p2|Gardevoir, L50, F|
|poke|p2|Indeedee-F, L50, F|
|poke|p2|Sneasler, L50, M|
|poke|p2|Incineroar, L50, M|
|poke|p2|Kingambit, L50, M|
|poke|p2|Veluza, L50, M|
|teampreview|4
|showteam|p1|Dragonite||LoadedDice|Multiscale|Tailwind,Haze,Protect,ScaleShot|||M|||50|,,,,,Fairy]Gholdengo||LifeOrb|GoodasGold|MakeItRain,ShadowBall,NastyPlot,Protect||||||50|,,,,,Water]Rillaboom||MiracleSeed|GrassySurge|WoodHammer,GrassyGlide,FakeOut,HighHorsepower|||M|||50|,,,,,Fire]Ursaluna-Bloodmoon||AssaultVest|MindsEye|BloodMoon,EarthPower,VacuumWave,HyperVoice|||M|||50|,,,,,Water]Maushold-Four||FocusSash|FriendGuard|SuperFang,FollowMe,BeatUp,Protect||||||50|,,,,,Ghost]Annihilape||SitrusBerry|Defiant|RageFist,DrainPunch,BulkUp,Protect|||M|||50|,,,,,Fire
|showteam|p2|Gardevoir||LifeOrb|Trace|Protect,ExpandingForce,TrickRoom,Moonblast|||F|||50|,,,,,Psychic]Indeedee-F||SafetyGoggles|PsychicSurge|HealPulse,FollowMe,TrickRoom,Psyshock|||F|||50|,,,,,Steel]Sneasler||PsychicSeed|Unburden|FakeOut,DireClaw,CloseCombat,Coaching|||M|||50|,,,,,Flying]Incineroar||CovertCloak|Intimidate|FlareBlitz,FakeOut,PartingShot,KnockOff|||M|||50|,,,,,Grass]Kingambit||ChoiceBand|Defiant|SuckerPunch,KowtowCleave,IronHead,ZenHeadbutt|||M|||50|,,,,,Ghost]Veluza||ClearAmulet|Sharpness|PsychoCut,FilletAway,Protect,AquaJet|||M|||50|,,,,,Grass
|inactive|Battle timer is ON: inactive players will automatically lose when time's up. (requested by keqinamu)
|inactive|3rdPlaceTennis has 60 seconds left.
|
|t:|1756687681
|teamsize|p1|4
|teamsize|p2|4
|start
|switch|p1a: Annihilape|Annihilape, L50, M|100/100
|switch|p1b: Rillaboom|Rillaboom, L50, M|100/100
|switch|p2a: Kingambit|Kingambit, L50, M|100/100
|switch|p2b: Sneasler|Sneasler, L50, M|100/100
|-fieldstart|move: Grassy Terrain|[from] ability: Grassy Surge|[of] p1b: Rillaboom
|turn|1
|inactive|keqinamu has 30 seconds left.
|
|t:|1756687710
|move|p2b: Sneasler|Fake Out|p1b: Rillaboom
|-crit|p1b: Rillaboom
|-damage|p1b: Rillaboom|75/100
|move|p1a: Annihilape|Drain Punch|p2a: Kingambit
|-supereffective|p2a: Kingambit
|-damage|p2a: Kingambit|6/100
|cant|p1b: Rillaboom|flinch
|move|p2a: Kingambit|Kowtow Cleave|p1a: Annihilape
|-damage|p1a: Annihilape|22/100
|-enditem|p1a: Annihilape|Sitrus Berry|[eat]
|-heal|p1a: Annihilape|47/100|[from] item: Sitrus Berry
|
|-heal|p1a: Annihilape|53/100|[from] Grassy Terrain
|-heal|p1b: Rillaboom|82/100|[from] Grassy Terrain
|-heal|p2a: Kingambit|12/100|[from] Grassy Terrain
|upkeep
|turn|2
|inactive|keqinamu has 30 seconds left.
|
|t:|1756687741
|switch|p2a: Indeedee|Indeedee-F, L50, F|100/100
|-fieldstart|move: Psychic Terrain|[from] ability: Psychic Surge|[of] p2a: Indeedee
|-enditem|p2b: Sneasler|Psychic Seed
|-boost|p2b: Sneasler|spd|1|[from] item: Psychic Seed
|move|p2b: Sneasler|Dire Claw|p1a: Annihilape
|-resisted|p1a: Annihilape
|-damage|p1a: Annihilape|29/100
|-status|p1a: Annihilape|slp
|cant|p1a: Annihilape|slp
|move|p1b: Rillaboom|Grassy Glide|p2a: Indeedee
|-damage|p2a: Indeedee|44/100
|
|upkeep
|turn|3
|inactive|3rdPlaceTennis has 30 seconds left.
|
|t:|1756687768
|switch|p1a: Gholdengo|Gholdengo, L50|100/100
|-terastallize|p1b: Rillaboom|Fire
|move|p2b: Sneasler|Dire Claw|p1b: Rillaboom
|-damage|p1b: Rillaboom|31/100
|move|p1b: Rillaboom|High Horsepower|p2b: Sneasler
|-supereffective|p2b: Sneasler
|-damage|p2b: Sneasler|0 fnt
|faint|p2b: Sneasler
|move|p2a: Indeedee|Psyshock|p1a: Gholdengo
|-resisted|p1a: Gholdengo
|-crit|p1a: Gholdengo
|-damage|p1a: Gholdengo|70/100
|
|upkeep
|
|t:|1756687780
|switch|p2b: Incineroar|Incineroar, L50, M|100/100
|-ability|p2b: Incineroar|Intimidate|boost
|-unboost|p1a: Gholdengo|atk|1
|-unboost|p1b: Rillaboom|atk|1
|turn|4
|
|t:|1756687791
|move|p1a: Gholdengo|Make It Rain|p2b: Incineroar|[spread] p2a,p2b
|-resisted|p2b: Incineroar
|-damage|p2a: Indeedee|2/100
|-damage|p2b: Incineroar|75/100
|-unboost|p1a: Gholdengo|spa|1
|-damage|p1a: Gholdengo|61/100|[from] item: Life Orb
|move|p1b: Rillaboom|High Horsepower|p2b: Incineroar
|-supereffective|p2b: Incineroar
|-damage|p2b: Incineroar|33/100
|move|p2b: Incineroar|Flare Blitz|p1a: Gholdengo
|-supereffective|p1a: Gholdengo
|-damage|p1a: Gholdengo|0 fnt
|faint|p1a: Gholdengo
|-damage|p2b: Incineroar|15/100|[from] Recoil
|move|p2a: Indeedee|Trick Room|p2a: Indeedee
|-fieldstart|move: Trick Room|[of] p2a: Indeedee
|
|upkeep
|
|t:|1756687795
|switch|p1a: Ursaluna|Ursaluna-Bloodmoon, L50, M|100/100
|turn|5
|
|t:|1756687815
|switch|p1b: Annihilape|Annihilape, L50, M|29/100 slp
|move|p1a: Ursaluna|Hyper Voice|p2a: Indeedee|[spread] p2a,p2b
|-damage|p2a: Indeedee|0 fnt
|-damage|p2b: Incineroar|0 fnt
|faint|p2a: Indeedee
|faint|p2b: Incineroar
|
|upkeep
|
|t:|1756687821
|switch|p2b: Kingambit|Kingambit, L50, M|12/100
|turn|6
|
|t:|1756687823
|switch|p1b: Rillaboom|Rillaboom, L50, M, tera:Fire|31/100
|-fieldstart|move: Grassy Terrain|[from] ability: Grassy Surge|[of] p1b: Rillaboom
|move|p2b: Kingambit|Sucker Punch|p1a: Ursaluna
|-damage|p1a: Ursaluna|53/100
|move|p1a: Ursaluna|Vacuum Wave|p2b: Kingambit
|-supereffective|p2b: Kingambit
|-damage|p2b: Kingambit|0 fnt
|faint|p2b: Kingambit
|
|win|3rdPlaceTennis
