|j|☆dartsvg
|j|☆EternalSnowman
|html|dartsvgEternalSnowman    
|uhtml|bestof|Game 2 of a best-of-3
|t:|1783267351
|gametype|doubles
|player|p1|dartsvg|#smogonxnpa2024draftee2|
|player|p2|EternalSnowman|#dwcopv|
|gen|9
|tier|[Gen 9 Champions] VGC 2026 Reg M-B (Bo3)
|rule|Species Clause: Limit one of each Pokémon
|rule|Item Clause: Limit 1 of each item
|clearpoke
|poke|p1|Charizard, L50, F|
|poke|p1|Venusaur, L50, M|
|poke|p1|Farigiraf, L50, F|
|poke|p1|Incineroar, L50, M|
|poke|p1|Sylveon, L50, F|
|poke|p1|Garchomp, L50, M|
|poke|p2|Hydreigon, L50, F|
|poke|p2|Arcanine-Hisui, L50, F|
|poke|p2|Tyranitar, L50, M|
|poke|p2|Venusaur, L50, M|
|poke|p2|Corviknight, L50, M|
|poke|p2|Toxapex, L50, F|
|teampreview|4
|showteam|p1|Charizard||CharizarditeY|Blaze|HeatWave,WeatherBall,HelpingHand,Protect|Modest||F|||50|]Venusaur||LifeOrb|Chlorophyll|SolarBeam,SludgeBomb,EarthPower,Protect|Modest||M|||50|]Farigiraf||SitrusBerry|ArmorTail|Psychic,TrickRoom,Thunderbolt,Protect|Calm||F|||50|]Incineroar||Leftovers|Intimidate|FlareBlitz,DarkestLariat,PartingShot,FakeOut|Brave||M|||50|]Sylveon||FairyFeather|Pixilate|HyperVoice,QuickAttack,Yawn,Protect|Quiet||F|||50|]Garchomp||ChoiceScarf|RoughSkin|DragonClaw,StompingTantrum,Earthquake,RockSlide|Adamant||M|||50|
|showteam|p2|Hydreigon||HabanBerry|Levitate|DarkPulse,DracoMeteor,Protect,EarthPower|Timid||F|||50|]Arcanine-Hisui||FocusSash|RockHead|HeadSmash,FlareBlitz,Protect,ExtremeSpeed|Jolly||F|||50|]Tyranitar||Tyranitarite|SandStream|RockSlide,KnockOff,LowKick,Protect|Adamant||M|||50|]Venusaur||Venusaurite|Chlorophyll|GigaDrain,SludgeBomb,EarthPower,Protect|Modest||M|||50|]Corviknight||OccaBerry|MirrorArmor|IronHead,Protect,BraveBird,Tailwind|Adamant||M|||50|]Toxapex||Leftovers|Regenerator|Toxic,BanefulBunker,WideGuard,Infestation|Bold||F|||50|
|j| Skwovetboi
|j| LogIce
|j| Givrix
|j| val16
|j|+iPetBigfoot
|j| Terekusai
|j| xmarsh
|j| slitherwingfan6
|j| skittycel
|j| elevenzai
|j| Schister
|
|t:|1783267490
|teamsize|p1|4
|teamsize|p2|4
|start
|switch|p1a: Garchomp|Garchomp, L50, M|100/100
|switch|p1b: Incineroar|Incineroar, L50, M|100/100
|switch|p2a: Corviknight|Corviknight, L50, M|100/100
|switch|p2b: Tyranitar|Tyranitar, L50, M|100/100
|-weather|Sandstorm|[from] ability: Sand Stream|[of] p2b: Tyranitar
|-ability|p1b: Incineroar|Intimidate|boost
|-ability|p2a: Corviknight|Mirror Armor
|-unboost|p1b: Incineroar|atk|1
|-unboost|p2b: Tyranitar|atk|1
|turn|1
|j| Jello1231
|j| glimmeraqua
|j| Raf
|l| Jello1231
|
|t:|1783267516
|switch|p2b: Hydreigon|Hydreigon, L50, F|100/100
|move|p1b: Incineroar|Fake Out|p2a: Corviknight
|-resisted|p2a: Corviknight|1
|-damage|p2a: Corviknight|96/100
|move|p1a: Garchomp|Dragon Claw|p2b: Hydreigon
|-supereffective|p2b: Hydreigon|1
|-enditem|p2b: Hydreigon|Haban Berry|[eat]
|-enditem|p2b: Hydreigon|Haban Berry|[weaken]
|-damage|p2b: Hydreigon|44/100
|cant|p2a: Corviknight|flinch
|
|-weather|Sandstorm|[upkeep]
|-damage|p2b: Hydreigon|39/100|[from] Sandstorm
|-damage|p1b: Incineroar|94/100|[from] Sandstorm
|-heal|p1b: Incineroar|100/100|[from] item: Leftovers
|upkeep
|turn|2
|j| Jello1231
|
|t:|1783267535
|switch|p1a: Sylveon|Sylveon, L50, F|100/100
|move|p2b: Hydreigon|Protect|p2b: Hydreigon
|-singleturn|p2b: Hydreigon|Protect
|move|p2a: Corviknight|Tailwind|p2a: Corviknight
|-sidestart|p2: EternalSnowman|move: Tailwind
|move|p1b: Incineroar|Parting Shot|p2a: Corviknight
|-ability|p2a: Corviknight|Mirror Armor
|-unboost|p1b: Incineroar|atk|1
|-ability|p2a: Corviknight|Mirror Armor
|-unboost|p1b: Incineroar|spa|1
|l| glimmeraqua
|
|t:|1783267542
|switch|p1b: Farigiraf|Farigiraf, L50, F|100/100|[from] Parting Shot
|
|-weather|Sandstorm|[upkeep]
|-damage|p2b: Hydreigon|33/100|[from] Sandstorm
|-damage|p1b: Farigiraf|93/100|[from] Sandstorm
|-damage|p1a: Sylveon|93/100|[from] Sandstorm
|upkeep
|turn|3
|l| Givrix
|j| Givrix
|
|t:|1783267566
|move|p1a: Sylveon|Protect|p1a: Sylveon
|-singleturn|p1a: Sylveon|Protect
|move|p2b: Hydreigon|Dark Pulse|p1b: Farigiraf
|-supereffective|p1b: Farigiraf|1
|-crit|p1b: Farigiraf
|-damage|p1b: Farigiraf|0 fnt
|faint|p1b: Farigiraf
|move|p2a: Corviknight|Iron Head|p1a: Sylveon
|-activate|p1a: Sylveon|move: Protect
|
|-weather|Sandstorm|[upkeep]
|-damage|p2b: Hydreigon|27/100|[from] Sandstorm
|-damage|p1a: Sylveon|87/100|[from] Sandstorm
|upkeep
|
|t:|1783267577
|switch|p1b: Garchomp|Garchomp, L50, M|100/100
|turn|4
|l| skittycel
|j| Xrn
|
|t:|1783267582
|move|p1a: Sylveon|Quick Attack|p2b: Hydreigon
|-supereffective|p2b: Hydreigon|2
|-damage|p2b: Hydreigon|0 fnt
|faint|p2b: Hydreigon
|move|p1b: Garchomp|Rock Slide|p2a: Corviknight
|-damage|p2a: Corviknight|70/100
|move|p2a: Corviknight|Iron Head|p1a: Sylveon
|-supereffective|p1a: Sylveon|1
|-damage|p1a: Sylveon|25/100
|
|-weather|Sandstorm|[upkeep]
|-damage|p1a: Sylveon|19/100|[from] Sandstorm
|upkeep
|j|+bagel
|j| glimmeraqua
|
|t:|1783267597
|switch|p2b: Tyranitar|Tyranitar, L50, M|100/100
|turn|5
|
|t:|1783267611
|move|p1a: Sylveon|Quick Attack|p2b: Tyranitar
|-supereffective|p2b: Tyranitar|1
|-damage|p2b: Tyranitar|75/100
|move|p1b: Garchomp|Rock Slide|p2a: Corviknight|[spread] p2a,p2b
|-damage|p2a: Corviknight|53/100
|-damage|p2b: Tyranitar|59/100
|move|p2b: Tyranitar|Rock Slide|p1b: Garchomp|[spread] p1a,p1b
|-resisted|p1b: Garchomp|1
|-damage|p1a: Sylveon|0 fnt
|-damage|p1b: Garchomp|86/100
|faint|p1a: Sylveon
|cant|p2a: Corviknight|flinch
|
|-weather|none
|-sideend|p2: EternalSnowman|move: Tailwind
|upkeep
|
|t:|1783267619
|switch|p1a: Incineroar|Incineroar, L50, M|100/100
|-ability|p1a: Incineroar|Intimidate|boost
|-ability|p2a: Corviknight|Mirror Armor
|-unboost|p1a: Incineroar|atk|1
|-unboost|p2b: Tyranitar|atk|1
|turn|6
|l| elevenzai
|j| ratpacker
|j| AIRedzone
|
|t:|1783267634
|move|p2b: Tyranitar|Protect|p2b: Tyranitar
|-singleturn|p2b: Tyranitar|Protect
|move|p2a: Corviknight|Protect|p2a: Corviknight
|-singleturn|p2a: Corviknight|Protect
|move|p1a: Incineroar|Fake Out|p2a: Corviknight
|-activate|p2a: Corviknight|move: Protect
|move|p1b: Garchomp|Rock Slide|p2b: Tyranitar|[spread] 
|-activate|p2a: Corviknight|move: Protect
|-activate|p2b: Tyranitar|move: Protect
|
|upkeep
|turn|7
|l| ratpacker
|l| glimmeraqua
|
|t:|1783267648
|detailschange|p2b: Tyranitar|Tyranitar-Mega, L50, M
|-mega|p2b: Tyranitar|Tyranitar|Tyranitarite
|-weather|Sandstorm|[from] ability: Sand Stream|[of] p2b: Tyranitar
|move|p1b: Garchomp|Rock Slide|p2b: Tyranitar|[spread] p2a,p2b
|-damage|p2a: Corviknight|34/100
|-damage|p2b: Tyranitar|45/100
|move|p2b: Tyranitar|Knock Off|p1b: Garchomp
|-damage|p1b: Garchomp|43/100
|-damage|p2b: Tyranitar|33/100|[from] ability: Rough Skin|[of] p1b: Garchomp
|-enditem|p1b: Garchomp|Choice Scarf|[from] move: Knock Off|[of] p2b: Tyranitar
|cant|p2a: Corviknight|flinch
|move|p1a: Incineroar|Darkest Lariat|p2a: Corviknight
|-damage|p2a: Corviknight|12/100
|
|-weather|Sandstorm|[upkeep]
|-damage|p1a: Incineroar|94/100|[from] Sandstorm
|-heal|p1a: Incineroar|100/100|[from] item: Leftovers
|upkeep
|turn|8
|
|t:|1783267682
|move|p1b: Garchomp|Rock Slide|p2a: Corviknight|[spread] p2a,p2b
|-damage|p2a: Corviknight|0 fnt
|-damage|p2b: Tyranitar|21/100
|faint|p2a: Corviknight
|move|p2b: Tyranitar|Knock Off|p1b: Garchomp
|-damage|p1b: Garchomp|15/100
|-damage|p2b: Tyranitar|8/100|[from] ability: Rough Skin|[of] p1b: Garchomp
|move|p1a: Incineroar|Flare Blitz|p2b: Tyranitar
|-resisted|p2b: Tyranitar|1
|-damage|p2b: Tyranitar|0 fnt
|faint|p2b: Tyranitar
|-damage|p1a: Incineroar|97/100|[from] Recoil
|
|-weather|Sandstorm|[upkeep]
|-damage|p1a: Incineroar|91/100|[from] Sandstorm
|-heal|p1a: Incineroar|97/100|[from] item: Leftovers
|upkeep
|
|t:|1783267689
|switch|p2b: Arcanine|Arcanine-Hisui, L50, F|100/100
|turn|9
|l|+iPetBigfoot
|l| AIRedzone
|j| glimmeraqua
|
|t:|1783267704
|move|p2b: Arcanine|Flare Blitz|p1b: Garchomp
|-resisted|p1b: Garchomp|1
|-damage|p1b: Garchomp|0 fnt
|-damage|p2b: Arcanine|87/100|[from] ability: Rough Skin|[of] p1b: Garchomp
|faint|p1b: Garchomp
|move|p1a: Incineroar|Darkest Lariat|p2b: Arcanine
|-damage|p2b: Arcanine|57/100
|
|-weather|Sandstorm|[upkeep]
|-damage|p1a: Incineroar|91/100|[from] Sandstorm
|-heal|p1a: Incineroar|97/100|[from] item: Leftovers
|upkeep
|turn|10
|
|t:|1783267707
|move|p2b: Arcanine|Head Smash|p1a: Incineroar
|-supereffective|p1a: Incineroar|1
|-damage|p1a: Incineroar|0 fnt
|faint|p1a: Incineroar
|
|win|EternalSnowman
|l| Jello1231
|c|☆dartsvg|ggs
|l| Schister
|j| AIRedzone
|c|☆EternalSnowman|ggs
|l|+bagel
|l| val16
|l| Xrn
|l| Raf
|l| AIRedzone
|l| Skwovetboi
|l| slitherwingfan6
|l| xmarsh
|l| Givrix
|l| LogIce
|l| Terekusai
|l| glimmeraqua
|l|☆dartsvg
|player|p1|
|j|+radio free c-side
|l|+radio free c-side
