|j|☆Okknd
|j|☆battle sim trainer
|html|Okkndbattle sim trainer    
|uhtml|bestof|Game 2 of a best-of-3
|t:|1757234303
|gametype|doubles
|player|p1|Okknd|rood|1063
|player|p2|battle sim trainer|steven|1108
|gen|9
|tier|[Gen 9] VGC 2025 Reg H (Bo3)
|rated|
|rule|Species Clause: Limit one of each Pokémon
|rule|Item Clause: Limit 1 of each item
|clearpoke
|poke|p1|Glaceon, L50, F|
|poke|p1|Ninetales-Alola, L50, M|
|poke|p1|Whimsicott, L50, F|
|poke|p1|Magmar, L50, F|
|poke|p1|Annihilape, L50, M|
|poke|p1|Meowscarada, L50, M|
|poke|p2|Bronzong, L50|
|poke|p2|Pincurchin, L50, F|
|poke|p2|Toxtricity-Low-Key, L50, M|
|poke|p2|Araquanid, L50, F|
|poke|p2|Indeedee, L50, M|
|poke|p2|Raichu-Alola, L50, M|
|teampreview|4
|showteam|p1|Glaceon||LifeOrb|SnowCloak|Protect,TeraBlast,WeatherBall,Blizzard|||F|||50|,,,,,Ground]Ninetales-Alola||LightClay|SnowWarning|Blizzard,Moonblast,Protect,AuroraVeil|||M|||50|,,,,,Water]Whimsicott||CovertCloak|Prankster|Moonblast,Tailwind,Encore,BeatUp|||F|||50|,,,,,Steel]Magmar||Eviolite|VitalSpirit|FollowMe,Overheat,Protect,WillOWisp|||F|||50|,,,,,Water]Annihilape||SafetyGoggles|Defiant|BulkUp,Protect,DrainPunch,RageFist|||M|||50|,,,,,Fairy]Meowscarada||FocusSash|Overgrow|LowKick,KnockOff,FlowerTrick,Protect|||M|||50|,,,,,Poison
|showteam|p2|Bronzong||ElectricSeed|Levitate|BodyPress,TrickRoom,Protect,IronDefense||||||50|,,,,,Fire]Pincurchin||EjectButton|ElectricSurge|ToxicSpikes,RainDance,ZingZap,Protect|||F|||50|,,,,,Ghost]Toxtricity-Low-Key||ChoiceSpecs|PunkRock|Overdrive,SludgeBomb,Boomburst,VoltSwitch|||M|||50|,,,,,Electric]Araquanid||MysticWater|WaterBubble|Liquidation,WideGuard,Soak,Protect|||F|||50|,,,,,Water]Indeedee||ChoiceScarf|PsychicSurge|TrickRoom,Trick,ExpandingForce,TeraBlast|||M|||50|,,,,,Ground]Raichu-Alola||FocusSash|SurgeSurfer|VoltSwitch,Thunderbolt,ExpandingForce,FakeOut|||M|||50|,,,,,Ghost
|inactive|Battle timer is ON: inactive players will automatically lose when time's up. (requested by Okknd)
|inactive|Okknd has 60 seconds left.
|inactive|battle sim trainer has 60 seconds left.
|inactive|battle sim trainer has 30 seconds left.
|
|t:|1757234364
|teamsize|p1|4
|teamsize|p2|4
|start
|switch|p1a: Whimsicott|Whimsicott, L50, F|100/100
|switch|p1b: Meowscarada|Meowscarada, L50, M|100/100
|switch|p2a: Hug me|Bronzong, L50, shiny|100/100
|switch|p2b: Raichu|Raichu-Alola, L50, M|100/100
|turn|1
|inactive|battle sim trainer has 30 seconds left.
|
|t:|1757234398
|switch|p2b: Thorn|Pincurchin, L50, F|100/100
|-fieldstart|move: Electric Terrain|[from] ability: Electric Surge|[of] p2b: Thorn
|-enditem|p2a: Hug me|Electric Seed
|-boost|p2a: Hug me|def|1|[from] item: Electric Seed
|move|p1b: Meowscarada|Protect|p1b: Meowscarada
|-singleturn|p1b: Meowscarada|Protect
|move|p1a: Whimsicott|Tailwind|p1a: Whimsicott
|-sidestart|p1: Okknd|move: Tailwind
|move|p2a: Hug me|Body Press|p1b: Meowscarada
|-activate|p1b: Meowscarada|move: Protect
|
|upkeep
|turn|2
|
|t:|1757234420
|switch|p1b: Annihilape|Annihilape, L50, M|100/100
|move|p2b: Thorn|Protect|p2b: Thorn
|-singleturn|p2b: Thorn|Protect
|move|p1a: Whimsicott|Beat Up|p1b: Annihilape
|-damage|p1b: Annihilape|99/100
|-damage|p1b: Annihilape|96/100
|-damage|p1b: Annihilape|93/100
|-damage|p1b: Annihilape|91/100
|-hitcount|p1b: Annihilape|4
|move|p2a: Hug me|Trick Room|p2a: Hug me
|-fieldstart|move: Trick Room|[of] p2a: Hug me
|
|upkeep
|turn|3
|inactive|battle sim trainer has 30 seconds left.
|
|t:|1757234448
|move|p2a: Hug me|Protect|p2a: Hug me
|-singleturn|p2a: Hug me|Protect
|move|p1a: Whimsicott|Encore|p2a: Hug me
|-activate|p2a: Hug me|move: Protect
|move|p2b: Thorn|Toxic Spikes|p1a: Whimsicott
|-sidestart|p1: Okknd|move: Toxic Spikes
|move|p1b: Annihilape|Rage Fist|p2b: Thorn
|-damage|p2b: Thorn|0 fnt
|faint|p2b: Thorn
|
|upkeep
|
|t:|1757234460
|switch|p2b: Raichu|Raichu-Alola, L50, M|100/100
|turn|4
|
|t:|1757234479
|switch|p2b: Indeedee|Indeedee, L50, M|100/100
|-fieldstart|move: Psychic Terrain|[from] ability: Psychic Surge|[of] p2b: Indeedee
|move|p1b: Annihilape|Protect|p1b: Annihilape
|-singleturn|p1b: Annihilape|Protect
|move|p1a: Whimsicott|Encore|p2a: Hug me
|-start|p2a: Hug me|Encore
|move|p2a: Hug me|Protect||[still]
|-fail|p2a: Hug me
|
|-sideend|p1: Okknd|move: Tailwind
|upkeep
|turn|5
|
|t:|1757234501
|switch|p2a: Raichu|Raichu-Alola, L50, M|100/100
|move|p1b: Annihilape|Drain Punch|p2b: Indeedee
|-damage|p2b: Indeedee|20/100
|-heal|p1b: Annihilape|100/100|[from] drain|[of] p2b: Indeedee
|move|p1a: Whimsicott|Moonblast|p2b: Indeedee
|-damage|p2b: Indeedee|0 fnt
|faint|p2b: Indeedee
|
|upkeep
|
|t:|1757234510
|switch|p2b: Hug me|Bronzong, L50, shiny|100/100
|turn|6
|inactive|Okknd has 30 seconds left.
|l|☆Okknd
|inactive|Okknd disconnected and has a minute to reconnect!
|player|p1|
|inactive|Okknd has 20 seconds left.
|j|☆Okknd
|inactive|Okknd reconnected and has 20 seconds left.
|player|p1|Okknd|rood|
|inactive|Okknd has 15 seconds left.
|inactiveoff|Battle timer is now OFF.
|inactive|Battle timer is ON: inactive players will automatically lose when time's up. (requested by battle sim trainer)
|
|t:|1757234568
|switch|p1a: Magmar|Magmar, L50, F|100/100
|-status|p1a: Magmar|psn
|move|p1b: Annihilape|Protect|p1b: Annihilape
|-singleturn|p1b: Annihilape|Protect
|move|p2b: Hug me|Body Press|p1b: Annihilape
|-activate|p1b: Annihilape|move: Protect
|move|p2a: Raichu|Expanding Force|p1a: Magmar|[spread] p1a
|-activate|p1b: Annihilape|move: Protect
|-damage|p1a: Magmar|59/100 psn
|
|-damage|p1a: Magmar|47/100 psn|[from] psn
|-fieldend|move: Trick Room
|upkeep
|turn|7
|inactive|Okknd has 30 seconds left.
|inactive|battle sim trainer has 30 seconds left.
|
|t:|1757234601
|switch|p1b: Meowscarada|Meowscarada, L50, M|100/100
|-status|p1b: Meowscarada|psn
|move|p2a: Raichu|Expanding Force|p1a: Magmar|[spread] p1a
|-immune|p1b: Meowscarada
|-damage|p1a: Magmar|10/100 psn
|move|p1a: Magmar|Overheat|p2b: Hug me
|-supereffective|p2b: Hug me
|-damage|p2b: Hug me|17/100
|-unboost|p1a: Magmar|spa|2
|move|p2b: Hug me|Iron Defense|p2b: Hug me
|-boost|p2b: Hug me|def|2
|
|-damage|p1b: Meowscarada|89/100 psn|[from] psn
|-damage|p1a: Magmar|0 fnt|[from] psn
|faint|p1a: Magmar
|upkeep
|
|t:|1757234617
|switch|p1a: Whimsicott|Whimsicott, L50, F|100/100
|-status|p1a: Whimsicott|psn
|turn|8
|
|t:|1757234633
|move|p2b: Hug me|Protect|p2b: Hug me
|-singleturn|p2b: Hug me|Protect
|move|p1a: Whimsicott|Tailwind|p1a: Whimsicott
|-sidestart|p1: Okknd|move: Tailwind
|move|p1b: Meowscarada|Knock Off|p2a: Raichu
|-supereffective|p2a: Raichu
|-enditem|p2a: Raichu|Focus Sash
|-damage|p2a: Raichu|1/100
|move|p2a: Raichu|Expanding Force|p1b: Meowscarada|[spread] p1a
|-immune|p1b: Meowscarada
|-damage|p1a: Whimsicott|27/100 psn
|
|-damage|p1b: Meowscarada|77/100 psn|[from] psn
|-damage|p1a: Whimsicott|15/100 psn|[from] psn
|-fieldend|move: Psychic Terrain
|upkeep
|turn|9
|l|☆Okknd
|inactive|Okknd disconnected and has a minute to reconnect!
|player|p1|
|inactive|Okknd has 30 seconds left.
|j|☆Okknd
|inactive|Okknd reconnected and has 25 seconds left.
|player|p1|Okknd|rood|
|inactive|Okknd also wants the timer to be on.
|inactive|Okknd has 20 seconds left.
|
|t:|1757234673
|move|p1b: Meowscarada|Knock Off|p2a: Raichu
|-supereffective|p2a: Raichu
|-crit|p2a: Raichu
|-damage|p2a: Raichu|0 fnt
|faint|p2a: Raichu
|move|p1a: Whimsicott|Moonblast|p2b: Hug me
|-resisted|p2b: Hug me
|-damage|p2b: Hug me|5/100
|move|p2b: Hug me|Body Press|p1b: Meowscarada
|-supereffective|p1b: Meowscarada
|-damage|p1b: Meowscarada|0 fnt
|faint|p1b: Meowscarada
|
|-damage|p1a: Whimsicott|2/100 psn|[from] psn
|upkeep
|
|t:|1757234675
|switch|p1b: Annihilape|Annihilape, L50, M|100/100
|-status|p1b: Annihilape|psn
|turn|10
|-message|battle sim trainer forfeited.
|
|win|Okknd
