|j|☆Imlikewater
|j|☆dad bodyssey
|html|Imlikewaterdad bodyssey    
|uhtml|bestof|Game 1 of a best-of-3
|t:|1782498339
|gametype|doubles
|player|p1|Imlikewater|101|1102
|player|p2|dad bodyssey|chuck|1135
|gen|9
|tier|[Gen 9 Champions] VGC 2026 Reg M-B (Bo3)
|rated|
|rule|Species Clause: Limit one of each Pokémon
|rule|Item Clause: Limit 1 of each item
|clearpoke
|poke|p1|Swampert, L50, F|
|poke|p1|Metagross, L50|
|poke|p1|Sinistcha, L50|
|poke|p1|Pelipper, L50, F|
|poke|p1|Grimmsnarl, L50, M|
|poke|p1|Archaludon, L50, M|
|poke|p2|Blaziken, L50, F|
|poke|p2|Kingambit, L50, M|
|poke|p2|Basculegion, L50, M|
|poke|p2|Ninetales-Alola, L50, F|
|poke|p2|Aerodactyl, L50, F|
|poke|p2|Gholdengo, L50|
|teampreview|4
|showteam|p1|Swampert||Swampertite|Damp|WaveCrash,Earthquake,Protect,KnockOff|Adamant||F|||50|]Metagross||Metagrossite|ClearBody|IronHead,PsychicFangs,Protect,IcePunch|Adamant|||||50|]Sinistcha||SitrusBerry|Hospitality|MatchaGotcha,Protect,ShadowBall,LifeDew|Modest|||||50|]Pelipper||DampRock|Drizzle|Hurricane,Protect,WeatherBall,Tailwind|Timid||F|||50|]Grimmsnarl||LightClay|Prankster|LightScreen,Reflect,PartingShot,SpiritBreak|Impish||M|||50|]Archaludon||Leftovers|Stamina|AuraSphere,DragonPulse,ElectroShot,Protect|Timid||M|||50|
|showteam|p2|Blaziken||Blazikenite|SpeedBoost|FlareBlitz,CloseCombat,RockSlide,Detect|Adamant||F|||50|]Kingambit||LifeOrb|Defiant|KowtowCleave,BrickBreak,SuckerPunch,Protect|Adamant||M|||50|]Basculegion||FocusSash|Adaptability|Liquidation,LastRespects,AquaJet,Protect|Adamant||M|||50|]Ninetales-Alola||NeverMeltIce|SnowWarning|Blizzard,FreezeDry,AuroraVeil,Protect|Timid||F|||50|]Aerodactyl||Aerodactylite|Unnerve|RockSlide,DualWingbeat,Tailwind,Protect|Jolly||F|||50|]Gholdengo||ChoiceScarf|GoodasGold|MakeItRain,ShadowBall,SteelBeam,PowerGem|Timid|||||50|
|inactive|Battle timer is ON: inactive players will automatically lose when time's up. (requested by Imlikewater)
|
|t:|1782498449
|teamsize|p1|4
|teamsize|p2|4
|start
|switch|p1a: Swampert|Swampert, L50, F|100/100
|switch|p1b: Grimmsnarl|Grimmsnarl, L50, M|100/100
|switch|p2a: Gholdengo|Gholdengo, L50|100/100
|switch|p2b: Blaziken|Blaziken, L50, F|100/100
|turn|1
|inactive|Imlikewater has 30 seconds left.
|inactive|dad bodyssey has 30 seconds left.
|inactive|Imlikewater has 20 seconds left.
|inactive|Imlikewater has 15 seconds left.
|inactive|Imlikewater has 10 seconds left.
|inactive|dad bodyssey has 20 seconds left.
|inactive|dad bodyssey has 15 seconds left.
|inactive|dad bodyssey has 10 seconds left.
|
|t:|1782498512
|switch|p1b: Pelipper|Pelipper, L50, F|100/100
|-weather|RainDance|[from] ability: Drizzle|[of] p1b: Pelipper
|detailschange|p2b: Blaziken|Blaziken-Mega, L50, F
|-mega|p2b: Blaziken|Blaziken|Blazikenite
|detailschange|p1a: Swampert|Swampert-Mega, L50, F
|-mega|p1a: Swampert|Swampert|Swampertite
|move|p2b: Blaziken|Detect|p2b: Blaziken
|-singleturn|p2b: Blaziken|Protect
|move|p1a: Swampert|Earthquake|p2b: Blaziken|[spread] p2a
|-activate|p2b: Blaziken|move: Protect
|-immune|p1b: Pelipper
|-supereffective|p2a: Gholdengo|1
|-damage|p2a: Gholdengo|0 fnt
|faint|p2a: Gholdengo
|
|-weather|RainDance|[upkeep]
|-ability|p2b: Blaziken|Speed Boost|boost
|-boost|p2b: Blaziken|spe|1
|upkeep
|
|t:|1782498529
|switch|p2a: Ninetales|Ninetales-Alola, L50, F|100/100
|-weather|Snowscape|[from] ability: Snow Warning|[of] p2a: Ninetales
|turn|2
|
|t:|1782498549
|switch|p1b: Grimmsnarl|Grimmsnarl, L50, M|100/100
|move|p1a: Swampert|Protect|p1a: Swampert
|-singleturn|p1a: Swampert|Protect
|move|p2b: Blaziken|Close Combat|p1a: Swampert
|-activate|p1a: Swampert|move: Protect
|move|p2a: Ninetales|Aurora Veil|p2a: Ninetales
|-sidestart|p2: dad bodyssey|move: Aurora Veil
|
|-weather|Snowscape|[upkeep]
|-ability|p2b: Blaziken|Speed Boost|boost
|-boost|p2b: Blaziken|spe|1
|upkeep
|turn|3
|inactive|Imlikewater has 30 seconds left.
|inactive|dad bodyssey has 30 seconds left.
|inactive|Imlikewater has 20 seconds left.
|inactive|dad bodyssey has 20 seconds left.
|inactive|dad bodyssey has 15 seconds left.
|
|t:|1782498593
|switch|p1a: Pelipper|Pelipper, L50, F|100/100
|-weather|RainDance|[from] ability: Drizzle|[of] p1a: Pelipper
|move|p1b: Grimmsnarl|Light Screen|p1b: Grimmsnarl
|-sidestart|p1: Imlikewater|move: Light Screen
|move|p2b: Blaziken|Close Combat|p1a: Pelipper
|-resisted|p1a: Pelipper|1
|-damage|p1a: Pelipper|59/100
|-unboost|p2b: Blaziken|def|1
|-unboost|p2b: Blaziken|spd|1
|move|p2a: Ninetales|Freeze-Dry|p1a: Pelipper
|-supereffective|p1a: Pelipper|2
|-damage|p1a: Pelipper|0 fnt
|faint|p1a: Pelipper
|
|-weather|RainDance|[upkeep]
|-ability|p2b: Blaziken|Speed Boost|boost
|-boost|p2b: Blaziken|spe|1
|upkeep
|
|t:|1782498611
|switch|p1a: Swampert|Swampert-Mega, L50, F|100/100
|turn|4
|
|t:|1782498629
|switch|p2a: Basculegion|Basculegion, L50, M|100/100
|move|p2b: Blaziken|Detect|p2b: Blaziken
|-singleturn|p2b: Blaziken|Protect
|move|p1b: Grimmsnarl|Light Screen||[still]
|-fail|p1b: Grimmsnarl
|move|p1a: Swampert|Wave Crash|p2a: Basculegion
|-resisted|p2a: Basculegion|1
|-damage|p2a: Basculegion|53/100
|-damage|p1a: Swampert|83/100|[from] Recoil
|
|-weather|RainDance|[upkeep]
|-ability|p2b: Blaziken|Speed Boost|boost
|-boost|p2b: Blaziken|spe|1
|upkeep
|turn|5
|inactive|dad bodyssey has 30 seconds left.
|inactive|dad bodyssey has 20 seconds left.
|inactive|dad bodyssey has 15 seconds left.
|inactive|dad bodyssey has 10 seconds left.
|inactive|dad bodyssey has 5 seconds left.
|
|t:|1782498681
|move|p1b: Grimmsnarl|Reflect|p1b: Grimmsnarl
|-sidestart|p1: Imlikewater|Reflect
|move|p2b: Blaziken|Rock Slide|p1b: Grimmsnarl|[spread] p1a,p1b
|-resisted|p1a: Swampert|1
|-damage|p1a: Swampert|75/100
|-damage|p1b: Grimmsnarl|84/100
|move|p1a: Swampert|Knock Off|p2a: Basculegion
|-supereffective|p2a: Basculegion|1
|-damage|p2a: Basculegion|0 fnt
|-enditem|p2a: Basculegion|Focus Sash|[from] move: Knock Off|[of] p1a: Swampert
|faint|p2a: Basculegion
|
|-weather|RainDance|[upkeep]
|-ability|p2b: Blaziken|Speed Boost|boost
|-boost|p2b: Blaziken|spe|1
|upkeep
|
|t:|1782498692
|switch|p2a: Ninetales|Ninetales-Alola, L50, F|100/100
|-weather|Snowscape|[from] ability: Snow Warning|[of] p2a: Ninetales
|turn|6
|
|t:|1782498713
|move|p1b: Grimmsnarl|Parting Shot|p2a: Ninetales
|-unboost|p2a: Ninetales|atk|1
|-unboost|p2a: Ninetales|spa|1
|
|t:|1782498716
|switch|p1b: Sinistcha|Sinistcha, L50|100/100|[from] Parting Shot
|-heal|p1a: Swampert|100/100|[from] ability: Hospitality|[of] p1b: Sinistcha
|move|p2b: Blaziken|Close Combat|p1a: Swampert
|-damage|p1a: Swampert|46/100
|-unboost|p2b: Blaziken|def|1
|-unboost|p2b: Blaziken|spd|1
|move|p2a: Ninetales|Blizzard|p1a: Swampert|[spread] p1a,p1b
|-supereffective|p1b: Sinistcha|1
|-damage|p1a: Swampert|29/100
|-damage|p1b: Sinistcha|63/100
|-status|p1b: Sinistcha|frz
|move|p1a: Swampert|Earthquake|p2b: Blaziken|[spread] p1b,p2a,p2b
|-resisted|p1b: Sinistcha|1
|-supereffective|p2b: Blaziken|1
|-damage|p1b: Sinistcha|47/100 frz
|-damage|p2a: Ninetales|65/100
|-damage|p2b: Blaziken|0 fnt
|-enditem|p1b: Sinistcha|Sitrus Berry|[eat]
|-heal|p1b: Sinistcha|72/100 frz|[from] item: Sitrus Berry
|faint|p2b: Blaziken
|
|-weather|Snowscape|[upkeep]
|-sideend|p2: dad bodyssey|move: Aurora Veil
|upkeep
|turn|7
|inactive|Imlikewater has 30 seconds left.
|inactive|dad bodyssey has 30 seconds left.
|inactive|dad bodyssey has 20 seconds left.
|
|t:|1782498752
|switch|p1b: Grimmsnarl|Grimmsnarl, L50, M|84/100
|move|p1a: Swampert|Protect|p1a: Swampert
|-singleturn|p1a: Swampert|Protect
|move|p2a: Ninetales|Freeze-Dry|p1a: Swampert
|-activate|p1a: Swampert|move: Protect
|
|-weather|Snowscape|[upkeep]
|upkeep
|turn|8
|inactive|Imlikewater has 30 seconds left.
|
|t:|1782498779
|move|p1b: Grimmsnarl|Parting Shot|p2a: Ninetales
|-unboost|p2a: Ninetales|atk|1
|-unboost|p2a: Ninetales|spa|1
|
|t:|1782498782
|switch|p1b: Sinistcha|Sinistcha, L50|72/100 frz|[from] Parting Shot
|-heal|p1a: Swampert|54/100|[from] ability: Hospitality|[of] p1b: Sinistcha
|move|p2a: Ninetales|Freeze-Dry|p1a: Swampert
|-supereffective|p1a: Swampert|2
|-damage|p1a: Swampert|16/100
|move|p1a: Swampert|Wave Crash|p2a: Ninetales
|-damage|p2a: Ninetales|0 fnt
|faint|p2a: Ninetales
|-damage|p1a: Swampert|0 fnt|[from] Recoil
|faint|p1a: Swampert
|
|win|Imlikewater
||dad bodyssey is ready for game 2.
|inactive|Imlikewater has 30 seconds to confirm battle start!
||Imlikewater is ready for game 2.
|uhtml|next|Next: Game 2 of 3
