|j|☆TISS 0'28
|j|‽TransGirlChomp1
|html|TISS 0'28TransGirlChomp1    
|uhtml|bestof|Game 1 of a best-of-3
|t:|1784533945
|gametype|doubles
|player|p1|TISS 0'28|schoolkid-gen4|1101
|player|p2|TransGirlChomp1|skierf|1347
|gen|9
|tier|[Gen 9 Champions] VGC 2026 Reg M-B (Bo3)
|rated|
|rule|Species Clause: Limit one of each Pokémon
|rule|Item Clause: Limit 1 of each item
|clearpoke
|poke|p1|Gholdengo, L50|
|poke|p1|Whimsicott, L50, F|
|poke|p1|Incineroar, L50, F|
|poke|p1|Tsareena, L50, F|
|poke|p1|Garchomp, L50, F|
|poke|p1|Staraptor, L50, F, shiny|
|poke|p2|Garchomp, L50, F|
|poke|p2|Tyranitar, L50, M|
|poke|p2|Gholdengo, L50|
|poke|p2|Venusaur, L50, F|
|poke|p2|Incineroar, L50, M|
|poke|p2|Talonflame, L50, F|
|teampreview|4
|showteam|p1|Gholdengo||MetalCoat|GoodasGold|Protect,NastyPlot,MakeItRain,ShadowBall|Modest|||||50|]Whimsicott||FocusSash|Prankster|Protect,Tailwind,Moonblast,Tickle|Timid||F|||50|]Incineroar||ShucaBerry|Intimidate|FakeOut,FlareBlitz,HelpingHand,PartingShot|Brave||F|||50|]Tsareena||ChoiceScarf|QueenlyMajesty|TropKick,TripleAxel,LowKick,Uturn|Jolly||F|||50|]Garchomp||LifeOrb|RoughSkin|Protect,DragonClaw,Earthquake,RockSlide|Jolly||F|||50|]Staraptor||Staraptite|Intimidate|Protect,Roost,CloseCombat,BraveBird|Jolly||F|||50|
|showteam|p2|Garchomp||Garchompite|SandVeil|EarthPower,DragonPulse,PowerGem,Protect|Modest||F|||50|]Tyranitar||ChoiceScarf|SandStream|RockSlide,KnockOff,LowKick,IcyWind|Jolly||M|||50|]Gholdengo||LifeOrb|GoodasGold|MakeItRain,ShadowBall,NastyPlot,Protect|Modest|||||50|]Venusaur||Venusaurite|Chlorophyll|GigaDrain,SludgeBomb,SleepPowder,Protect|Modest||F|||50|]Incineroar||PasshoBerry|Intimidate|FakeOut,FlareBlitz,ThroatChop,PartingShot|Careful||M|||50|]Talonflame||SharpBeak|GaleWings|BraveBird,FlareBlitz,Tailwind,QuickGuard|Jolly||F|||50|
|inactive|Battle timer is ON: inactive players will automatically lose when time's up. (requested by TransGirlChomp1)
|inactive|TISS 0'28 also wants the timer to be on.
|inactive|TISS 0'28 has 60 seconds left.
|inactive|TransGirlChomp1 has 60 seconds left.
|inactive|TISS 0'28 has 30 seconds left.
|inactive|TransGirlChomp1 has 30 seconds left.
|
|t:|1784534014
|teamsize|p1|4
|teamsize|p2|4
|start
|switch|p1a: Incineroar|Incineroar, L50, F|100/100
|switch|p1b: Staraptor|Staraptor, L50, F, shiny|100/100
|switch|p2a: Gholdengo|Gholdengo, L50|100/100
|switch|p2b: Tyranitar|Tyranitar, L50, M|100/100
|-weather|Sandstorm|[from] ability: Sand Stream|[of] p2b: Tyranitar
|-ability|p1b: Staraptor|Intimidate|boost
|-unboost|p2a: Gholdengo|atk|1
|-unboost|p2b: Tyranitar|atk|1
|-ability|p1a: Incineroar|Intimidate|boost
|-unboost|p2a: Gholdengo|atk|1
|-unboost|p2b: Tyranitar|atk|1
|turn|1
|inactive|TISS 0'28 has 30 seconds left.
|
|t:|1784534046
|switch|p2b: Incineroar|Incineroar, L50, M|100/100
|-ability|p2b: Incineroar|Intimidate|boost
|-unboost|p1a: Incineroar|atk|1
|-unboost|p1b: Staraptor|atk|1
|detailschange|p1b: Staraptor|Staraptor-Mega, L50, F, shiny
|-mega|p1b: Staraptor|Staraptor|Staraptite
|move|p1b: Staraptor|Close Combat|p2b: Incineroar
|-supereffective|p2b: Incineroar|1
|-damage|p2b: Incineroar|34/100
|-boost|p1b: Staraptor|def|1
|-boost|p1b: Staraptor|spd|1
|move|p2a: Gholdengo|Nasty Plot|p2a: Gholdengo
|-boost|p2a: Gholdengo|spa|2
|move|p1a: Incineroar|Flare Blitz|p2a: Gholdengo
|-supereffective|p2a: Gholdengo|1
|-damage|p2a: Gholdengo|28/100
|-damage|p1a: Incineroar|78/100|[from] Recoil
|
|-weather|Sandstorm|[upkeep]
|-damage|p1b: Staraptor|93/100|[from] Sandstorm
|-damage|p2b: Incineroar|28/100|[from] Sandstorm
|-damage|p1a: Incineroar|72/100|[from] Sandstorm
|upkeep
|turn|2
|inactive|TISS 0'28 has 30 seconds left.
|inactive|TISS 0'28 has 20 seconds left.
|inactive|TISS 0'28 has 15 seconds left.
|inactive|TISS 0'28 has 10 seconds left.
|inactive|TISS 0'28 has 5 seconds left.
|
|t:|1784534100
|move|p1b: Staraptor|Protect|p1b: Staraptor
|-singleturn|p1b: Staraptor|Protect
|move|p2b: Incineroar|Fake Out|p1a: Incineroar
|-damage|p1a: Incineroar|63/100
|move|p2a: Gholdengo|Shadow Ball|p1b: Staraptor
|-activate|p1b: Staraptor|move: Protect
|cant|p1a: Incineroar|flinch
|
|-weather|Sandstorm|[upkeep]
|-damage|p1b: Staraptor|87/100|[from] Sandstorm
|-damage|p2b: Incineroar|22/100|[from] Sandstorm
|-damage|p1a: Incineroar|57/100|[from] Sandstorm
|upkeep
|turn|3
|inactive|TISS 0'28 has 30 seconds left.
|
|t:|1784534128
|move|p1b: Staraptor|Close Combat|p2b: Incineroar
|-supereffective|p2b: Incineroar|1
|-damage|p2b: Incineroar|0 fnt
|-boost|p1b: Staraptor|def|1
|-boost|p1b: Staraptor|spd|1
|faint|p2b: Incineroar
|move|p2a: Gholdengo|Make It Rain|p1b: Staraptor|[spread] p1a,p1b
|-resisted|p1a: Incineroar|1
|-damage|p1a: Incineroar|9/100
|-damage|p1b: Staraptor|18/100
|-unboost|p2a: Gholdengo|spa|2
|-damage|p2a: Gholdengo|18/100|[from] item: Life Orb
|move|p1a: Incineroar|Flare Blitz|p2a: Gholdengo
|-supereffective|p2a: Gholdengo|1
|-damage|p2a: Gholdengo|0 fnt
|faint|p2a: Gholdengo
|-damage|p1a: Incineroar|3/100|[from] Recoil
|
|-weather|Sandstorm|[upkeep]
|-damage|p1b: Staraptor|11/100|[from] Sandstorm
|-damage|p1a: Incineroar|0 fnt|[from] Sandstorm
|faint|p1a: Incineroar
|upkeep
|inactive|TISS 0'28 has 30 seconds left.
|
|t:|1784534154
|switch|p2a: Tyranitar|Tyranitar, L50, M|100/100
|switch|p2b: Talonflame|Talonflame, L50, F|100/100
|switch|p1a: Whimsicott|Whimsicott, L50, F|100/100
|turn|4
|inactive|TISS 0'28 has 30 seconds left.
|inactive|TransGirlChomp1 has 30 seconds left.
|inactive|TISS 0'28 has 20 seconds left.
|inactive|TISS 0'28 has 15 seconds left.
|inactive|TransGirlChomp1 has 20 seconds left.
|inactive|TransGirlChomp1 has 15 seconds left.
|inactive|TransGirlChomp1 has 10 seconds left.
|inactive|TISS 0'28 has 10 seconds left.
|
|t:|1784534214
|switch|p1b: Garchomp|Garchomp, L50, F|100/100
|move|p2b: Talonflame|Tailwind|p2b: Talonflame
|-sidestart|p2: TransGirlChomp1|move: Tailwind
|move|p2a: Tyranitar|Rock Slide|p1a: Whimsicott|[spread] p1b
|-miss|p2a: Tyranitar|p1a: Whimsicott
|-resisted|p1b: Garchomp|1
|-damage|p1b: Garchomp|84/100
|move|p1a: Whimsicott|Moonblast|p2a: Tyranitar
|-supereffective|p2a: Tyranitar|1
|-damage|p2a: Tyranitar|55/100
|
|-weather|Sandstorm|[upkeep]
|-damage|p2b: Talonflame|94/100|[from] Sandstorm
|-damage|p1a: Whimsicott|94/100|[from] Sandstorm
|upkeep
|turn|5
|
|t:|1784534234
|move|p1a: Whimsicott|Protect|p1a: Whimsicott
|-singleturn|p1a: Whimsicott|Protect
|move|p2b: Talonflame|Brave Bird|p1b: Garchomp
|-damage|p1b: Garchomp|30/100
|-damage|p2b: Talonflame|81/100|[from] ability: Rough Skin|[of] p1b: Garchomp
|-damage|p2b: Talonflame|60/100|[from] Recoil
|move|p2a: Tyranitar|Rock Slide|p1b: Garchomp|[spread] p1b
|-activate|p1a: Whimsicott|move: Protect
|-resisted|p1b: Garchomp|1
|-damage|p1b: Garchomp|14/100
|cant|p1b: Garchomp|flinch
|
|-weather|none
|upkeep
|turn|6
|inactive|TISS 0'28 has 30 seconds left.
|inactive|TISS 0'28 has 20 seconds left.
|inactive|TISS 0'28 has 15 seconds left.
|
|t:|1784534277
|move|p2b: Talonflame|Brave Bird|p1a: Whimsicott
|-supereffective|p1a: Whimsicott|1
|-damage|p1a: Whimsicott|0 fnt
|faint|p1a: Whimsicott
|-damage|p2b: Talonflame|32/100|[from] Recoil
|move|p2a: Tyranitar|Rock Slide|p1b: Garchomp
|-resisted|p1b: Garchomp|1
|-damage|p1b: Garchomp|0 fnt
|faint|p1b: Garchomp
|
|upkeep
|
|t:|1784534287
|switch|p1b: Staraptor|Staraptor-Mega, L50, F, shiny|11/100
|turn|7
|c|☆TISS 0'28|ggwp
|
|t:|1784534299
|move|p2b: Talonflame|Brave Bird|p1b: Staraptor
|-supereffective|p1b: Staraptor|1
|-crit|p1b: Staraptor
|-damage|p1b: Staraptor|0 fnt
|faint|p1b: Staraptor
|-damage|p2b: Talonflame|27/100|[from] Recoil
|
|win|TransGirlChomp1
||TransGirlChomp1 is ready for game 2.
