|j|☆darthmorton
|j|☆Irthal
|html|darthmortonIrthal    
|uhtml|bestof|Game 2 of a best-of-3
|t:|1784050223
|gametype|doubles
|player|p1|darthmorton|dragontamer|1178
|player|p2|Irthal|ruinmaniac|1209
|gen|9
|tier|[Gen 9 Champions] VGC 2026 Reg M-B (Bo3)
|rated|
|rule|Species Clause: Limit one of each Pokémon
|rule|Item Clause: Limit 1 of each item
|clearpoke
|poke|p1|Sneasler, L50, M|
|poke|p1|Sinistcha, L50|
|poke|p1|Incineroar, L50, M|
|poke|p1|Charizard, L50, F|
|poke|p1|Floette-Eternal, L50, F|
|poke|p1|Kingambit, L50, F|
|poke|p2|Blastoise, L50, M|
|poke|p2|Sinistcha, L50|
|poke|p2|Delphox, L50, M|
|poke|p2|Incineroar, L50, F|
|poke|p2|Sneasler, L50, F|
|poke|p2|Kingambit, L50, M|
|teampreview|4
|showteam|p1|Sneasler||FocusSash|PoisonTouch|FakeOut,GunkShot,CloseCombat,Coaching|Jolly||M|||50|]Sinistcha||SitrusBerry|Hospitality|MatchaGotcha,RagePowder,TrickRoom,Protect|Bold|||||50|]Incineroar||ChopleBerry|Intimidate|FlareBlitz,HelpingHand,PartingShot,FakeOut|Impish||M|||50|]Charizard||CharizarditeX|Blaze|FlareBlitz,DragonClaw,DragonDance,Protect|Adamant||F|||50|]Floette-Eternal||Floettite|FlowerVeil|Moonblast,CalmMind,DazzlingGleam,Protect|Modest||F|||50|]Kingambit||BlackGlasses|Defiant|KowtowCleave,SuckerPunch,SwordsDance,Protect|Adamant||F|||50|
|showteam|p2|Blastoise||Blastoisinite|RainDish|WaterSpout,DarkPulse,ShellSmash,Protect|Modest||M|||50|]Sinistcha||OccaBerry|Hospitality|RagePowder,MatchaGotcha,TrickRoom,Protect|Bold|||||50|]Delphox||Delphoxite|Blaze|HeatWave,NastyPlot,Psychic,Protect|Timid||M|||50|]Incineroar||SitrusBerry|Intimidate|FakeOut,FlareBlitz,HelpingHand,PartingShot|Impish||F|||50|]Sneasler||FocusSash|PoisonTouch|CloseCombat,DireClaw,QuickGuard,FakeOut|Jolly||F|||50|]Kingambit||BlackGlasses|Defiant|SuckerPunch,KowtowCleave,SwordsDance,Protect|Adamant||M|||50|
|inactive|Battle timer is ON: inactive players will automatically lose when time's up. (requested by darthmorton)
|inactive|Irthal also wants the timer to be on.
|
|t:|1784050244
|teamsize|p1|4
|teamsize|p2|4
|start
|switch|p1a: Sneasler|Sneasler, L50, M|100/100
|switch|p1b: Charizard|Charizard, L50, F|100/100
|switch|p2a: Blastoise|Blastoise, L50, M|100/100
|switch|p2b: Sneasler|Sneasler, L50, F|100/100
|turn|1
|inactive|darthmorton has 30 seconds left.
|inactive|Irthal has 30 seconds left.
|inactive|darthmorton has 20 seconds left.
|inactive|darthmorton has 15 seconds left.
|inactive|darthmorton has 10 seconds left.
|
|t:|1784050292
|detailschange|p1b: Charizard|Charizard-Mega-X, L50, F
|-mega|p1b: Charizard|Charizard|Charizardite X
|detailschange|p2a: Blastoise|Blastoise-Mega, L50, M
|-mega|p2a: Blastoise|Blastoise|Blastoisinite
|move|p2b: Sneasler|Fake Out|p1a: Sneasler
|-damage|p1a: Sneasler|73/100
|cant|p1a: Sneasler|flinch
|move|p1b: Charizard|Dragon Claw|p2a: Blastoise
|-damage|p2a: Blastoise|39/100
|move|p2a: Blastoise|Shell Smash|p2a: Blastoise
|-unboost|p2a: Blastoise|def|1
|-unboost|p2a: Blastoise|spd|1
|-boost|p2a: Blastoise|atk|2
|-boost|p2a: Blastoise|spa|2
|-boost|p2a: Blastoise|spe|2
|
|upkeep
|turn|2
|inactive|darthmorton has 30 seconds left.
|inactive|Irthal has 30 seconds left.
|inactive|darthmorton has 20 seconds left.
|inactive|darthmorton has 15 seconds left.
|
|t:|1784050332
|switch|p2b: Sinistcha|Sinistcha, L50|100/100
|-heal|p2a: Blastoise|64/100|[from] ability: Hospitality|[of] p2b: Sinistcha
|switch|p1a: Sinistcha|Sinistcha, L50|100/100
|move|p2a: Blastoise|Protect|p2a: Blastoise
|-singleturn|p2a: Blastoise|Protect
|move|p1b: Charizard|Protect||[still]
|-fail|p1b: Charizard
|
|upkeep
|turn|3
|inactive|Irthal has 30 seconds left.
|inactive|darthmorton has 30 seconds left.
|inactive|Irthal has 20 seconds left.
|inactive|Irthal has 15 seconds left.
|inactive|Irthal has 10 seconds left.
|inactive|darthmorton has 20 seconds left.
|inactive|Irthal has 5 seconds left.
|
|t:|1784050386
|switch|p2b: Incineroar|Incineroar, L50, F|100/100
|-ability|p2b: Incineroar|Intimidate|boost
|-unboost|p1a: Sinistcha|atk|1
|-unboost|p1b: Charizard|atk|1
|move|p1a: Sinistcha|Protect|p1a: Sinistcha
|-singleturn|p1a: Sinistcha|Protect
|move|p2a: Blastoise|Water Spout|p1b: Charizard|[spread] p1b
|-activate|p1a: Sinistcha|move: Protect
|-damage|p1b: Charizard|0 fnt
|faint|p1b: Charizard
|
|upkeep
|
|t:|1784050397
|switch|p1b: Sneasler|Sneasler, L50, M|73/100
|turn|4
|inactive|Irthal has 30 seconds left.
|inactive|Irthal has 20 seconds left.
|inactive|Irthal has 15 seconds left.
|inactive|Irthal has 10 seconds left.
|
|t:|1784050444
|move|p2a: Blastoise|Protect|p2a: Blastoise
|-singleturn|p2a: Blastoise|Protect
|move|p1b: Sneasler|Fake Out|p2a: Blastoise
|-activate|p2a: Blastoise|move: Protect
|move|p2b: Incineroar|Flare Blitz|p1a: Sinistcha
|-supereffective|p1a: Sinistcha|1
|-damage|p1a: Sinistcha|34/100
|-enditem|p1a: Sinistcha|Sitrus Berry|[eat]
|-heal|p1a: Sinistcha|59/100|[from] item: Sitrus Berry
|-damage|p2b: Incineroar|81/100|[from] Recoil
|move|p1a: Sinistcha|Trick Room|p1a: Sinistcha
|-fieldstart|move: Trick Room|[of] p1a: Sinistcha
|
|upkeep
|turn|5
|inactive|Irthal has 30 seconds left.
|inactive|Irthal has 20 seconds left.
|inactive|Irthal has 15 seconds left.
|inactive|Irthal has 10 seconds left.
|
|t:|1784050492
|switch|p2a: Sneasler|Sneasler, L50, F|100/100
|move|p1a: Sinistcha|Matcha Gotcha|p2b: Incineroar|[spread] p2a,p2b
|-resisted|p2a: Sneasler|1
|-resisted|p2b: Incineroar|1
|-damage|p2a: Sneasler|82/100
|-heal|p1a: Sinistcha|67/100|[from] drain|[of] p2a: Sneasler
|-damage|p2b: Incineroar|70/100
|-heal|p1a: Sinistcha|73/100|[from] drain|[of] p2b: Incineroar
|move|p2b: Incineroar|Parting Shot|p1b: Sneasler
|-unboost|p1b: Sneasler|atk|1
|-unboost|p1b: Sneasler|spa|1
|
|t:|1784050508
|switch|p2b: Sinistcha|Sinistcha, L50|100/100|[from] Parting Shot
|-heal|p2a: Sneasler|100/100|[from] ability: Hospitality|[of] p2b: Sinistcha
|move|p1b: Sneasler|Close Combat|p2a: Sneasler
|-resisted|p2a: Sneasler|1
|-damage|p2a: Sneasler|63/100
|-unboost|p1b: Sneasler|def|1
|-unboost|p1b: Sneasler|spd|1
|
|upkeep
|turn|6
|
|t:|1784050530
|switch|p2b: Incineroar|Incineroar, L50, F|70/100
|-ability|p2b: Incineroar|Intimidate|boost
|-unboost|p1a: Sinistcha|atk|1
|-unboost|p1b: Sneasler|atk|1
|move|p1a: Sinistcha|Matcha Gotcha|p2b: Incineroar|[spread] p2a,p2b
|-resisted|p2a: Sneasler|1
|-resisted|p2b: Incineroar|1
|-damage|p2a: Sneasler|47/100
|-heal|p1a: Sinistcha|80/100|[from] drain|[of] p2a: Sneasler
|-damage|p2b: Incineroar|58/100
|-heal|p1a: Sinistcha|87/100|[from] drain|[of] p2b: Incineroar
|move|p1b: Sneasler|Close Combat|p2a: Sneasler
|-resisted|p2a: Sneasler|1
|-damage|p2a: Sneasler|21/100
|-unboost|p1b: Sneasler|def|1
|-unboost|p1b: Sneasler|spd|1
|move|p2a: Sneasler|Dire Claw|p1a: Sinistcha
|-damage|p1a: Sinistcha|55/100
|-status|p1a: Sinistcha|psn|[from] ability: Poison Touch|[of] p2a: Sneasler
|
|-damage|p1a: Sinistcha|42/100 psn|[from] psn
|upkeep
|turn|7
|inactive|darthmorton has 30 seconds left.
|inactive|Irthal has 30 seconds left.
|inactive|Irthal has 20 seconds left.
|inactive|Irthal has 15 seconds left.
|inactive|Irthal has 10 seconds left.
|inactive|Irthal has 5 seconds left.
|
|t:|1784050581
|switch|p1b: Kingambit|Kingambit, L50, F|100/100
|move|p1a: Sinistcha|Matcha Gotcha|p2b: Incineroar|[spread] p2a,p2b
|-resisted|p2a: Sneasler|1
|-resisted|p2b: Incineroar|1
|-damage|p2a: Sneasler|6/100
|-heal|p1a: Sinistcha|49/100 psn|[from] drain|[of] p2a: Sneasler
|-damage|p2b: Incineroar|45/100
|-heal|p1a: Sinistcha|56/100 psn|[from] drain|[of] p2b: Incineroar
|-enditem|p2b: Incineroar|Sitrus Berry|[eat]
|-heal|p2b: Incineroar|70/100|[from] item: Sitrus Berry
|move|p2b: Incineroar|Parting Shot|p1a: Sinistcha
|-unboost|p1a: Sinistcha|atk|1
|-unboost|p1a: Sinistcha|spa|1
|
|t:|1784050602
|switch|p2b: Sinistcha|Sinistcha, L50|100/100|[from] Parting Shot
|-heal|p2a: Sneasler|31/100|[from] ability: Hospitality|[of] p2b: Sinistcha
|move|p2a: Sneasler|Close Combat|p1b: Kingambit
|-supereffective|p1b: Kingambit|2
|-damage|p1b: Kingambit|0 fnt
|-unboost|p2a: Sneasler|def|1
|-unboost|p2a: Sneasler|spd|1
|faint|p1b: Kingambit
|
|-damage|p1a: Sinistcha|44/100 psn|[from] psn
|upkeep
|
|t:|1784050608
|switch|p1b: Sneasler|Sneasler, L50, M|73/100
|turn|8
|-message|darthmorton forfeited.
|
|win|Irthal
