|j|☆BlackStag52
|j|☆Wild Card Kid
|html|BlackStag52Wild Card Kid    
|uhtml|bestof|Game 3 of a best-of-3
|t:|1782187259
|gametype|doubles
|player|p1|BlackStag52|lebanne|1104
|player|p2|Wild Card Kid|pokemaniac|1052
|gen|9
|tier|[Gen 9 Champions] VGC 2026 Reg M-B (Bo3)
|rated|
|rule|Species Clause: Limit one of each Pokémon
|rule|Item Clause: Limit 1 of each item
|clearpoke
|poke|p1|Garchomp, L50, M|
|poke|p1|Eelektross, L50, F|
|poke|p1|Sinistcha, L50|
|poke|p1|Primarina, L50, F|
|poke|p1|Vivillon-High Plains, L50, M|
|poke|p1|Sneasler, L50, M|
|poke|p2|Raichu, L50, M|
|poke|p2|Farigiraf, L50, M, shiny|
|poke|p2|Pelipper, L50, F, shiny|
|poke|p2|Whimsicott, L50, M|
|poke|p2|Hatterene, L50, F|
|poke|p2|Blastoise, L50, F|
|teampreview|4
|showteam|p1|Garchomp||LifeOrb|RoughSkin|DragonClaw,Earthquake,Protect,RockSlide|Impish||M|||50|]Eelektross||Eelektrossite|Levitate|GrassKnot,Thunderbolt,Protect,Flamethrower|Modest||F|||50|]Sinistcha||KasibBerry|Hospitality|MatchaGotcha,RagePowder,TrickRoom,LifeDew|Bold|||||50|]Primarina||FairyFeather|LiquidVoice|DazzlingGleam,EnergyBall,HyperVoice,Protect|Modest||F|||50|]Vivillon-High Plains||FocusSash|FriendGuard|Tailwind,AirSlash,PollenPuff,Protect|Timid||M|||50|]Sneasler||WhiteHerb|Unburden|FakeOut,CloseCombat,DireClaw,Protect|Adamant||M|||50|
|showteam|p2|Raichu||RaichuniteY|LightningRod|FocusBlast,ZapCannon,FakeOut,Protect|Modest||M|||50|]Farigiraf||Leftovers|ArmorTail|Thunder,TrickRoom,ExpandingForce,Protect|Quiet||M|||50|]Pelipper||DampRock|Drizzle|RainDance,WeatherBall,Hurricane,Protect|Bold||F|||50|]Whimsicott||KebiaBerry|Prankster|Tailwind,Encore,Moonblast,Protect|Calm||M|||50|]Hatterene||FocusSash|MagicBounce|TrickRoom,DrainingKiss,PsychicTerrain,Protect|Sassy||F|||50|]Blastoise||Blastoisinite|RainDish|MuddyWater,Protect,FakeOut,WaterSpout|Sassy||F|||50|
|c|☆BlackStag52|yeah...
|c|☆BlackStag52|;.(
|inactive|Battle timer is ON: inactive players will automatically lose when time's up. (requested by Wild Card Kid)
|c|☆Wild Card Kid|yeah a double miss is wild
|inactive|BlackStag52 has 60 seconds left.
|
|t:|1782187344
|teamsize|p1|4
|teamsize|p2|4
|start
|switch|p1a: Garchomp|Garchomp, L50, M|100/100
|switch|p1b: Sneasler|Sneasler, L50, M|100/100
|switch|p2a: Raichu|Raichu, L50, M|100/100
|switch|p2b: Farigiraf|Farigiraf, L50, M, shiny|100/100
|turn|1
|inactive|BlackStag52 has 30 seconds left.
|inactive|Wild Card Kid has 30 seconds left.
|
|t:|1782187373
|switch|p2a: Whimsicott|Whimsicott, L50, M|100/100
|switch|p1a: Sinistcha|Sinistcha, L50|100/100
|move|p2b: Farigiraf|Protect|p2b: Farigiraf
|-singleturn|p2b: Farigiraf|Protect
|move|p1b: Sneasler|Close Combat|p2b: Farigiraf
|-activate|p2b: Farigiraf|move: Protect
|
|upkeep
|turn|2
|inactive|BlackStag52 has 30 seconds left.
|
|t:|1782187399
|move|p2a: Whimsicott|Tailwind|p2a: Whimsicott
|-sidestart|p2: Wild Card Kid|move: Tailwind
|move|p1b: Sneasler|Dire Claw|p2a: Whimsicott
|-supereffective|p2a: Whimsicott|2
|-enditem|p2a: Whimsicott|Kebia Berry|[eat]
|-enditem|p2a: Whimsicott|Kebia Berry|[weaken]
|-damage|p2a: Whimsicott|0 fnt
|faint|p2a: Whimsicott
|move|p2b: Farigiraf|Expanding Force|p1b: Sneasler
|-supereffective|p1b: Sneasler|2
|-damage|p1b: Sneasler|0 fnt
|faint|p1b: Sneasler
|move|p1a: Sinistcha|Life Dew||[still]
|-fail|p1a: Sinistcha|heal
|
|upkeep
|
|t:|1782187413
|switch|p1b: Garchomp|Garchomp, L50, M|100/100
|switch|p2a: Hatterene|Hatterene, L50, F|100/100
|turn|3
|
|t:|1782187425
|move|p1b: Garchomp|Protect|p1b: Garchomp
|-singleturn|p1b: Garchomp|Protect
|move|p2b: Farigiraf|Expanding Force|p1a: Sinistcha
|-damage|p1a: Sinistcha|57/100
|move|p2a: Hatterene|Psychic Terrain|p2a: Hatterene
|-fieldstart|move: Psychic Terrain
|move|p1a: Sinistcha|Trick Room|p1a: Sinistcha
|-fieldstart|move: Trick Room|[of] p1a: Sinistcha
|
|upkeep
|turn|4
|
|t:|1782187441
|move|p2a: Hatterene|Draining Kiss|p1b: Garchomp
|-supereffective|p1b: Garchomp|1
|-damage|p1b: Garchomp|43/100
|-damage|p2a: Hatterene|87/100|[from] ability: Rough Skin|[of] p1b: Garchomp
|move|p1a: Sinistcha|Matcha Gotcha|p2a: Hatterene|[spread] p2a,p2b
|-damage|p2a: Hatterene|69/100
|-heal|p1a: Sinistcha|66/100|[from] drain|[of] p2a: Hatterene
|-damage|p2b: Farigiraf|77/100
|-heal|p1a: Sinistcha|80/100|[from] drain|[of] p2b: Farigiraf
|move|p2b: Farigiraf|Expanding Force|p1a: Sinistcha|[spread] p1a,p1b
|-damage|p1a: Sinistcha|19/100
|-damage|p1b: Garchomp|0 fnt
|faint|p1b: Garchomp
|
|-heal|p2b: Farigiraf|83/100|[from] item: Leftovers
|upkeep
|
|t:|1782187456
|switch|p1b: Eelektross|Eelektross, L50, F|100/100
|turn|5
|
|t:|1782187480
|detailschange|p1b: Eelektross|Eelektross-Mega, L50, F
|-mega|p1b: Eelektross|Eelektross|Eelektrossite
|move|p2a: Hatterene|Protect|p2a: Hatterene
|-singleturn|p2a: Hatterene|Protect
|move|p2b: Farigiraf|Protect|p2b: Farigiraf
|-singleturn|p2b: Farigiraf|Protect
|move|p1a: Sinistcha|Life Dew||[still]|[spread] p1a,p1b
|-heal|p1a: Sinistcha|44/100
|-fail|p1b: Eelektross|heal
|move|p1b: Eelektross|Flamethrower|p2a: Hatterene
|-activate|p2a: Hatterene|move: Protect
|
|-heal|p2b: Farigiraf|89/100|[from] item: Leftovers
|-sideend|p2: Wild Card Kid|move: Tailwind
|upkeep
|turn|6
|
|t:|1782187501
|move|p1b: Eelektross|Protect|p1b: Eelektross
|-singleturn|p1b: Eelektross|Protect
|move|p2a: Hatterene|Draining Kiss|p1a: Sinistcha
|-damage|p1a: Sinistcha|22/100
|-heal|p2a: Hatterene|87/100|[from] drain|[of] p1a: Sinistcha
|move|p2b: Farigiraf|Expanding Force|p1b: Eelektross|[spread] p1a
|-activate|p1b: Eelektross|move: Protect
|-damage|p1a: Sinistcha|0 fnt
|faint|p1a: Sinistcha
|
|-heal|p2b: Farigiraf|95/100|[from] item: Leftovers
|upkeep
|turn|7
|
|t:|1782187515
|move|p1b: Eelektross|Protect|p1b: Eelektross
|-singleturn|p1b: Eelektross|Protect
|move|p2a: Hatterene|Draining Kiss|p1b: Eelektross
|-activate|p1b: Eelektross|move: Protect
|move|p2b: Farigiraf|Expanding Force|p1b: Eelektross
|-activate|p1b: Eelektross|move: Protect
|
|-heal|p2b: Farigiraf|100/100|[from] item: Leftovers
|-fieldend|move: Trick Room
|-fieldend|move: Psychic Terrain
|upkeep
|turn|8
|
|t:|1782187539
|move|p1b: Eelektross|Thunderbolt|p2a: Hatterene
|-damage|p2a: Hatterene|54/100
|move|p2a: Hatterene|Draining Kiss|p1b: Eelektross
|-damage|p1b: Eelektross|78/100
|-heal|p2a: Hatterene|73/100|[from] drain|[of] p1b: Eelektross
|move|p2b: Farigiraf|Trick Room|p2b: Farigiraf
|-fieldstart|move: Trick Room|[of] p2b: Farigiraf
|
|upkeep
|turn|9
|-message|BlackStag52 forfeited.
|
|win|Wild Card Kid
|raw|BlackStag52's rating: 1104 → 1075(-29 for losing)
|raw|Wild Card Kid's rating: 1052 → 1089(+37 for winning)
