|j|☆shikoguard
|j|☆Shadow of metrunui
|html|shikoguardShadow of metrunui    
|uhtml|bestof|Game 1 of a best-of-3
|t:|1756745329
|gametype|doubles
|player|p1|shikoguard|1|1026
|player|p2|Shadow of metrunui|265|1022
|gen|9
|tier|[Gen 9] VGC 2025 Reg H (Bo3)
|rated|
|rule|Species Clause: Limit one of each Pokémon
|rule|Item Clause: Limit 1 of each item
|clearpoke
|poke|p1|Incineroar, L50, F|
|poke|p1|Gholdengo, L50|
|poke|p1|Amoonguss, L50, M|
|poke|p1|Hydreigon, L50, M|
|poke|p1|Porygon2, L50|
|poke|p1|Ursaluna, L50, M|
|poke|p2|Hydreigon, L50, F|
|poke|p2|Garchomp, L50, F|
|poke|p2|Mienshao, L50, M|
|poke|p2|Incineroar, L50, M|
|poke|p2|Gholdengo, L50|
|poke|p2|Primarina, L50, F|
|teampreview|4
|showteam|p1|Incineroar||SitrusBerry|Intimidate|KnockOff,FakeOut,FlareBlitz,PartingShot|||F|||50|,,,,,Ghost]Gholdengo||MetalCoat|GoodasGold|Protect,NastyPlot,MakeItRain,ShadowBall||||||50|,,,,,Water]Amoonguss||RockyHelmet|Regenerator|Spore,RagePowder,PollenPuff,Protect|||M|||50|,,,,,Fairy]Hydreigon||SafetyGoggles|Levitate|DracoMeteor,Snarl,Tailwind,Protect|||M|||50|,,,,,Ghost]Porygon2||Eviolite|Download|Recover,IceBeam,TeraBlast,TrickRoom||||||50|,,,,,Fighting]Ursaluna||FlameOrb|Guts|Earthquake,Facade,HeadlongRush,Protect|||M|||50|,,,,,Ghost
|showteam|p2|Hydreigon||SafetyGoggles|Levitate|DragonPulse,Snarl,Protect,Flamethrower|||F|||50|,,,,,Steel]Garchomp||LifeOrb|RoughSkin|Earthquake,StompingTantrum,Protect,DragonClaw|||F|||50|,,,,,Grass]Mienshao||FocusSash|InnerFocus|CloseCombat,FakeOut,IceSpinner,Protect|||M|||50|,,,,,Grass]Incineroar||RockyHelmet|Intimidate|FakeOut,FlareBlitz,KnockOff,PartingShot|||M|||50|,,,,,Ghost]Gholdengo||MetalCoat|GoodasGold|MakeItRain,Protect,ShadowBall,NastyPlot||||||50|,,,,,Flying]Primarina||ThroatSpray|LiquidVoice|HyperVoice,Protect,Haze,Moonblast|||F|||50|,,,,,Ghost
|
|t:|1756745398
|teamsize|p1|4
|teamsize|p2|4
|start
|switch|p1a: Hydreigon|Hydreigon, L50, M|100/100
|switch|p1b: Gholdengo|Gholdengo, L50|100/100
|switch|p2a: Hydreigon|Hydreigon, L50, F|100/100
|switch|p2b: Incineroar|Incineroar, L50, M|100/100
|-ability|p2b: Incineroar|Intimidate|boost
|-unboost|p1a: Hydreigon|atk|1
|-unboost|p1b: Gholdengo|atk|1
|turn|1
|
|t:|1756745455
|switch|p2b: Garchomp|Garchomp, L50, F|100/100
|-terastallize|p1b: Gholdengo|Water
|move|p1a: Hydreigon|Tailwind|p1a: Hydreigon
|-sidestart|p1: shikoguard|move: Tailwind
|move|p1b: Gholdengo|Nasty Plot|p1b: Gholdengo
|-boost|p1b: Gholdengo|spa|2
|move|p2a: Hydreigon|Snarl|p1a: Hydreigon|[spread] p1a,p1b
|-resisted|p1a: Hydreigon
|-damage|p1a: Hydreigon|90/100
|-damage|p1b: Gholdengo|79/100
|-unboost|p1a: Hydreigon|spa|1
|-unboost|p1b: Gholdengo|spa|1
|
|upkeep
|turn|2
|inactive|Battle timer is ON: inactive players will automatically lose when time's up. (requested by shikoguard)
|
|t:|1756745525
|switch|p1a: Incineroar|Incineroar, L50, F, shiny|100/100
|-ability|p1a: Incineroar|Intimidate|boost
|-unboost|p2a: Hydreigon|atk|1
|-unboost|p2b: Garchomp|atk|1
|-terastallize|p2b: Garchomp|Grass
|move|p1b: Gholdengo|Make It Rain|p2b: Garchomp|[spread] p2a,p2b
|-damage|p2a: Hydreigon|21/100
|-damage|p2b: Garchomp|15/100
|-unboost|p1b: Gholdengo|spa|1
|move|p2b: Garchomp|Dragon Claw|p1a: Incineroar
|-damage|p1a: Incineroar|66/100
|-damage|p2b: Garchomp|5/100|[from] item: Life Orb
|move|p2a: Hydreigon|Snarl|p1a: Incineroar|[spread] p1a,p1b
|-resisted|p1a: Incineroar
|-damage|p1a: Incineroar|57/100
|-damage|p1b: Gholdengo|57/100
|-unboost|p1a: Incineroar|spa|1
|-unboost|p1b: Gholdengo|spa|1
|
|upkeep
|turn|3
|inactive|shikoguard has 30 seconds left.
|inactive|Shadow of metrunui has 30 seconds left.
|inactive|shikoguard has 20 seconds left.
|inactive|Shadow of metrunui has 20 seconds left.
|
|t:|1756745563
|switch|p2a: Incineroar|Incineroar, L50, M|100/100
|-ability|p2a: Incineroar|Intimidate|boost
|-unboost|p1a: Incineroar|atk|1
|-unboost|p1b: Gholdengo|atk|1
|move|p2b: Garchomp|Protect|p2b: Garchomp
|-singleturn|p2b: Garchomp|Protect
|move|p1a: Incineroar|Fake Out|p2a: Incineroar
|-damage|p2a: Incineroar|91/100
|-damage|p1a: Incineroar|40/100|[from] item: Rocky Helmet|[of] p2a: Incineroar
|-enditem|p1a: Incineroar|Sitrus Berry|[eat]
|-heal|p1a: Incineroar|65/100|[from] item: Sitrus Berry
|move|p1b: Gholdengo|Nasty Plot|p1b: Gholdengo
|-boost|p1b: Gholdengo|spa|2
|
|upkeep
|turn|4
|inactive|shikoguard has 30 seconds left.
|inactive|Shadow of metrunui has 30 seconds left.
|inactive|Shadow of metrunui has 20 seconds left.
|inactive|Shadow of metrunui has 15 seconds left.
|inactive|Shadow of metrunui has 10 seconds left.
|inactive|Shadow of metrunui has 5 seconds left.
|
|t:|1756745617
|move|p1b: Gholdengo|Protect|p1b: Gholdengo
|-singleturn|p1b: Gholdengo|Protect
|move|p2a: Incineroar|Fake Out|p1a: Incineroar
|-damage|p1a: Incineroar|52/100
|cant|p1a: Incineroar|flinch
|move|p2b: Garchomp|Dragon Claw|p1b: Gholdengo
|-activate|p1b: Gholdengo|move: Protect
|
|-sideend|p1: shikoguard|move: Tailwind
|upkeep
|turn|5
|
|t:|1756745637
|move|p2b: Garchomp|Stomping Tantrum|p1a: Incineroar
|-supereffective|p1a: Incineroar
|-damage|p1a: Incineroar|0 fnt
|faint|p1a: Incineroar
|-damage|p2b: Garchomp|0 fnt|[from] item: Life Orb
|faint|p2b: Garchomp
|move|p1b: Gholdengo|Make It Rain|p2a: Incineroar
|-resisted|p2a: Incineroar
|-damage|p2a: Incineroar|47/100
|-unboost|p1b: Gholdengo|spa|1
|move|p2a: Incineroar|Knock Off|p1b: Gholdengo
|-damage|p1b: Gholdengo|10/100
|-enditem|p1b: Gholdengo|Metal Coat|[from] move: Knock Off|[of] p2a: Incineroar
|
|upkeep
|
|t:|1756745654
|switch|p2b: Primarina|Primarina, L50, F|100/100
|switch|p1a: Amoonguss|Amoonguss, L50, M|100/100
|turn|6
|
|t:|1756745672
|switch|p1b: Hydreigon|Hydreigon, L50, M|90/100
|move|p2b: Primarina|Hyper Voice|p1a: Amoonguss|[spread] p1a,p1b
|-resisted|p1a: Amoonguss
|-resisted|p1b: Hydreigon
|-damage|p1a: Amoonguss|85/100
|-damage|p1b: Hydreigon|72/100
|-enditem|p2b: Primarina|Throat Spray
|-boost|p2b: Primarina|spa|1|[from] item: Throat Spray
|move|p2a: Incineroar|Flare Blitz|p1a: Amoonguss
|-supereffective|p1a: Amoonguss
|-damage|p1a: Amoonguss|0 fnt
|-damage|p2a: Incineroar|31/100|[from] item: Rocky Helmet|[of] p1a: Amoonguss
|faint|p1a: Amoonguss
|-damage|p2a: Incineroar|2/100|[from] Recoil
|
|upkeep
|
|t:|1756745688
|switch|p1a: Gholdengo|Gholdengo, L50, tera:Water|10/100
|turn|7
|inactive|Shadow of metrunui has 30 seconds left.
|
|t:|1756745715
|move|p1b: Hydreigon|Tailwind|p1b: Hydreigon
|-sidestart|p1: shikoguard|move: Tailwind
|move|p1a: Gholdengo|Make It Rain|p2b: Primarina|[spread] p2a,p2b
|-resisted|p2a: Incineroar
|-crit|p2a: Incineroar
|-damage|p2a: Incineroar|0 fnt
|-damage|p2b: Primarina|65/100
|-unboost|p1a: Gholdengo|spa|1
|faint|p2a: Incineroar
|move|p2b: Primarina|Moonblast|p1b: Hydreigon
|-supereffective|p1b: Hydreigon
|-damage|p1b: Hydreigon|0 fnt
|faint|p1b: Hydreigon
|
|upkeep
|
|t:|1756745727
|switch|p2a: Hydreigon|Hydreigon, L50, F|21/100
|turn|8
|inactive|Shadow of metrunui has 30 seconds left.
|
|t:|1756745754
|move|p2a: Hydreigon|Protect|p2a: Hydreigon
|-singleturn|p2a: Hydreigon|Protect
|move|p1a: Gholdengo|Make It Rain|p2a: Hydreigon|[spread] p2b
|-activate|p2a: Hydreigon|move: Protect
|-damage|p2b: Primarina|42/100
|-unboost|p1a: Gholdengo|spa|1
|move|p2b: Primarina|Hyper Voice|p1a: Gholdengo
|-resisted|p1a: Gholdengo
|-damage|p1a: Gholdengo|0 fnt
|faint|p1a: Gholdengo
|
|win|Shadow of metrunui
||shikoguard is ready for game 2.
|inactive|Shadow of metrunui has 30 seconds to confirm battle start!
