|j|☆Antonace
|j|☆snailboss
|html|Antonacesnailboss    
|uhtml|bestof|Game 1 of a best-of-3
|t:|1756766007
|gametype|doubles
|player|p1|Antonace|170|1080
|player|p2|snailboss|hilda-wonderlauncher|1146
|gen|9
|tier|[Gen 9] VGC 2025 Reg H (Bo3)
|rated|
|rule|Species Clause: Limit one of each Pokémon
|rule|Item Clause: Limit 1 of each item
|clearpoke
|poke|p1|Gastrodon, L50, M|
|poke|p1|Tyranitar, L50, M|
|poke|p1|Garchomp, L50, F|
|poke|p1|Kilowattrel, L50, M|
|poke|p1|Indeedee, L50, M|
|poke|p1|Delphox, L50, F|
|poke|p2|Zoroark-Hisui, L50, F|
|poke|p2|Tyranitar, L50, F|
|poke|p2|Excadrill, L50, F|
|poke|p2|Indeedee-F, L50, F|
|poke|p2|Gallade, L50, M|
|poke|p2|Noivern, L50, F|
|teampreview|4
|showteam|p1|Gastrodon||QuickClaw|StormDrain|EarthPower,Recover,Yawn,IceBeam|||M|||50|,,,,,Fire]Tyranitar||AssaultVest|SandStream|RockSlide,KnockOff,TeraBlast,LowKick|||M|||50|,,,,,Flying]Garchomp||ClearAmulet|SandVeil|StompingTantrum,DragonClaw,SwordsDance,Protect|||F|||50|,,,,,Fairy]Kilowattrel||FocusSash|Competitive|Discharge,Endeavor,Hurricane,Thunderbolt|||M|||50|,,,,,Electric]Indeedee||ChoiceScarf|PsychicSurge|ExpandingForce,HyperVoice,Psychic,Trick|||M|||50|,,,,,Psychic]Delphox||PsychicSeed|Magician|HeatWave,ExpandingForce,TeraBlast,Protect|||F|||50|,,,,,Fighting
|showteam|p2|Zoroark-Hisui||ChoiceSpecs|Illusion|HyperVoice,Flamethrower,ShadowBall,HyperBeam|||F|||50|,,,,,Normal]Tyranitar||AssaultVest|SandStream|RockSlide,KnockOff,LowKick,TeraBlast|||F|||50|,,,,,Flying]Excadrill||FocusSash|SandRush|IronHead,Protect,SwordsDance,Earthquake|||F|||50|,,,,,Ground]Indeedee-F||SafetyGoggles|PsychicSurge|TrickRoom,FollowMe,Psychic,HelpingHand|||F|||50|,,,,,Water]Gallade||ClearAmulet|Sharpness|PsychoCut,TrickRoom,WideGuard,SacredSword|||M|||50|,,,,,Grass]Noivern||CovertCloak|Telepathy|SuperFang,Tailwind,Taunt,DracoMeteor|||F|||50|,,,,,Fairy
|inactive|Battle timer is ON: inactive players will automatically lose when time's up. (requested by Antonace)
|inactive|snailboss has 60 seconds left.
|
|t:|1756766075
|teamsize|p1|4
|teamsize|p2|4
|start
|switch|p1a: Garchomp|Garchomp, L50, F|100/100
|switch|p1b: Kilowattrel|Kilowattrel, L50, M|100/100
|switch|p2a: Alice|Tyranitar, L50, F|100/100
|switch|p2b: Dr. Drills|Excadrill, L50, F|100/100
|-weather|Sandstorm|[from] ability: Sand Stream|[of] p2a: Alice
|turn|1
|inactive|Antonace has 30 seconds left.
|inactive|Antonace has 20 seconds left.
|
|t:|1756766113
|switch|p2b: Noivern|Noivern, L50, F|100/100
|move|p1b: Kilowattrel|Discharge|p2b: Noivern|[spread] p2a,p2b
|-immune|p1a: Garchomp
|-damage|p2a: Alice|88/100
|-damage|p2b: Noivern|64/100
|-status|p2a: Alice|par
|move|p1a: Garchomp|Stomping Tantrum|p2b: Noivern
|-immune|p2b: Noivern
|cant|p2a: Alice|par
|
|-weather|Sandstorm|[upkeep]
|-damage|p2b: Noivern|59/100|[from] Sandstorm
|-damage|p1b: Kilowattrel|94/100|[from] Sandstorm
|upkeep
|turn|2
|
|t:|1756766132
|move|p2b: Noivern|Tailwind|p2b: Noivern
|-sidestart|p2: snailboss|move: Tailwind
|move|p1b: Kilowattrel|Discharge|p2b: Noivern|[spread] p2a,p2b
|-immune|p1a: Garchomp
|-damage|p2a: Alice|75/100 par
|-damage|p2b: Noivern|23/100
|move|p1a: Garchomp|Swords Dance|p1a: Garchomp
|-boost|p1a: Garchomp|atk|2
|move|p2a: Alice|Rock Slide|p1b: Kilowattrel|[spread] p1b
|-miss|p2a: Alice|p1a: Garchomp
|-supereffective|p1b: Kilowattrel
|-damage|p1b: Kilowattrel|0 fnt
|faint|p1b: Kilowattrel
|
|-weather|Sandstorm|[upkeep]
|-damage|p2b: Noivern|17/100|[from] Sandstorm
|upkeep
|
|t:|1756766155
|switch|p1b: Delphox|Delphox, L50, F|100/100
|turn|3
|
|t:|1756766176
|-terastallize|p1b: Delphox|Fighting
|move|p1a: Garchomp|Protect|p1a: Garchomp
|-singleturn|p1a: Garchomp|Protect
|move|p2b: Noivern|Draco Meteor|p1a: Garchomp
|-activate|p1a: Garchomp|move: Protect
|move|p1b: Delphox|Tera Blast|p2a: Alice|[anim] Tera Blast Fighting
|-supereffective|p2a: Alice
|-damage|p2a: Alice|7/100 par
|move|p2a: Alice|Knock Off|p1b: Delphox
|-resisted|p1b: Delphox
|-damage|p1b: Delphox|57/100
|-enditem|p1b: Delphox|Psychic Seed|[from] move: Knock Off|[of] p2a: Alice
|
|-weather|Sandstorm|[upkeep]
|-damage|p2b: Noivern|11/100|[from] Sandstorm
|-damage|p1b: Delphox|51/100|[from] Sandstorm
|upkeep
|turn|4
|inactive|snailboss has 30 seconds left.
|
|t:|1756766209
|switch|p1a: Indeedee|Indeedee, L50, M|100/100
|-fieldstart|move: Psychic Terrain|[from] ability: Psychic Surge|[of] p1a: Indeedee
|switch|p2a: Dr. Drills|Excadrill, L50, F|100/100
|move|p2b: Noivern|Draco Meteor|p1a: Indeedee
|-damage|p1a: Indeedee|38/100
|-unboost|p2b: Noivern|spa|2
|move|p1b: Delphox|Heat Wave|p2b: Noivern|[spread] p2a,p2b
|-crit|p2a: Dr. Drills
|-resisted|p2b: Noivern
|-damage|p2a: Dr. Drills|1/100
|-damage|p2b: Noivern|0 fnt
|replace|p2a: Zoroark|Zoroark-Hisui, L50, F
|-end|p2a: Zoroark|Illusion
|faint|p2b: Noivern
|-item|p1b: Delphox|Choice Specs|[from] ability: Magician|[of] p2a: Zoroark
|
|-weather|Sandstorm|[upkeep]
|-damage|p2a: Zoroark|0 fnt|[from] Sandstorm
|-damage|p1a: Indeedee|32/100|[from] Sandstorm
|-damage|p1b: Delphox|45/100|[from] Sandstorm
|faint|p2a: Zoroark
|upkeep
|
|t:|1756766229
|switch|p2b: Dr. Drills|Excadrill, L50, F|100/100
|switch|p2a: Alice|Tyranitar, L50, F|7/100 par
|turn|5
|inactive|snailboss has 30 seconds left.
|
|t:|1756766260
|-terastallize|p2a: Alice|Flying
|move|p1b: Delphox|Protect|p1b: Delphox
|-singleturn|p1b: Delphox|Protect
|move|p2b: Dr. Drills|Earthquake|p1a: Indeedee|[spread] p1a
|-activate|p1b: Delphox|move: Protect
|-immune|p2a: Alice
|-damage|p1a: Indeedee|0 fnt
|faint|p1a: Indeedee
|cant|p2a: Alice|par
|
|-weather|none
|-sideend|p2: snailboss|move: Tailwind
|upkeep
|
|t:|1756766267
|switch|p1a: Garchomp|Garchomp, L50, F|100/100
|turn|6
|inactive|Antonace has 30 seconds left.
|
|t:|1756766293
|move|p1b: Delphox|Protect|p1b: Delphox
|-singleturn|p1b: Delphox|Protect
|move|p1a: Garchomp|Dragon Claw|p2a: Alice
|-damage|p2a: Alice|0 fnt
|faint|p2a: Alice
|move|p2b: Dr. Drills|Earthquake|p1b: Delphox|[spread] p1a
|-activate|p1b: Delphox|move: Protect
|-damage|p1a: Garchomp|62/100
|
|upkeep
|turn|7
|
|t:|1756766307
|move|p1b: Delphox|Protect|p1b: Delphox
|-singleturn|p1b: Delphox|Protect
|move|p1a: Garchomp|Stomping Tantrum|p2b: Dr. Drills
|-supereffective|p2b: Dr. Drills
|-damage|p2b: Dr. Drills|10/100
|move|p2b: Dr. Drills|Swords Dance|p2b: Dr. Drills
|-boost|p2b: Dr. Drills|atk|2
|
|upkeep
|turn|8
|
|t:|1756766320
|move|p1b: Delphox|Protect||[still]
|-fail|p1b: Delphox
|move|p1a: Garchomp|Dragon Claw|p2b: Dr. Drills
|-resisted|p2b: Dr. Drills
|-damage|p2b: Dr. Drills|0 fnt
|faint|p2b: Dr. Drills
|
|win|Antonace
||Antonace is ready for game 2.
|inactive|snailboss has 30 seconds to confirm battle start!
||snailboss is ready for game 2.
|uhtml|next|Next: Game 2 of 3
