|j|☆Sora Hoshino
|j|☆Nasch1312
|html|Sora HoshinoNasch1312    
|uhtml|bestof|Game 1 of a best-of-3
|t:|1783210608
|gametype|doubles
|player|p1|Sora Hoshino|flannery|1093
|player|p2|Nasch1312|hilbert|1250
|gen|9
|tier|[Gen 9 Champions] VGC 2026 Reg M-B (Bo3)
|rated|
|rule|Species Clause: Limit one of each Pokémon
|rule|Item Clause: Limit 1 of each item
|clearpoke
|poke|p1|Gengar, L50, F|
|poke|p1|Eelektross, L50, F|
|poke|p1|Incineroar, L50, M|
|poke|p1|Farigiraf, L50, F|
|poke|p1|Whimsicott, L50, M|
|poke|p1|Swampert, L50, M|
|poke|p2|Dragonite, L50, M|
|poke|p2|Pelipper, L50, F|
|poke|p2|Basculegion, L50, M|
|poke|p2|Archaludon, L50, F|
|poke|p2|Sinistcha, L50|
|poke|p2|Gholdengo, L50, shiny|
|teampreview|4
|showteam|p1|Gengar||Gengarite|CursedBody|SludgeBomb,PerishSong,Protect,ShadowBall|Modest||F|||50|]Eelektross||Eelektrossite|Levitate|GigaDrain,Protect,Thunderbolt,DragonPulse|Modest||F|||50|]Incineroar||SitrusBerry|Intimidate|FakeOut,PartingShot,Protect,ThroatChop|Adamant||M|||50|]Farigiraf||MentalHerb|ArmorTail|Earthquake,TrickRoom,Protect,Psychic|Modest||F|||50|]Whimsicott||FocusSash|Prankster|Taunt,Protect,Moonblast,Tailwind|Bold||M|||50|]Swampert||Leftovers|Torrent|Liquidation,Protect,StompingTantrum,BulkUp|Adamant||M|||50|
|showteam|p2|Dragonite||Dragoninite|InnerFocus|DragonPulse,Thunderbolt,Hurricane,Protect|Modest||M|||50|]Pelipper||SitrusBerry|Drizzle|Hurricane,WeatherBall,Tailwind,WideGuard|Modest||F|||50|]Basculegion||LifeOrb|SwiftSwim|WaveCrash,LastRespects,AquaJet,Protect|Adamant||M|||50|]Archaludon||Leftovers|Stamina|ElectroShot,DragonPulse,FlashCannon,Protect|Modest||F|||50|]Sinistcha||KasibBerry|Hospitality|RagePowder,MatchaGotcha,TrickRoom,LifeDew|Bold|||||50|]Gholdengo||ChoiceScarf|GoodasGold|MakeItRain,ShadowBall,PowerGem,Trick|Modest|||||50|
|
|t:|1783210665
|teamsize|p1|4
|teamsize|p2|4
|start
|switch|p1a: Farigiraf|Farigiraf, L50, F|100/100
|switch|p1b: Incineroar|Incineroar, L50, M|100/100
|switch|p2a: Archaly|Archaludon, L50, F|100/100
|switch|p2b: Pely|Pelipper, L50, F|100/100
|-weather|RainDance|[from] ability: Drizzle|[of] p2b: Pely
|-ability|p1b: Incineroar|Intimidate|boost
|-unboost|p2a: Archaly|atk|1
|-unboost|p2b: Pely|atk|1
|turn|1
|
|t:|1783210699
|move|p2a: Archaly|Electro Shot||[still]
|-prepare|p2a: Archaly|Electro Shot
|-boost|p2a: Archaly|spa|1
|-anim|p2a: Archaly|Electro Shot|p1a: Farigiraf
|-damage|p1a: Farigiraf|47/100
|move|p2b: Pely|Weather Ball|p1a: Farigiraf
|-damage|p1a: Farigiraf|1/100
|move|p1b: Incineroar|Parting Shot|p2a: Archaly
|-unboost|p2a: Archaly|atk|1
|-unboost|p2a: Archaly|spa|1
|
|t:|1783210709
|switch|p1b: Swampert|Swampert, L50, M|100/100|[from] Parting Shot
|move|p1a: Farigiraf|Trick Room|p1a: Farigiraf
|-fieldstart|move: Trick Room|[of] p1a: Farigiraf
|
|-weather|RainDance|[upkeep]
|upkeep
|turn|2
|
|t:|1783210722
|move|p1b: Swampert|Protect|p1b: Swampert
|-singleturn|p1b: Swampert|Protect
|move|p1a: Farigiraf|Earthquake|p2a: Archaly|[spread] p2a
|-activate|p1b: Swampert|move: Protect
|-immune|p2b: Pely
|-supereffective|p2a: Archaly|1
|-damage|p2a: Archaly|80/100
|-ability|p2a: Archaly|Stamina|boost
|-boost|p2a: Archaly|def|1
|move|p2b: Pely|Hurricane|p1b: Swampert
|-activate|p1b: Swampert|move: Protect
|move|p2a: Archaly|Electro Shot||[still]
|-prepare|p2a: Archaly|Electro Shot
|-boost|p2a: Archaly|spa|1
|-anim|p2a: Archaly|Electro Shot|p1a: Farigiraf
|-damage|p1a: Farigiraf|0 fnt
|faint|p1a: Farigiraf
|
|-weather|RainDance|[upkeep]
|-heal|p2a: Archaly|86/100|[from] item: Leftovers
|upkeep
|
|t:|1783210740
|switch|p1a: Eelektross|Eelektross, L50, F|100/100
|turn|3
|
|t:|1783210757
|detailschange|p1a: Eelektross|Eelektross-Mega, L50, F
|-mega|p1a: Eelektross|Eelektross|Eelektrossite
|move|p1b: Swampert|Stomping Tantrum|p2a: Archaly
|-supereffective|p2a: Archaly|1
|-damage|p2a: Archaly|52/100
|-ability|p2a: Archaly|Stamina|boost
|-boost|p2a: Archaly|def|1
|move|p2b: Pely|Weather Ball|p1a: Eelektross
|-damage|p1a: Eelektross|40/100
|move|p1a: Eelektross|Thunderbolt|p2b: Pely
|-supereffective|p2b: Pely|2
|-damage|p2b: Pely|0 fnt
|faint|p2b: Pely
|-ability|p1a: Eelektross|Eelevate|boost
|-boost|p1a: Eelektross|spa|1
|move|p2a: Archaly|Dragon Pulse|p1a: Eelektross
|-damage|p1a: Eelektross|0 fnt
|faint|p1a: Eelektross
|
|-weather|RainDance|[upkeep]
|-heal|p2a: Archaly|58/100|[from] item: Leftovers
|upkeep
|
|t:|1783210777
|switch|p2b: Basculey|Basculegion, L50, M|100/100
|switch|p1a: Incineroar|Incineroar, L50, M|100/100
|-ability|p1a: Incineroar|Intimidate|boost
|-unboost|p2a: Archaly|atk|1
|-unboost|p2b: Basculey|atk|1
|turn|4
|
|t:|1783210792
|move|p1b: Swampert|Protect|p1b: Swampert
|-singleturn|p1b: Swampert|Protect
|move|p1a: Incineroar|Throat Chop|p2b: Basculey
|-supereffective|p2b: Basculey|1
|-damage|p2b: Basculey|24/100
|-start|p2b: Basculey|Throat Chop|[silent]
|move|p2a: Archaly|Electro Shot||[still]
|-prepare|p2a: Archaly|Electro Shot
|-boost|p2a: Archaly|spa|1
|-anim|p2a: Archaly|Electro Shot|p1a: Incineroar
|-damage|p1a: Incineroar|25/100
|-enditem|p1a: Incineroar|Sitrus Berry|[eat]
|-heal|p1a: Incineroar|50/100g|[from] item: Sitrus Berry
|move|p2b: Basculey|Wave Crash|p1a: Incineroar
|-supereffective|p1a: Incineroar|1
|-damage|p1a: Incineroar|0 fnt
|faint|p1a: Incineroar
|-damage|p2b: Basculey|8/100|[from] Recoil
|-damage|p2b: Basculey|0 fnt|[from] item: Life Orb
|faint|p2b: Basculey
|
|-weather|RainDance|[upkeep]
|-heal|p2a: Archaly|64/100|[from] item: Leftovers
|upkeep
|
|t:|1783210812
|switch|p2b: Gholdey|Gholdengo, L50, shiny|100/100
|turn|5
|
|t:|1783210827
|move|p1b: Swampert|Stomping Tantrum|p2b: Gholdey
|-supereffective|p2b: Gholdey|1
|-damage|p2b: Gholdey|18/100
|move|p2a: Archaly|Dragon Pulse|p1b: Swampert
|-damage|p1b: Swampert|28/100
|move|p2b: Gholdey|Shadow Ball|p1b: Swampert
|-damage|p1b: Swampert|0 fnt
|faint|p1b: Swampert
|
|win|Nasch1312
||Sora Hoshino is ready for game 2.
|inactive|Nasch1312 has 30 seconds to confirm battle start!
|l|☆Sora Hoshino
|player|p1|
||Nasch1312 is ready for game 2.
|uhtml|next|Next: Game 2 of 3
