|j|☆P!nkbearz07
|j|☆AzureTheTimeblind
|html|P!nkbearz07AzureTheTimeblind    
|uhtml|bestof|Game 3 of a best-of-3
|t:|1757723745
|gametype|doubles
|player|p1|P!nkbearz07|marlon|1055
|player|p2|AzureTheTimeblind|169|1075
|gen|9
|tier|[Gen 9] VGC 2025 Reg H (Bo3)
|rated|
|rule|Species Clause: Limit one of each Pokémon
|rule|Item Clause: Limit 1 of each item
|clearpoke
|poke|p1|Tyranitar, L50, F|
|poke|p1|Excadrill, L50, M|
|poke|p1|Empoleon, L50, M|
|poke|p1|Annihilape, L50, F|
|poke|p1|Gholdengo, L50|
|poke|p1|Hydreigon, L50, F|
|poke|p2|Ursaluna-Bloodmoon, L50, M|
|poke|p2|Gholdengo, L50|
|poke|p2|Dragonite, L50, F|
|poke|p2|Rillaboom, L50, M|
|poke|p2|Sneasler, L50, M|
|poke|p2|Ninetales-Alola, L50, M|
|teampreview|4
|showteam|p1|Tyranitar||AssaultVest|SandStream|RockSlide,KnockOff,TeraBlast,LowKick|||F|||50|,,,,,Flying]Excadrill||FocusSash|SandRush|Earthquake,HighHorsepower,IronHead,Protect|||M|||50|,,,,,Ground]Empoleon||CovertCloak|Competitive|HydroPump,FlashCannon,IcyWind,Protect|||M|||50|,,,,,Grass]Annihilape||ChoiceScarf|Defiant|RageFist,CloseCombat,FinalGambit,Coaching|||F|||50|,,,,,Grass]Gholdengo||LifeOrb|GoodasGold|Protect,NastyPlot,ShadowBall,MakeItRain||||||50|,,,,,Steel]Hydreigon||ChoiceSpecs|Levitate|HeatWave,Snarl,DarkPulse,DracoMeteor|||F|||50|,,,,,Fire
|showteam|p2|Ursaluna-Bloodmoon||CovertCloak|MindsEye|EarthPower,BloodMoon,HyperVoice,Protect|||M|||50|,,,,,Normal]Gholdengo||LifeOrb|GoodasGold|NastyPlot,MakeItRain,ShadowBall,Protect||||||50|,,,,,Water]Dragonite||LoadedDice|Multiscale|ScaleShot,Tailwind,Protect,ExtremeSpeed|||F|||50|,,,,,Normal]Rillaboom||AssaultVest|GrassySurge|FakeOut,WoodHammer,Uturn,GrassyGlide|||M|||50|,,,,,Fire]Sneasler||GrassySeed|Unburden|FakeOut,CloseCombat,DireClaw,ThroatChop|||M|||50|,,,,,Dark]Ninetales-Alola||FocusSash|SnowWarning|Moonblast,AuroraVeil,Blizzard,Encore|||M|||50|,,,,,Ghost
|inactive|Battle timer is ON: inactive players will automatically lose when time's up. (requested by P!nkbearz07)
|inactive|P!nkbearz07 has 60 seconds left.
|inactive|AzureTheTimeblind has 60 seconds left.
|
|t:|1757723784
|teamsize|p1|4
|teamsize|p2|4
|start
|switch|p1a: Oil Rig|Excadrill, L50, M, shiny|100/100
|switch|p1b: Nightmare|Hydreigon, L50, F|100/100
|switch|p2a: Dragonite|Dragonite, L50, F|100/100
|switch|p2b: Ursaluna|Ursaluna-Bloodmoon, L50, M|100/100
|turn|1
|inactive|P!nkbearz07 has 30 seconds left.
|inactive|P!nkbearz07 has 20 seconds left.
|inactive|P!nkbearz07 has 15 seconds left.
|inactive|P!nkbearz07 has 10 seconds left.
|
|t:|1757723834
|-terastallize|p1b: Nightmare|Fire
|-terastallize|p2a: Dragonite|Normal
|move|p2b: Ursaluna|Protect|p2b: Ursaluna
|-singleturn|p2b: Ursaluna|Protect
|move|p1a: Oil Rig|Iron Head|p2b: Ursaluna
|-activate|p2b: Ursaluna|move: Protect
|move|p1b: Nightmare|Draco Meteor|p2a: Dragonite
|-damage|p2a: Dragonite|43/100
|-unboost|p1b: Nightmare|spa|2
|move|p2a: Dragonite|Tailwind|p2a: Dragonite
|-sidestart|p2: AzureTheTimeblind|move: Tailwind
|
|upkeep
|turn|2
|inactive|AzureTheTimeblind has 30 seconds left.
|
|t:|1757723862
|switch|p1b: Dust Devil|Tyranitar, L50, F, shiny|100/100
|-weather|Sandstorm|[from] ability: Sand Stream|[of] p1b: Dust Devil
|move|p2a: Dragonite|Extreme Speed|p1b: Dust Devil
|-resisted|p1b: Dust Devil
|-damage|p1b: Dust Devil|81/100
|move|p1a: Oil Rig|High Horsepower|p2a: Dragonite
|-damage|p2a: Dragonite|0 fnt
|faint|p2a: Dragonite
|move|p2b: Ursaluna|Earth Power|p1a: Oil Rig
|-supereffective|p1a: Oil Rig
|-enditem|p1a: Oil Rig|Focus Sash
|-damage|p1a: Oil Rig|1/100
|
|-weather|Sandstorm|[upkeep]
|upkeep
|
|t:|1757723876
|switch|p2a: Ninetales|Ninetales-Alola, L50, M|100/100
|-weather|Snowscape|[from] ability: Snow Warning|[of] p2a: Ninetales
|turn|3
|
|t:|1757723886
|switch|p1b: Nightmare|Hydreigon, L50, F, tera:Fire|100/100
|move|p1a: Oil Rig|Protect|p1a: Oil Rig
|-singleturn|p1a: Oil Rig|Protect
|move|p2a: Ninetales|Blizzard|p1a: Oil Rig|[spread] p1b
|-activate|p1a: Oil Rig|move: Protect
|-resisted|p1b: Nightmare
|-damage|p1b: Nightmare|81/100
|move|p2b: Ursaluna|Earth Power|p1b: Nightmare
|-immune|p1b: Nightmare|[from] ability: Levitate
|
|-weather|Snowscape|[upkeep]
|upkeep
|turn|4
|
|t:|1757723907
|switch|p1a: Dust Devil|Tyranitar, L50, F, shiny|81/100
|-weather|Sandstorm|[from] ability: Sand Stream|[of] p1a: Dust Devil
|move|p2a: Ninetales|Aurora Veil||[still]
|-fail|p2a: Ninetales
|move|p2b: Ursaluna|Hyper Voice|p1a: Dust Devil|[spread] p1a,p1b
|-resisted|p1a: Dust Devil
|-crit|p1b: Nightmare
|-damage|p1a: Dust Devil|73/100
|-damage|p1b: Nightmare|18/100
|move|p1b: Nightmare|Heat Wave|p2a: Ninetales|[spread] p2a,p2b
|-supereffective|p2a: Ninetales
|-crit|p2a: Ninetales
|-enditem|p2a: Ninetales|Focus Sash
|-damage|p2a: Ninetales|1/100
|-damage|p2b: Ursaluna|20/100
|
|-weather|Sandstorm|[upkeep]
|-damage|p2a: Ninetales|0 fnt|[from] Sandstorm
|-damage|p1b: Nightmare|12/100|[from] Sandstorm
|faint|p2a: Ninetales
|-sideend|p2: AzureTheTimeblind|move: Tailwind
|upkeep
|
|t:|1757723924
|switch|p2a: Gholdengo|Gholdengo, L50|100/100
|turn|5
|
|t:|1757723946
|move|p1b: Nightmare|Heat Wave|p2a: Gholdengo|[spread] p2a,p2b
|-supereffective|p2a: Gholdengo
|-damage|p2a: Gholdengo|0 fnt
|-damage|p2b: Ursaluna|0 fnt
|faint|p2a: Gholdengo
|faint|p2b: Ursaluna
|
|win|P!nkbearz07
|raw|P!nkbearz07's rating: 1055 → 1089(+34 for winning)
|raw|AzureTheTimeblind's rating: 1075 → 1053(-22 for losing)
