|j|☆idolhunter28273
|j|☆LozTakesABreak
|html|idolhunter28273LozTakesABreak    
|uhtml|bestof|Game 2 of a best-of-3
|t:|1782265810
|gametype|doubles
|player|p1|idolhunter28273|1|1000
|player|p2|LozTakesABreak|lorelei-gen3|1000
|gen|9
|tier|[Gen 9 Champions] VGC 2026 Reg M-B (Bo3)
|rated|
|rule|Species Clause: Limit one of each Pokémon
|rule|Item Clause: Limit 1 of each item
|clearpoke
|poke|p1|Staraptor, L50, M|
|poke|p1|Floette-Eternal, L50, F|
|poke|p1|Kingambit, L50, M|
|poke|p1|Sinistcha-Masterpiece, L50|
|poke|p1|Incineroar, L50, M|
|poke|p1|Gholdengo, L50|
|poke|p2|Pyroar, L50, M|
|poke|p2|Torkoal, L50, M|
|poke|p2|Whimsicott, L50, F|
|poke|p2|Mawile, L50, F|
|poke|p2|Basculegion, L50, M|
|poke|p2|Farigiraf, L50, M|
|teampreview|4
|showteam|p1|Staraptor||Staraptite|Intimidate|CloseCombat,BraveBird,Roost,Protect|Adamant||M|||50|]Floette-Eternal||Floettite|FlowerVeil|Moonblast,DazzlingGleam,CalmMind,Protect|Modest||F|||50|]Kingambit||BlackGlasses|Defiant|SuckerPunch,KowtowCleave,IronHead,Protect|Adamant||M|||50|]Sinistcha-Masterpiece||SitrusBerry|Hospitality|MatchaGotcha,RagePowder,LifeDew,TrickRoom|Relaxed|||||50|]Incineroar||ChopleBerry|Intimidate|FakeOut,FlareBlitz,ThroatChop,PartingShot|Adamant||M|||50|]Gholdengo||LifeOrb|GoodasGold|MakeItRain,ShadowBall,NastyPlot,Protect|Timid|||||50|
|showteam|p2|Pyroar||Pyroarite|Unnerve|HeatWave,Overheat,SolarBeam,Protect|Timid||M|||50|]Torkoal||Charcoal|Drought|HeatWave,WeatherBall,HelpingHand,Protect|Modest||M|||50|]Whimsicott||FocusSash|Prankster|Moonblast,Tailwind,SunnyDay,Protect|Timid||F|||50|]Mawile||Mawilite|HyperCutter|SuckerPunch,RockSlide,PlayRough,Protect|Adamant||F|||50|]Basculegion||LifeOrb|Adaptability|WaveCrash,LastRespects,AquaJet,Protect|Adamant||M|||50|]Farigiraf||SitrusBerry|ArmorTail|Psychic,Protect,TrickRoom,HelpingHand|Bold||M|||50|
|inactive|Battle timer is ON: inactive players will automatically lose when time's up. (requested by idolhunter28273)
|inactive|LozTakesABreak has 60 seconds left.
|
|t:|1782265872
|teamsize|p1|4
|teamsize|p2|4
|start
|switch|p1a: Incineroar|Incineroar, L50, M|100/100
|switch|p1b: Sinistcha|Sinistcha-Masterpiece, L50|100/100
|switch|p2a: Whimsicott|Whimsicott, L50, F|100/100
|switch|p2b: Pyroar|Pyroar, L50, M|100/100
|-ability|p2b: Pyroar|Unnerve
|-ability|p1a: Incineroar|Intimidate|boost
|-unboost|p2a: Whimsicott|atk|1
|-unboost|p2b: Pyroar|atk|1
|turn|1
|
|t:|1782265890
|switch|p1a: Staraptor|Staraptor, L50, M|100/100
|-ability|p1a: Staraptor|Intimidate|boost
|-unboost|p2a: Whimsicott|atk|1
|-unboost|p2b: Pyroar|atk|1
|detailschange|p2b: Pyroar|Pyroar-Mega, L50, M
|-mega|p2b: Pyroar|Pyroar|Pyroarite
|move|p2a: Whimsicott|Tailwind|p2a: Whimsicott
|-sidestart|p2: LozTakesABreak|move: Tailwind
|move|p2b: Pyroar|Overheat|p1b: Sinistcha
|-supereffective|p1b: Sinistcha|1
|-damage|p1b: Sinistcha|0 fnt
|-unboost|p2b: Pyroar|spa|2
|faint|p1b: Sinistcha
|
|upkeep
|
|t:|1782265901
|switch|p1b: Incineroar|Incineroar, L50, M|100/100
|-ability|p1b: Incineroar|Intimidate|boost
|-unboost|p2a: Whimsicott|atk|1
|-unboost|p2b: Pyroar|atk|1
|turn|2
|
|t:|1782265916
|detailschange|p1a: Staraptor|Staraptor-Mega, L50, M
|-mega|p1a: Staraptor|Staraptor|Staraptite
|move|p2b: Pyroar|Overheat|p1a: Staraptor
|-damage|p1a: Staraptor|48/100
|-unboost|p2b: Pyroar|spa|2
|move|p2a: Whimsicott|Moonblast|p1a: Staraptor
|-supereffective|p1a: Staraptor|1
|-damage|p1a: Staraptor|0 fnt
|faint|p1a: Staraptor
|move|p1b: Incineroar|Throat Chop|p2b: Pyroar
|-damage|p2b: Pyroar|60/100
|-start|p2b: Pyroar|Throat Chop|[silent]
|
|upkeep
|
|t:|1782265935
|switch|p1a: Kingambit|Kingambit, L50, M|100/100
|turn|3
|
|t:|1782265949
|switch|p2a: Torkoal|Torkoal, L50, M|100/100
|-weather|SunnyDay|[from] ability: Drought|[of] p2a: Torkoal
|move|p2b: Pyroar|Overheat|p1a: Kingambit
|-supereffective|p1a: Kingambit|1
|-damage|p1a: Kingambit|15/100
|-unboost|p2b: Pyroar|spa|2
|move|p1b: Incineroar|Flare Blitz|p2a: Torkoal
|-resisted|p2a: Torkoal|1
|-damage|p2a: Torkoal|67/100
|-damage|p1b: Incineroar|90/100|[from] Recoil
|move|p1a: Kingambit|Kowtow Cleave|p2b: Pyroar
|-damage|p2b: Pyroar|0 fnt
|faint|p2b: Pyroar
|
|-weather|SunnyDay|[upkeep]
|upkeep
|
|t:|1782265965
|switch|p2b: Basculegion|Basculegion, L50, M|100/100
|turn|4
|
|t:|1782265983
|move|p2a: Torkoal|Protect|p2a: Torkoal
|-singleturn|p2a: Torkoal|Protect
|move|p1a: Kingambit|Protect|p1a: Kingambit
|-singleturn|p1a: Kingambit|Protect
|move|p2b: Basculegion|Aqua Jet|p1a: Kingambit
|-activate|p1a: Kingambit|move: Protect
|move|p1b: Incineroar|Throat Chop|p2b: Basculegion
|-supereffective|p2b: Basculegion|1
|-damage|p2b: Basculegion|13/100
|-start|p2b: Basculegion|Throat Chop|[silent]
|
|-weather|SunnyDay|[upkeep]
|-sideend|p2: LozTakesABreak|move: Tailwind
|upkeep
|turn|5
|
|t:|1782265996
|move|p1a: Kingambit|Protect||[still]
|-fail|p1a: Kingambit
|move|p2b: Basculegion|Wave Crash|p1b: Incineroar
|-supereffective|p1b: Incineroar|1
|-damage|p1b: Incineroar|0 fnt
|faint|p1b: Incineroar
|-damage|p2b: Basculegion|0 fnt|[from] Recoil
|faint|p2b: Basculegion
|move|p2a: Torkoal|Heat Wave|p1a: Kingambit
|-supereffective|p1a: Kingambit|1
|-damage|p1a: Kingambit|0 fnt
|faint|p1a: Kingambit
|
|win|LozTakesABreak
|raw|idolhunter28273's rating: 1000 → 1000(+0 for losing)
|raw|LozTakesABreak's rating: 1000 → 1040(+40 for winning)
