|j|☆raksbach
|j|☆i miss my miraidon
|html|raksbachi miss my miraidon    
|uhtml|bestof|Game 2 of a best-of-3
|t:|1784194168
|gametype|doubles
|player|p1|raksbach|266|1327
|player|p2|i miss my miraidon|170|1340
|gen|9
|tier|[Gen 9 Champions] VGC 2026 Reg M-B (Bo3)
|rated|
|rule|Species Clause: Limit one of each Pokémon
|rule|Item Clause: Limit 1 of each item
|clearpoke
|poke|p1|Incineroar, L50, F|
|poke|p1|Maushold, L50|
|poke|p1|Sinistcha, L50|
|poke|p1|Sneasler, L50, M|
|poke|p1|Blastoise, L50, M|
|poke|p1|Delphox, L50, M|
|poke|p2|Venusaur, L50, M|
|poke|p2|Arcanine-Hisui, L50, F|
|poke|p2|Dragonite, L50, F|
|poke|p2|Floette-Eternal, L50, F|
|poke|p2|Snorlax, L50, M|
|poke|p2|Basculegion, L50, M|
|teampreview|4
|showteam|p1|Incineroar||SitrusBerry|Intimidate|FakeOut,FlareBlitz,DarkestLariat,PartingShot|Impish||F|||50|]Maushold||ChopleBerry|FriendGuard|SuperFang,FollowMe,Protect,Feint|Impish|||||50|]Sinistcha||OccaBerry|Hospitality|MatchaGotcha,LifeDew,RagePowder,Protect|Bold|||||50|]Sneasler||FocusSash|PoisonTouch|FakeOut,CloseCombat,DireClaw,QuickGuard|Jolly||M|||50|]Blastoise||Blastoisinite|Torrent|WaterSpout,DarkPulse,ShellSmash,Protect|Modest||M|||50|]Delphox||Delphoxite|Blaze|HeatWave,Psychic,NastyPlot,Protect|Timid||M|||50|
|showteam|p2|Venusaur||Venusaurite|Overgrow|GigaDrain,SludgeBomb,EarthPower,Protect|Modest||M|||50|]Arcanine-Hisui||FocusSash|RockHead|FlareBlitz,ExtremeSpeed,HeadSmash,Protect|Adamant||F|||50|]Dragonite||LifeOrb|InnerFocus|DragonClaw,LowKick,ExtremeSpeed,Protect|Adamant||F|||50|]Floette-Eternal||Floettite|FlowerVeil|Moonblast,DazzlingGleam,LightofRuin,Protect|Timid||F|||50|]Snorlax||SitrusBerry|ThickFat|DoubleEdge,Yawn,Fissure,Protect|Impish||M|||50|]Basculegion||ChoiceScarf|Adaptability|LastRespects,WaveCrash,AquaJet,FlipTurn|Jolly||M|||50|
|inactive|Battle timer is ON: inactive players will automatically lose when time's up. (requested by raksbach)
|inactive|raksbach has 60 seconds left.
|
|t:|1784194214
|teamsize|p1|4
|teamsize|p2|4
|start
|switch|p1a: Incineroar|Incineroar, L50, F|100/100
|switch|p1b: Delphox|Delphox, L50, M|100/100
|switch|p2a: Dragonite|Dragonite, L50, F|100/100
|switch|p2b: Arcanine|Arcanine-Hisui, L50, F|100/100
|-ability|p1a: Incineroar|Intimidate|boost
|-fail|p2a: Dragonite|unboost|Attack|[from] ability: Inner Focus|[of] p2a: Dragonite
|-unboost|p2b: Arcanine|atk|1
|turn|1
|
|t:|1784194236
|detailschange|p1b: Delphox|Delphox-Mega, L50, M
|-mega|p1b: Delphox|Delphox|Delphoxite
|move|p1b: Delphox|Nasty Plot|p1b: Delphox
|-boost|p1b: Delphox|spa|2
|move|p2b: Arcanine|Head Smash|p1a: Incineroar
|-supereffective|p1a: Incineroar|1
|-damage|p1a: Incineroar|24/100
|-enditem|p1a: Incineroar|Sitrus Berry|[eat]
|-heal|p1a: Incineroar|49/100|[from] item: Sitrus Berry
|move|p2a: Dragonite|Dragon Claw|p1b: Delphox
|-damage|p1b: Delphox|28/100
|-damage|p2a: Dragonite|90/100|[from] item: Life Orb
|move|p1a: Incineroar|Parting Shot|p2a: Dragonite
|-unboost|p2a: Dragonite|atk|1
|-unboost|p2a: Dragonite|spa|1
|
|t:|1784194259
|switch|p1a: Sinistcha|Sinistcha, L50|100/100|[from] Parting Shot
|-heal|p1b: Delphox|53/100|[from] ability: Hospitality|[of] p1a: Sinistcha
|
|upkeep
|turn|2
|
|t:|1784194270
|move|p1b: Delphox|Protect|p1b: Delphox
|-singleturn|p1b: Delphox|Protect
|move|p2b: Arcanine|Extreme Speed|p1b: Delphox
|-activate|p1b: Delphox|move: Protect
|move|p2a: Dragonite|Extreme Speed|p1b: Delphox
|-activate|p1b: Delphox|move: Protect
|move|p1a: Sinistcha|Matcha Gotcha|p2b: Arcanine|[spread] p2a,p2b
|-resisted|p2a: Dragonite|2
|-damage|p2a: Dragonite|84/100
|-damage|p2b: Arcanine|68/100
|
|upkeep
|turn|3
|inactive|raksbach has 30 seconds left.
|inactive|raksbach has 20 seconds left.
|inactive|raksbach has 15 seconds left.
|
|t:|1784194315
|switch|p1b: Incineroar|Incineroar, L50, F|49/100
|-ability|p1b: Incineroar|Intimidate|boost
|-fail|p2a: Dragonite|unboost|Attack|[from] ability: Inner Focus|[of] p2a: Dragonite
|-unboost|p2b: Arcanine|atk|1
|move|p2b: Arcanine|Extreme Speed|p1b: Incineroar
|-damage|p1b: Incineroar|38/100
|move|p2a: Dragonite|Extreme Speed|p1b: Incineroar
|-damage|p1b: Incineroar|17/100
|-damage|p2a: Dragonite|75/100|[from] item: Life Orb
|move|p1a: Sinistcha|Matcha Gotcha|p2b: Arcanine|[spread] p2a,p2b
|-resisted|p2a: Dragonite|2
|-damage|p2a: Dragonite|69/100
|-damage|p2b: Arcanine|39/100
|
|upkeep
|turn|4
|inactive|raksbach has 30 seconds left.
|inactive|raksbach has 20 seconds left.
|inactive|raksbach has 15 seconds left.
|
|t:|1784194358
|switch|p2b: Snorlax|Snorlax, L50, M|100/100
|switch|p1b: Sneasler|Sneasler, L50, M|100/100
|move|p2a: Dragonite|Protect|p2a: Dragonite
|-singleturn|p2a: Dragonite|Protect
|move|p1a: Sinistcha|Matcha Gotcha|p2a: Dragonite|[spread] p2b
|-activate|p2a: Dragonite|move: Protect
|-damage|p2b: Snorlax|87/100
|
|upkeep
|turn|5
|inactive|raksbach has 30 seconds left.
|
|t:|1784194392
|move|p2a: Dragonite|Extreme Speed|p1b: Sneasler
|-damage|p1b: Sneasler|52/100
|-damage|p2a: Dragonite|59/100|[from] item: Life Orb
|move|p1b: Sneasler|Dire Claw|p2a: Dragonite
|-damage|p2a: Dragonite|11/100
|-status|p2a: Dragonite|psn
|move|p1a: Sinistcha|Matcha Gotcha|p2b: Snorlax|[spread] p2a,p2b
|-resisted|p2a: Dragonite|2
|-damage|p2a: Dragonite|5/100 psn
|-damage|p2b: Snorlax|73/100
|move|p2b: Snorlax|Yawn|p1b: Sneasler
|-start|p1b: Sneasler|move: Yawn|[of] p2b: Snorlax
|
|-damage|p2a: Dragonite|0 fnt|[from] psn
|faint|p2a: Dragonite
|upkeep
|
|t:|1784194398
|switch|p2a: Basculegion|Basculegion, L50, M|100/100
|turn|6
|
|t:|1784194416
|switch|p1b: Incineroar|Incineroar, L50, F|17/100
|-ability|p1b: Incineroar|Intimidate|boost
|-unboost|p2a: Basculegion|atk|1
|-unboost|p2b: Snorlax|atk|1
|move|p2a: Basculegion|Last Respects|p1a: Sinistcha
|-supereffective|p1a: Sinistcha|1
|-damage|p1a: Sinistcha|28/100
|move|p1a: Sinistcha|Matcha Gotcha|p2a: Basculegion|[spread] p2a,p2b
|-supereffective|p2a: Basculegion|1
|-damage|p2a: Basculegion|41/100
|-heal|p1a: Sinistcha|60/100|[from] drain|[of] p2a: Basculegion
|-damage|p2b: Snorlax|60/100
|-heal|p1a: Sinistcha|70/100|[from] drain|[of] p2b: Snorlax
|-status|p2a: Basculegion|brn
|move|p2b: Snorlax|Double-Edge|p1b: Incineroar
|-damage|p1b: Incineroar|0 fnt
|faint|p1b: Incineroar
|-damage|p2b: Snorlax|56/100|[from] Recoil
|
|-damage|p2a: Basculegion|35/100 brn|[from] brn
|upkeep
|inactive|raksbach has 30 seconds left.
|
|t:|1784194445
|switch|p1b: Sneasler|Sneasler, L50, M|52/100
|turn|7
|
|t:|1784194456
|move|p2b: Snorlax|Protect|p2b: Snorlax
|-singleturn|p2b: Snorlax|Protect
|move|p2a: Basculegion|Last Respects|p1b: Sneasler
|-damage|p1b: Sneasler|16/100
|move|p1b: Sneasler|Close Combat|p2b: Snorlax
|-activate|p2b: Snorlax|move: Protect
|move|p1a: Sinistcha|Matcha Gotcha|p2b: Snorlax|[spread] p2a
|-activate|p2b: Snorlax|move: Protect
|-supereffective|p2a: Basculegion|1
|-crit|p2a: Basculegion
|-damage|p2a: Basculegion|0 fnt
|-heal|p1a: Sinistcha|89/100|[from] drain|[of] p2a: Basculegion
|faint|p2a: Basculegion
|
|upkeep
|
|t:|1784194461
|switch|p2a: Arcanine|Arcanine-Hisui, L50, F|39/100
|turn|8
|inactive|raksbach has 30 seconds left.
|j| OllyBPerish
|
|t:|1784194489
|move|p2a: Arcanine|Extreme Speed|p1b: Sneasler
|-crit|p1b: Sneasler
|-damage|p1b: Sneasler|0 fnt
|faint|p1b: Sneasler
|move|p1a: Sinistcha|Matcha Gotcha|p2a: Arcanine|[spread] p2a
|-miss|p1a: Sinistcha|p2b: Snorlax
|-damage|p2a: Arcanine|8/100
|-heal|p1a: Sinistcha|100/100|[from] drain|[of] p2a: Arcanine
|move|p2b: Snorlax|Yawn|p1a: Sinistcha
|-start|p1a: Sinistcha|move: Yawn|[of] p2b: Snorlax
|
|upkeep
|
|t:|1784194500
|switch|p1b: Delphox|Delphox-Mega, L50, M|53/100
|turn|9
|
|t:|1784194521
|move|p2a: Arcanine|Protect|p2a: Arcanine
|-singleturn|p2a: Arcanine|Protect
|move|p1b: Delphox|Psychic|p2a: Arcanine
|-activate|p2a: Arcanine|move: Protect
|move|p1a: Sinistcha|Life Dew||[still]|[spread] p1a,p1b
|-fail|p1a: Sinistcha|heal
|-heal|p1b: Delphox|78/100
|move|p2b: Snorlax|Double-Edge|p1b: Delphox
|-damage|p1b: Delphox|44/100
|-damage|p2b: Snorlax|49/100|[from] Recoil
|-enditem|p2b: Snorlax|Sitrus Berry|[eat]
|-heal|p2b: Snorlax|74/100|[from] item: Sitrus Berry
|
|-end|p1a: Sinistcha|move: Yawn|[silent]
|-status|p1a: Sinistcha|slp
|upkeep
|turn|10
|
|t:|1784194540
|move|p1b: Delphox|Protect|p1b: Delphox
|-singleturn|p1b: Delphox|Protect
|move|p2a: Arcanine|Extreme Speed|p1b: Delphox
|-activate|p1b: Delphox|move: Protect
|cant|p1a: Sinistcha|slp
|move|p2b: Snorlax|Double-Edge|p1b: Delphox
|-activate|p1b: Delphox|move: Protect
|
|upkeep
|turn|11
|
|t:|1784194557
|move|p2a: Arcanine|Extreme Speed|p1b: Delphox
|-damage|p1b: Delphox|10/100
|cant|p1a: Sinistcha|slp
|move|p1b: Delphox|Heat Wave|p2a: Arcanine|[spread] p2a,p2b
|-resisted|p2a: Arcanine|2
|-damage|p2a: Arcanine|0 fnt
|-damage|p2b: Snorlax|63/100
|faint|p2a: Arcanine
|move|p2b: Snorlax|Double-Edge|p1b: Delphox
|-damage|p1b: Delphox|0 fnt
|faint|p1b: Delphox
|-damage|p2b: Snorlax|61/100|[from] Recoil
|
|upkeep
|turn|12
|
|t:|1784194572
|-curestatus|p1a: Sinistcha|slp|[msg]
|move|p1a: Sinistcha|Matcha Gotcha|p2b: Snorlax
|-damage|p2b: Snorlax|43/100
|move|p2b: Snorlax|Fissure|p1a: Sinistcha|[miss]
|-miss|p2b: Snorlax|p1a: Sinistcha
|
|upkeep
|turn|13
|
|t:|1784194580
|move|p1a: Sinistcha|Matcha Gotcha|p2b: Snorlax
|-damage|p2b: Snorlax|25/100
|-status|p2b: Snorlax|brn
|move|p2b: Snorlax|Yawn|p1a: Sinistcha
|-start|p1a: Sinistcha|move: Yawn|[of] p2b: Snorlax
|
|-damage|p2b: Snorlax|19/100 brn|[from] brn
|upkeep
|turn|14
|
|t:|1784194592
|move|p2b: Snorlax|Protect|p2b: Snorlax
|-singleturn|p2b: Snorlax|Protect
|move|p1a: Sinistcha|Matcha Gotcha|p2b: Snorlax
|-activate|p2b: Snorlax|move: Protect
|
|-damage|p2b: Snorlax|13/100 brn|[from] brn
|-end|p1a: Sinistcha|move: Yawn|[silent]
|-status|p1a: Sinistcha|slp
|upkeep
|turn|15
|inactive|raksbach has 30 seconds left.
|
|t:|1784194617
|cant|p1a: Sinistcha|slp
|move|p2b: Snorlax|Fissure|p1a: Sinistcha
|-damage|p1a: Sinistcha|0 fnt
|faint|p1a: Sinistcha
|-ohko
|
|win|i miss my miraidon
|raw|raksbach's rating: 1327 → 1308(-19 for losing)
|raw|i miss my miraidon's rating: 1340 → 1359(+19 for winning)
