|j|☆LanternComic
|j|☆SunshineTufo
|html|LanternComicSunshineTufo    
|uhtml|bestof|Game 3 of a best-of-3
|t:|1785439960
|gametype|doubles
|player|p1|LanternComic|silver-masters|1349
|player|p2|SunshineTufo|li|1294
|gen|9
|tier|[Gen 9 Champions] VGC 2026 Reg M-B (Bo3)
|rated|
|rule|Species Clause: Limit one of each Pokémon
|rule|Item Clause: Limit 1 of each item
|clearpoke
|poke|p1|Staraptor, L50, M, shiny|
|poke|p1|Delphox, L50, M|
|poke|p1|Whimsicott, L50, M|
|poke|p1|Rotom-Wash, L50|
|poke|p1|Kingambit, L50, F, shiny|
|poke|p1|Sneasler, L50, M, shiny|
|poke|p2|Charizard, L50, M, shiny|
|poke|p2|Incineroar, L50, M, shiny|
|poke|p2|Sylveon, L50, M, shiny|
|poke|p2|Aerodactyl, L50, M, shiny|
|poke|p2|Garchomp, L50, M, shiny|
|poke|p2|Farigiraf, L50, M, shiny|
|teampreview|4
|showteam|p1|Staraptor||Staraptite|Intimidate|BraveBird,CloseCombat,Roost,Protect|Adamant||M|||50|]Delphox||Delphoxite|Blaze|HeatWave,Psychic,Encore,Protect|Timid||M|||50|]Whimsicott||FocusSash|Prankster|Moonblast,Charm,Tailwind,FakeTears|Timid||M|||50|]Rotom-Wash||SitrusBerry|Levitate|Thunderbolt,HydroPump,WillOWisp,Protect|Modest|||||50|]Kingambit||BlackGlasses|Defiant|KowtowCleave,SuckerPunch,IronHead,Protect|Adamant||F|||50|]Sneasler||WhiteHerb|Unburden|CloseCombat,DireClaw,FakeOut,Protect|Jolly||M|||50|
|showteam|p2|Charizard||CharizarditeY|SolarPower|HeatWave,WeatherBall,SolarBeam,Protect|Modest||M|||50|]Incineroar||Charcoal|Intimidate|FlareBlitz,DarkestLariat,FakeOut,PartingShot|Brave||M|||50|]Sylveon||FairyFeather|Pixilate|HyperVoice,QuickAttack,HyperBeam,Detect|Modest||M|||50|]Aerodactyl||Aerodactylite|Unnerve|WideGuard,RockSlide,DualWingbeat,Tailwind|Jolly||M|||50|]Garchomp||LifeOrb|RoughSkin|Protect,StompingTantrum,DragonClaw,Earthquake|Adamant||M|||50|]Farigiraf||SitrusBerry|ArmorTail|SunnyDay,PsychicFangs,Thunderbolt,TrickRoom|Relaxed||M|||50|
|inactive|Battle timer is ON: inactive players will automatically lose when time's up. (requested by SunshineTufo)
|inactive|LanternComic has 60 seconds left.
|inactive|SunshineTufo has 60 seconds left.
|
|t:|1785440001
|teamsize|p1|4
|teamsize|p2|4
|start
|switch|p1a: Millie|Delphox, L50, M|100/100
|switch|p1b: Tatsu|Kingambit, L50, F, shiny|100/100
|switch|p2a: Charizard|Charizard, L50, M, shiny|100/100
|switch|p2b: Farigiraf|Farigiraf, L50, M, shiny|100/100
|turn|1
|
|t:|1785440017
|detailschange|p1a: Millie|Delphox-Mega, L50, M
|-mega|p1a: Millie|Delphox|Delphoxite
|detailschange|p2a: Charizard|Charizard-Mega-Y, L50, M, shiny
|-mega|p2a: Charizard|Charizard|Charizardite Y
|-weather|SunnyDay|[from] ability: Drought|[of] p2a: Charizard
|move|p1b: Tatsu|Protect|p1b: Tatsu
|-singleturn|p1b: Tatsu|Protect
|move|p1a: Millie|Psychic|p2a: Charizard
|-damage|p2a: Charizard|52/100
|move|p2a: Charizard|Heat Wave|p1b: Tatsu|[spread] p1a
|-activate|p1b: Tatsu|move: Protect
|-resisted|p1a: Millie|1
|-damage|p1a: Millie|72/100
|move|p2b: Farigiraf|Thunderbolt|p1a: Millie
|-damage|p1a: Millie|52/100
|
|-weather|SunnyDay|[upkeep]
|upkeep
|turn|2
|
|t:|1785440035
|switch|p1b: Spin Cycle|Rotom-Wash, L50|100/100
|switch|p2b: Incineroar|Incineroar, L50, M, shiny|100/100
|-ability|p2b: Incineroar|Intimidate|boost
|-unboost|p1a: Millie|atk|1
|-unboost|p1b: Spin Cycle|atk|1
|move|p1a: Millie|Psychic|p2a: Charizard
|-damage|p2a: Charizard|8/100
|move|p2a: Charizard|Heat Wave|p1a: Millie|[spread] p1a,p1b
|-resisted|p1a: Millie|1
|-crit|p1a: Millie
|-resisted|p1b: Spin Cycle|1
|-damage|p1a: Millie|8/100
|-damage|p1b: Spin Cycle|63/100
|
|-weather|SunnyDay|[upkeep]
|upkeep
|turn|3
|
|t:|1785440052
|switch|p2a: Farigiraf|Farigiraf, L50, M, shiny|100/100
|move|p1a: Millie|Protect|p1a: Millie
|-singleturn|p1a: Millie|Protect
|move|p1b: Spin Cycle|Protect|p1b: Spin Cycle
|-singleturn|p1b: Spin Cycle|Protect
|move|p2b: Incineroar|Darkest Lariat|p1a: Millie
|-activate|p1a: Millie|move: Protect
|
|-weather|SunnyDay|[upkeep]
|upkeep
|turn|4
|
|t:|1785440065
|move|p1a: Millie|Heat Wave|p2b: Incineroar|[spread] p2a,p2b
|-resisted|p2b: Incineroar|1
|-damage|p2a: Farigiraf|42/100
|-damage|p2b: Incineroar|75/100
|-enditem|p2a: Farigiraf|Sitrus Berry|[eat]
|-heal|p2a: Farigiraf|67/100|[from] item: Sitrus Berry
|move|p1b: Spin Cycle|Hydro Pump|p2b: Incineroar|[miss]
|-miss|p1b: Spin Cycle|p2b: Incineroar
|move|p2b: Incineroar|Flare Blitz|p1b: Spin Cycle
|-resisted|p1b: Spin Cycle|1
|-damage|p1b: Spin Cycle|6/100
|-status|p1b: Spin Cycle|brn
|-enditem|p1b: Spin Cycle|Sitrus Berry|[eat]
|-heal|p1b: Spin Cycle|31/100 brn|[from] item: Sitrus Berry
|-damage|p2b: Incineroar|61/100|[from] Recoil
|move|p2a: Farigiraf|Trick Room|p2a: Farigiraf
|-fieldstart|move: Trick Room|[of] p2a: Farigiraf
|
|-weather|SunnyDay|[upkeep]
|-damage|p1b: Spin Cycle|25/100 brn|[from] brn
|upkeep
|turn|5
|
|t:|1785440083
|move|p2a: Farigiraf|Thunderbolt|p1a: Millie
|-damage|p1a: Millie|0 fnt
|faint|p1a: Millie
|move|p2b: Incineroar|Flare Blitz|p1b: Spin Cycle
|-resisted|p1b: Spin Cycle|1
|-damage|p1b: Spin Cycle|0 fnt
|faint|p1b: Spin Cycle
|-damage|p2b: Incineroar|54/100|[from] Recoil
|
|-weather|none
|upkeep
|
|t:|1785440088
|switch|p1b: Frank|Whimsicott, L50, M|100/100
|switch|p1a: Tatsu|Kingambit, L50, F, shiny|100/100
|turn|6
|
|t:|1785440097
|move|p1a: Tatsu|Protect|p1a: Tatsu
|-singleturn|p1a: Tatsu|Protect
|move|p2a: Farigiraf|Sunny Day|p2a: Farigiraf
|-weather|SunnyDay
|move|p2b: Incineroar|Flare Blitz|p1a: Tatsu
|-activate|p1a: Tatsu|move: Protect
|move|p1b: Frank|Moonblast|p2a: Farigiraf
|-damage|p2a: Farigiraf|36/100
|-unboost|p2a: Farigiraf|spa|1
|
|-weather|SunnyDay|[upkeep]
|upkeep
|turn|7
|
|t:|1785440112
|move|p1a: Tatsu|Protect|p1a: Tatsu
|-singleturn|p1a: Tatsu|Protect
|move|p2a: Farigiraf|Psychic Fangs|p1b: Frank
|-damage|p1b: Frank|57/100
|move|p2b: Incineroar|Flare Blitz|p1a: Tatsu
|-activate|p1a: Tatsu|move: Protect
|move|p1b: Frank|Moonblast|p2b: Incineroar
|-damage|p2b: Incineroar|23/100
|
|-weather|SunnyDay|[upkeep]
|upkeep
|turn|8
|
|t:|1785440125
|move|p2a: Farigiraf|Psychic Fangs|p1b: Frank
|-damage|p1b: Frank|19/100
|move|p2b: Incineroar|Flare Blitz|p1a: Tatsu
|-supereffective|p1a: Tatsu|1
|-damage|p1a: Tatsu|0 fnt
|faint|p1a: Tatsu
|-damage|p2b: Incineroar|0 fnt|[from] Recoil
|faint|p2b: Incineroar
|move|p1b: Frank|Moonblast|p2a: Farigiraf
|-damage|p2a: Farigiraf|6/100
|
|-weather|SunnyDay|[upkeep]
|-fieldend|move: Trick Room
|upkeep
|
|t:|1785440128
|switch|p2b: Sylveon|Sylveon, L50, M, shiny|100/100
|turn|9
|
|t:|1785440135
|move|p2b: Sylveon|Quick Attack|p1b: Frank
|-damage|p1b: Frank|0 fnt
|faint|p1b: Frank
|
|win|SunshineTufo
|raw|LanternComic's rating: 1349 → 1326(-23 for losing)
|raw|SunshineTufo's rating: 1294 → 1323(+29 for winning)
