|j|☆washingtongargacha
|j|☆mr.pickup
|html|washingtongargachamr.pickup    
|uhtml|bestof|Game 2 of a best-of-3
|t:|1757189514
|gametype|doubles
|player|p1|washingtongargacha|169|1164
|player|p2|mr.pickup|pokemaniac|1258
|gen|9
|tier|[Gen 9] VGC 2025 Reg H (Bo3)
|rated|
|rule|Species Clause: Limit one of each Pokémon
|rule|Item Clause: Limit 1 of each item
|clearpoke
|poke|p1|Talonflame, L50, M|
|poke|p1|Gholdengo, L50|
|poke|p1|Dragonite, L50, M|
|poke|p1|Archaludon, L50, F|
|poke|p1|Tyranitar, L50, M|
|poke|p1|Garchomp, L50, M|
|poke|p2|Gallade, L50, M|
|poke|p2|Indeedee-F, L50, F|
|poke|p2|Dragapult, L50, M|
|poke|p2|Whimsicott, L50, M|
|poke|p2|Ursaluna-Bloodmoon, L50, M|
|poke|p2|Typhlosion, L50, F|
|teampreview|4
|showteam|p1|Talonflame||CovertCloak|GaleWings|Tailwind,DualWingbeat,Taunt,FlareBlitz|||M|||50|,,,,,Ghost]Gholdengo||ChoiceSpecs|GoodasGold|MakeItRain,SteelBeam,ShadowBall,PowerGem||||||50|,,,,,Flying]Dragonite||LoadedDice|Multiscale|ScaleShot,IceSpinner,Haze,Protect|||M|||50|,,,,,Steel]Archaludon||PowerHerb|Sturdy|FlashCannon,ElectroShot,DracoMeteor,Protect|||F|||50|,,,,,Flying]Tyranitar||AssaultVest|SandStream|KnockOff,RockSlide,TeraBlast,LowKick|||M|||50|,,,,,Flying]Garchomp||LifeOrb|RoughSkin|DragonClaw,StompingTantrum,Earthquake,Protect|||M|||50|,,,,,Steel
|showteam|p2|Gallade||ClearAmulet|Sharpness|TrickRoom,PsychoCut,SacredSword,WideGuard|||M|||50|,,,,,Fighting]Indeedee-F||RockyHelmet|PsychicSurge|FollowMe,TrickRoom,Protect,Psychic|||F|||50|,,,,,Fairy]Dragapult||ChoiceBand|ClearBody|DragonDarts,Outrage,Uturn,PhantomForce|||M|||50|,,,,,Dragon]Whimsicott||CovertCloak|Prankster|SunnyDay,Moonblast,Encore,Tailwind|||M|||50|,,,,,Water]Ursaluna-Bloodmoon||ThroatSpray|MindsEye|HyperVoice,BloodMoon,EarthPower,Protect|||M|||50|,,,,,Normal]Typhlosion||ChoiceSpecs|FlashFire|Eruption,HeatWave,ShadowBall,ScorchingSands|||F|||50|,,,,,Fire
|inactive|Battle timer is ON: inactive players will automatically lose when time's up. (requested by mr.pickup)
|inactive|washingtongargacha has 60 seconds left.
|
|t:|1757189549
|teamsize|p1|4
|teamsize|p2|4
|start
|switch|p1a: Talonflame|Talonflame, L50, M|100/100
|switch|p1b: Gholdengo|Gholdengo, L50|100/100
|switch|p2a: Whimsicott|Whimsicott, L50, M|100/100
|switch|p2b: Datthew|Dragapult, L50, M|100/100
|turn|1
|
|t:|1757189562
|move|p1a: Talonflame|Tailwind|p1a: Talonflame
|-sidestart|p1: washingtongargacha|move: Tailwind
|move|p2a: Whimsicott|Tailwind|p2a: Whimsicott
|-sidestart|p2: mr.pickup|move: Tailwind
|move|p2b: Datthew|Phantom Force||[still]
|-prepare|p2b: Datthew|Phantom Force
|move|p1b: Gholdengo|Make It Rain|p2a: Whimsicott|[spread] p2a
|-miss|p1b: Gholdengo|p2b: Datthew
|-supereffective|p2a: Whimsicott
|-damage|p2a: Whimsicott|0 fnt
|-unboost|p1b: Gholdengo|spa|1
|faint|p2a: Whimsicott
|
|upkeep
|
|t:|1757189574
|switch|p2a: Typhlosion|Typhlosion, L50, F|100/100
|turn|2
|
|t:|1757189587
|switch|p1b: Tyranitar|Tyranitar, L50, M|100/100
|-weather|Sandstorm|[from] ability: Sand Stream|[of] p1b: Tyranitar
|move|p1a: Talonflame|Dual Wingbeat|p2a: Typhlosion
|-damage|p2a: Typhlosion|82/100
|-damage|p2a: Typhlosion|66/100
|-hitcount|p2a: Typhlosion|2
|move|p2b: Datthew|Phantom Force|p1b: Tyranitar|[from] lockedmove
|-resisted|p1b: Tyranitar
|-damage|p1b: Tyranitar|72/100
|move|p2a: Typhlosion|Heat Wave|p1b: Tyranitar|[spread] p1a,p1b
|-resisted|p1a: Talonflame
|-resisted|p1b: Tyranitar
|-damage|p1a: Talonflame|67/100
|-damage|p1b: Tyranitar|62/100
|
|-weather|Sandstorm|[upkeep]
|-damage|p2b: Datthew|94/100|[from] Sandstorm
|-damage|p1a: Talonflame|61/100|[from] Sandstorm
|-damage|p2a: Typhlosion|60/100|[from] Sandstorm
|upkeep
|turn|3
|inactive|washingtongargacha has 30 seconds left.
|inactive|washingtongargacha has 20 seconds left.
|
|t:|1757189625
|move|p2b: Datthew|Phantom Force||[still]
|-prepare|p2b: Datthew|Phantom Force
|move|p1a: Talonflame|Dual Wingbeat|p2a: Typhlosion
|-damage|p2a: Typhlosion|44/100
|-damage|p2a: Typhlosion|27/100
|-hitcount|p2a: Typhlosion|2
|move|p2a: Typhlosion|Heat Wave|p1a: Talonflame|[spread] p1a,p1b
|-resisted|p1a: Talonflame
|-crit|p1a: Talonflame
|-resisted|p1b: Tyranitar
|-damage|p1a: Talonflame|12/100
|-damage|p1b: Tyranitar|53/100
|move|p1b: Tyranitar|Knock Off|p2b: Datthew|[miss]
|-miss|p1b: Tyranitar|p2b: Datthew
|
|-weather|Sandstorm|[upkeep]
|-damage|p2b: Datthew|88/100|[from] Sandstorm
|-damage|p1a: Talonflame|6/100|[from] Sandstorm
|-damage|p2a: Typhlosion|21/100|[from] Sandstorm
|upkeep
|turn|4
|inactive|washingtongargacha has 30 seconds left.
|
|t:|1757189650
|move|p2b: Datthew|Phantom Force|p1a: Talonflame|[from] lockedmove
|-damage|p1a: Talonflame|0 fnt
|faint|p1a: Talonflame
|move|p2a: Typhlosion|Heat Wave|p1b: Tyranitar
|-resisted|p1b: Tyranitar
|-damage|p1b: Tyranitar|40/100
|move|p1b: Tyranitar|Knock Off|p2b: Datthew
|-supereffective|p2b: Datthew
|-damage|p2b: Datthew|0 fnt
|-enditem|p2b: Datthew|Choice Band|[from] move: Knock Off|[of] p1b: Tyranitar
|faint|p2b: Datthew
|
|-weather|Sandstorm|[upkeep]
|-damage|p2a: Typhlosion|16/100|[from] Sandstorm
|-sideend|p2: mr.pickup|move: Tailwind
|-sideend|p1: washingtongargacha|move: Tailwind
|upkeep
|
|t:|1757189666
|switch|p2b: Germy long nail|Gallade, L50, M|100/100
|switch|p1a: Garchomp|Garchomp, L50, M|100/100
|turn|5
|inactive|washingtongargacha has 30 seconds left.
|inactive|washingtongargacha has 20 seconds left.
|inactive|washingtongargacha has 15 seconds left.
|inactive|washingtongargacha has 10 seconds left.
|inactive|washingtongargacha has 5 seconds left.
|
|t:|1757189719
|-terastallize|p2a: Typhlosion|Fire
|-terastallize|p1b: Tyranitar|Flying
|move|p2b: Germy long nail|Wide Guard|p2b: Germy long nail
|-singleturn|p2b: Germy long nail|Wide Guard
|move|p1a: Garchomp|Earthquake|p2b: Germy long nail|[spread] 
|-activate|p2a: Typhlosion|move: Wide Guard
|-activate|p2b: Germy long nail|move: Wide Guard
|-immune|p1b: Tyranitar
|move|p2a: Typhlosion|Heat Wave|p1a: Garchomp|[spread] p1a,p1b
|-resisted|p1a: Garchomp
|-damage|p1a: Garchomp|66/100
|-damage|p1b: Tyranitar|2/100
|move|p1b: Tyranitar|Tera Blast|p2b: Germy long nail|[anim] Tera Blast Flying
|-supereffective|p2b: Germy long nail
|-damage|p2b: Germy long nail|0 fnt
|faint|p2b: Germy long nail
|
|-weather|Sandstorm|[upkeep]
|-damage|p2a: Typhlosion|10/100|[from] Sandstorm
|-damage|p1b: Tyranitar|0 fnt|[from] Sandstorm
|faint|p1b: Tyranitar
|upkeep
|
|t:|1757189737
|switch|p1b: Gholdengo|Gholdengo, L50|100/100
|turn|6
|
|t:|1757189749
|move|p1a: Garchomp|Stomping Tantrum|p2a: Typhlosion
|-supereffective|p2a: Typhlosion
|-damage|p2a: Typhlosion|0 fnt
|faint|p2a: Typhlosion
|-damage|p1a: Garchomp|56/100|[from] item: Life Orb
|
|win|washingtongargacha
