|j|☆p1ch1pichi
|j|☆Elitefreund12
|html|p1ch1pichiElitefreund12    
|uhtml|bestof|Game 3 of a best-of-3
|t:|1785768203
|gametype|doubles
|player|p1|p1ch1pichi|n|1117
|player|p2|Elitefreund12|benga|1274
|gen|9
|tier|[Gen 9 Champions] VGC 2026 Reg M-B (Bo3)
|rated|
|rule|Species Clause: Limit one of each Pokémon
|rule|Item Clause: Limit 1 of each item
|clearpoke
|poke|p1|Raichu, L50, M, shiny|
|poke|p1|Staraptor, L50, M, shiny|
|poke|p1|Farigiraf, L50, F, shiny|
|poke|p1|Sylveon, L50, M, shiny|
|poke|p1|Kingambit, L50, F|
|poke|p1|Arcanine-Hisui, L50, M|
|poke|p2|Froslass, L50, F|
|poke|p2|Basculegion, L50, M|
|poke|p2|Kingambit, L50, F|
|poke|p2|Sneasler, L50, F|
|poke|p2|Lycanroc-Dusk, L50, M|
|poke|p2|Scovillain, L50, F|
|teampreview|4
|showteam|p1|Raichu||RaichuniteY|LightningRod|ZapCannon,FocusBlast,FakeOut,Protect|Timid||M|||50|]Staraptor||Staraptite|Intimidate|DualWingbeat,CloseCombat,Tailwind,Protect|Jolly||M|||50|]Farigiraf||SitrusBerry|ArmorTail|Protect,Psychic,HelpingHand,TrickRoom|Relaxed||F|||50|]Sylveon||FairyFeather|Pixilate|HyperVoice,HyperBeam,QuickAttack,Detect|Modest||M|||50|]Kingambit||LifeOrb|Defiant|Protect,KowtowCleave,SuckerPunch,SwordsDance|Adamant||F|||50|]Arcanine-Hisui||FocusSash|RockHead|Protect,ExtremeSpeed,FlareBlitz,HeadSmash|Jolly||M|||50|
|showteam|p2|Froslass||Froslassite|CursedBody|Blizzard,ShadowBall,AuroraVeil,Protect|Timid||F|||50|]Basculegion||SitrusBerry|Adaptability|Protect,WaveCrash,LastRespects,AquaJet|Adamant||M|||50|]Kingambit||LifeOrb|Defiant|Protect,KowtowCleave,SuckerPunch,SwordsDance|Adamant||F|||50|]Sneasler||WhiteHerb|Unburden|Protect,CloseCombat,GunkShot,FakeOut|Jolly||F|||50|]Lycanroc-Dusk||FocusSash|ToughClaws|Protect,RockSlide,CloseCombat,Accelerock|Adamant||M|||50|]Scovillain||Scovillainite|Moody|Protect,Overheat,GigaDrain,RagePowder|Bold||F|||50|
|inactive|Battle timer is ON: inactive players will automatically lose when time's up. (requested by p1ch1pichi)
|inactive|Elitefreund12 also wants the timer to be on.
|inactive|Elitefreund12 has 60 seconds left.
|
|t:|1785768251
|teamsize|p1|4
|teamsize|p2|4
|start
|switch|p1a: Arcanine|Arcanine-Hisui, L50, M|100/100
|switch|p1b: Kaoru|Raichu, L50, M, shiny|100/100
|switch|p2a: Basculegion|Basculegion, L50, M|100/100
|switch|p2b: Froslass|Froslass, L50, F|100/100
|turn|1
|
|t:|1785768272
|detailschange|p2b: Froslass|Froslass-Mega, L50, F
|-mega|p2b: Froslass|Froslass|Froslassite
|-weather|Snowscape|[from] ability: Snow Warning|[of] p2b: Froslass
|detailschange|p1b: Kaoru|Raichu-Mega-Y, L50, M, shiny
|-mega|p1b: Kaoru|Raichu|Raichunite Y
|move|p2a: Basculegion|Protect|p2a: Basculegion
|-singleturn|p2a: Basculegion|Protect
|move|p1b: Kaoru|Zap Cannon|p2a: Basculegion
|-activate|p2a: Basculegion|move: Protect
|move|p2b: Froslass|Blizzard|p1a: Arcanine|[spread] p1a,p1b
|-resisted|p1a: Arcanine|1
|-damage|p1a: Arcanine|76/100
|-damage|p1b: Kaoru|49/100
|move|p1a: Arcanine|Head Smash|p2b: Froslass
|-supereffective|p2b: Froslass|1
|-damage|p2b: Froslass|0 fnt
|faint|p2b: Froslass
|
|-weather|Snowscape|[upkeep]
|upkeep
|
|t:|1785768286
|switch|p2b: Lycanroc|Lycanroc-Dusk, L50, M|100/100
|turn|2
|
|t:|1785768301
|switch|p1a: Float|Farigiraf, L50, F, shiny|100/100
|switch|p2a: Sneasler|Sneasler, L50, F|100/100
|move|p1b: Kaoru|Zap Cannon|p2a: Sneasler
|-damage|p2a: Sneasler|25/100
|-status|p2a: Sneasler|par
|move|p2b: Lycanroc|Close Combat|p1b: Kaoru
|-damage|p1b: Kaoru|0 fnt
|-unboost|p2b: Lycanroc|def|1
|-unboost|p2b: Lycanroc|spd|1
|faint|p1b: Kaoru
|
|-weather|Snowscape|[upkeep]
|upkeep
|
|t:|1785768318
|switch|p1b: Arcanine|Arcanine-Hisui, L50, M|76/100
|turn|3
|inactive|Elitefreund12 has 30 seconds left.
|inactive|Elitefreund12 has 20 seconds left.
|
|t:|1785768353
|move|p2b: Lycanroc|Protect|p2b: Lycanroc
|-singleturn|p2b: Lycanroc|Protect
|move|p1b: Arcanine|Extreme Speed|p2a: Sneasler
|-damage|p2a: Sneasler|0 fnt
|faint|p2a: Sneasler
|move|p1a: Float|Psychic|p2b: Lycanroc
|-activate|p2b: Lycanroc|move: Protect
|
|-weather|Snowscape|[upkeep]
|upkeep
|
|t:|1785768358
|switch|p2a: Basculegion|Basculegion, L50, M|100/100
|turn|4
|
|t:|1785768373
|move|p1b: Arcanine|Protect|p1b: Arcanine
|-singleturn|p1b: Arcanine|Protect
|move|p2b: Lycanroc|Rock Slide|p1a: Float|[spread] p1a
|-activate|p1b: Arcanine|move: Protect
|-damage|p1a: Float|78/100
|move|p2a: Basculegion|Wave Crash|p1a: Float
|-crit|p1a: Float
|-damage|p1a: Float|0 fnt
|faint|p1a: Float
|-damage|p2a: Basculegion|73/100|[from] Recoil
|
|-weather|Snowscape|[upkeep]
|upkeep
|
|t:|1785768385
|switch|p1a: QueenGambit|Kingambit, L50, F|100/100
|turn|5
|inactive|Elitefreund12 has 30 seconds left.
|
|t:|1785768417
|move|p2b: Lycanroc|Protect|p2b: Lycanroc
|-singleturn|p2b: Lycanroc|Protect
|move|p2a: Basculegion|Aqua Jet|p1b: Arcanine
|-supereffective|p1b: Arcanine|2
|-damage|p1b: Arcanine|0 fnt
|faint|p1b: Arcanine
|move|p1a: QueenGambit|Sucker Punch||[still]
|-fail|p1a: QueenGambit
|
|-weather|none
|upkeep
|turn|6
|
|t:|1785768434
|move|p1a: QueenGambit|Sucker Punch|p2b: Lycanroc
|-enditem|p2b: Lycanroc|Focus Sash
|-damage|p2b: Lycanroc|1/100
|-damage|p1a: QueenGambit|90/100|[from] item: Life Orb
|move|p2b: Lycanroc|Close Combat|p1a: QueenGambit
|-supereffective|p1a: QueenGambit|2
|-damage|p1a: QueenGambit|0 fnt
|-unboost|p2b: Lycanroc|def|1
|-unboost|p2b: Lycanroc|spd|1
|faint|p1a: QueenGambit
|
|win|Elitefreund12
|raw|p1ch1pichi's rating: 1117 → 1103(-14 for losing)
|raw|Elitefreund12's rating: 1274 → 1288(+14 for winning)
|c|☆p1ch1pichi|ggs
