|j|☆Pineapple Perry
|j|☆Tater Tots Tony
|html|Pineapple PerryTater Tots Tony    
|uhtml|bestof|Game 2 of a best-of-3
|t:|1756412631
|gametype|doubles
|player|p1|Pineapple Perry|2|
|player|p2|Tater Tots Tony|101|
|gen|9
|tier|[Gen 9] VGC 2025 Reg H (Bo3)
|rule|Species Clause: Limit one of each Pokémon
|rule|Item Clause: Limit 1 of each item
|clearpoke
|poke|p1|Toedscruel, L50, M|
|poke|p1|Weezing-Galar, L50, F|
|poke|p1|Pawmot, L50, M|
|poke|p1|Garchomp, L50, F|
|poke|p1|Corviknight, L50, M|
|poke|p1|Typhlosion-Hisui, L50, M|
|poke|p2|Ursaluna-Bloodmoon, L50, M|
|poke|p2|Porygon2, L50|
|poke|p2|Amoonguss, L50, M|
|poke|p2|Incineroar, L50, M|
|poke|p2|Dragapult, L50, F|
|poke|p2|Sneasler, L50, F|
|teampreview|4
|showteam|p1|Toedscruel||CovertCloak|MyceliumMight|Spore,RagePowder,EarthPower,AcidSpray|||M|||50|,,,,,Water]Weezing-Galar||ChoiceSpecs|NeutralizingGas|DazzlingGleam,StrangeSteam,SludgeBomb,Flamethrower|||F|||50|,,,,,Fire]Pawmot||SafetyGoggles|NaturalCure|CloseCombat,DoubleShock,FakeOut,Protect|||M|||50|,,,,,Electric]Garchomp||LifeOrb|RoughSkin|DragonClaw,StompingTantrum,Earthquake,Protect|||F|||50|,,,,,Ground]Corviknight||AguavBerry|MirrorArmor|BraveBird,Tailwind,FakeTears,Roost|||M|||50|,,,,,Dragon]Typhlosion-Hisui||ChoiceScarf|Blaze|Eruption,HeatWave,ShadowBall,SleepTalk|||M|||50|,,,,,Fire
|showteam|p2|Ursaluna-Bloodmoon||AssaultVest|MindsEye|BloodMoon,HyperVoice,EarthPower,VacuumWave|||M|||50|,,,,,Normal]Porygon2||Eviolite|Trace|IceBeam,Thunderbolt,Recover,TrickRoom||||||50|,,,,,Ghost]Amoonguss||CovertCloak|Regenerator|Spore,RagePowder,PollenPuff,SludgeBomb|||M|||50|,,,,,Water]Incineroar||SafetyGoggles|Intimidate|KnockOff,FakeOut,PartingShot,FlareBlitz|||M|||50|,,,,,Ghost]Dragapult||ChoiceBand|ClearBody|DragonDarts,Outrage,PhantomForce,Uturn|||F|||50|,,,,,Dragon]Sneasler||FocusSash|PoisonTouch|CloseCombat,DireClaw,ThroatChop,FakeOut|||F|||50|,,,,,Dark
|
|t:|1756412669
|teamsize|p1|4
|teamsize|p2|4
|start
|switch|p1a: Pawmot|Pawmot, L50, M|100/100
|switch|p1b: Typhlosion|Typhlosion-Hisui, L50, M|100/100
|switch|p2a: Incineroar|Incineroar, L50, M|100/100
|switch|p2b: Sneasler|Sneasler, L50, F|100/100
|-ability|p2a: Incineroar|Intimidate|boost
|-unboost|p1a: Pawmot|atk|1
|-unboost|p1b: Typhlosion|atk|1
|turn|1
|
|t:|1756412723
|-terastallize|p1b: Typhlosion|Fire
|move|p2b: Sneasler|Fake Out|p1a: Pawmot
|-damage|p1a: Pawmot|75/100
|cant|p1a: Pawmot|flinch
|move|p2a: Incineroar|Fake Out|p1b: Typhlosion
|-damage|p1b: Typhlosion|80/100
|cant|p1b: Typhlosion|flinch
|
|upkeep
|turn|2
|
|t:|1756412757
|move|p1b: Typhlosion|Eruption|p2b: Sneasler|[spread] p2a,p2b
|-resisted|p2a: Incineroar
|-damage|p2a: Incineroar|72/100
|-damage|p2b: Sneasler|12/100
|move|p2b: Sneasler|Dire Claw|p1b: Typhlosion
|-crit|p1b: Typhlosion
|-damage|p1b: Typhlosion|0 fnt
|faint|p1b: Typhlosion
|move|p1a: Pawmot|Close Combat|p2a: Incineroar
|-supereffective|p2a: Incineroar
|-damage|p2a: Incineroar|3/100
|-unboost|p1a: Pawmot|def|1
|-unboost|p1a: Pawmot|spd|1
|move|p2a: Incineroar|Parting Shot|p1a: Pawmot
|-unboost|p1a: Pawmot|atk|1
|-unboost|p1a: Pawmot|spa|1
|
|t:|1756412780
|switch|p2a: Amoonguss|Amoonguss, L50, M|100/100|[from] Parting Shot
|
|upkeep
|
|t:|1756412788
|switch|p1b: Weezing|Weezing-Galar, L50, F|100/100
|-ability|p1b: Weezing|Neutralizing Gas
|turn|3
|
|t:|1756412804
|move|p1a: Pawmot|Protect|p1a: Pawmot
|-singleturn|p1a: Pawmot|Protect
|move|p2b: Sneasler|Dire Claw|p1a: Pawmot
|-activate|p1a: Pawmot|move: Protect
|move|p1b: Weezing|Dazzling Gleam|p2b: Sneasler|[spread] p2a,p2b
|-resisted|p2a: Amoonguss
|-damage|p2a: Amoonguss|84/100
|-damage|p2b: Sneasler|0 fnt
|faint|p2b: Sneasler
|move|p2a: Amoonguss|Spore|p1b: Weezing
|-status|p1b: Weezing|slp|[from] move: Spore
|
|upkeep
|
|t:|1756412816
|switch|p2b: Incineroar|Incineroar, L50, M|3/100
|turn|4
|
|t:|1756412825
|switch|p1a: Toedscruel|Toedscruel, L50, M|100/100
|move|p2b: Incineroar|Fake Out|p1a: Toedscruel
|-damage|p1a: Toedscruel|85/100
|cant|p1b: Weezing|slp
|move|p2a: Amoonguss|Pollen Puff|p2b: Incineroar
|-heal|p2b: Incineroar|53/100
|
|upkeep
|turn|5
|
|t:|1756412846
|move|p1a: Toedscruel|Earth Power|p2b: Incineroar
|-supereffective|p2b: Incineroar
|-damage|p2b: Incineroar|6/100
|-curestatus|p1b: Weezing|slp|[msg]
|move|p1b: Weezing|Dazzling Gleam|p2a: Amoonguss|[spread] p2a,p2b
|-resisted|p2a: Amoonguss
|-damage|p2a: Amoonguss|70/100
|-damage|p2b: Incineroar|0 fnt
|faint|p2b: Incineroar
|move|p2a: Amoonguss|Sludge Bomb|p1a: Toedscruel
|-damage|p1a: Toedscruel|63/100
|
|upkeep
|
|t:|1756412853
|switch|p2b: Dragapult|Dragapult, L50, F|100/100
|turn|6
|
|t:|1756412875
|move|p2b: Dragapult|Phantom Force||[still]
|-prepare|p2b: Dragapult|Phantom Force
|move|p1a: Toedscruel|Acid Spray|p2a: Amoonguss
|-damage|p2a: Amoonguss|62/100
|move|p1b: Weezing|Dazzling Gleam|p2b: Dragapult|[spread] p2a
|-miss|p1b: Weezing|p2b: Dragapult
|-resisted|p2a: Amoonguss
|-damage|p2a: Amoonguss|47/100
|move|p2a: Amoonguss|Spore|p1b: Weezing
|-status|p1b: Weezing|slp|[from] move: Spore
|
|upkeep
|turn|7
|
|t:|1756412895
|move|p1a: Toedscruel|Rage Powder|p1a: Toedscruel
|-singleturn|p1a: Toedscruel|move: Rage Powder
|move|p2b: Dragapult|Phantom Force|p1a: Toedscruel|[from] lockedmove
|-damage|p1a: Toedscruel|0 fnt
|faint|p1a: Toedscruel
|cant|p1b: Weezing|slp
|move|p2a: Amoonguss|Sludge Bomb|p1b: Weezing
|-damage|p1b: Weezing|66/100 slp
|
|upkeep
|
|t:|1756412899
|switch|p1a: Pawmot|Pawmot, L50, M|75/100
|turn|8
|
|t:|1756412908
|move|p1a: Pawmot|Fake Out|p2a: Amoonguss
|-damage|p2a: Amoonguss|36/100
|move|p2b: Dragapult|Phantom Force||[still]
|-prepare|p2b: Dragapult|Phantom Force
|cant|p1b: Weezing|slp
|move|p2a: Amoonguss|Spore|p1a: Pawmot
|-activate|p1a: Pawmot|item: Safety Goggles|Spore
|
|upkeep
|turn|9
|
|t:|1756412930
|move|p2b: Dragapult|Phantom Force|p1b: Weezing|[from] lockedmove
|-damage|p1b: Weezing|0 fnt
|faint|p1b: Weezing
|-end|p1b: Weezing|ability: Neutralizing Gas
|move|p1a: Pawmot|Double Shock|p2a: Amoonguss
|-resisted|p2a: Amoonguss
|-damage|p2a: Amoonguss|12/100
|-start|p1a: Pawmot|typechange|???/Fighting|[from] move: Double Shock
|move|p2a: Amoonguss|Sludge Bomb|p1a: Pawmot
|-damage|p1a: Pawmot|23/100
|
|upkeep
|turn|10
|
|t:|1756412944
|move|p2b: Dragapult|Phantom Force||[still]
|-prepare|p2b: Dragapult|Phantom Force
|move|p1a: Pawmot|Close Combat|p2a: Amoonguss
|-resisted|p2a: Amoonguss
|-damage|p2a: Amoonguss|0 fnt
|-unboost|p1a: Pawmot|def|1
|-unboost|p1a: Pawmot|spd|1
|faint|p2a: Amoonguss
|
|upkeep
|turn|11
|
|t:|1756412950
|move|p2b: Dragapult|Phantom Force|p1a: Pawmot|[from] lockedmove
|-damage|p1a: Pawmot|0 fnt
|faint|p1a: Pawmot
|
|win|Tater Tots Tony
|l|☆Pineapple Perry
|player|p1|
