|j|☆WhimyWhimsicott
|j|☆afdsd33
|html|WhimyWhimsicottafdsd33    
|uhtml|bestof|Game 1 of a best-of-3
|t:|1786021291
|gametype|doubles
|player|p1|WhimyWhimsicott|sailor|1058
|player|p2|afdsd33|101|1052
|gen|9
|tier|[Gen 9 Champions] VGC 2026 Reg M-B (Bo3)
|rated|
|rule|Species Clause: Limit one of each Pokémon
|rule|Item Clause: Limit 1 of each item
|clearpoke
|poke|p1|Starmie, L50, shiny|
|poke|p1|Pelipper, L50, F, shiny|
|poke|p1|Sneasler, L50, F, shiny|
|poke|p1|Dragonite, L50, F, shiny|
|poke|p1|Kingambit, L50, M, shiny|
|poke|p1|Sinistcha-Masterpiece, L50, shiny|
|poke|p2|Tyranitar, L50, M|
|poke|p2|Excadrill, L50, F|
|poke|p2|Milotic, L50, F|
|poke|p2|Sinistcha, L50|
|poke|p2|Staraptor, L50, F|
|poke|p2|Gholdengo, L50|
|teampreview|4
|showteam|p1|Starmie||Starminite|NaturalCure|FlipTurn,Liquidation,DoubleEdge,Protect|Jolly|||||50|]Pelipper||FocusSash|Drizzle|Hurricane,WeatherBall,WideGuard,Tailwind|Bold||F|||50|]Sneasler||MentalHerb|Unburden|CloseCombat,FakeOut,Taunt,Protect|Adamant||F|||50|]Dragonite||Dragoninite|InnerFocus|DragonPulse,Hurricane,Protect,Tailwind|Timid||F|||50|]Kingambit||ChopleBerry|Defiant|Protect,SuckerPunch,KowtowCleave,IronHead|Adamant||M|||50|]Sinistcha-Masterpiece||KasibBerry|Hospitality|MatchaGotcha,Protect,ShadowBall,TrickRoom|Relaxed|||||50|
|showteam|p2|Tyranitar||Tyranitarite|SandStream|KnockOff,RockSlide,LowKick,Protect|Jolly||M|||50|]Excadrill||FocusSash|SandRush|HighHorsepower,IronHead,RockSlide,Protect|Jolly||F|||50|]Milotic||SitrusBerry|Competitive|Scald,IceBeam,IcyWind,Protect|Calm||F|||50|]Sinistcha||ColburBerry|Hospitality|MatchaGotcha,ShadowBall,Protect,RagePowder|Bold|||||50|]Staraptor||Staraptite|Intimidate|CloseCombat,BraveBird,Tailwind,Protect|Jolly||F|||50|]Gholdengo||LifeOrb|GoodasGold|MakeItRain,ShadowBall,NastyPlot,Protect|Modest|||||50|
|inactive|Battle timer is ON: inactive players will automatically lose when time's up. (requested by afdsd33)
|inactive|afdsd33 has 60 seconds left.
|
|t:|1786021335
|teamsize|p1|4
|teamsize|p2|4
|start
|switch|p1a: Starmie|Starmie, L50, shiny|100/100
|switch|p1b: Pelipper|Pelipper, L50, F, shiny|100/100
|switch|p2a: Tyranitar|Tyranitar, L50, M|100/100
|switch|p2b: Milotic|Milotic, L50, F|100/100
|-weather|Sandstorm|[from] ability: Sand Stream|[of] p2a: Tyranitar
|-weather|RainDance|[from] ability: Drizzle|[of] p1b: Pelipper
|turn|1
|
|t:|1786021357
|detailschange|p1a: Starmie|Starmie-Mega, L50, shiny
|-mega|p1a: Starmie|Starmie|Starminite
|detailschange|p2a: Tyranitar|Tyranitar-Mega, L50, M
|-mega|p2a: Tyranitar|Tyranitar|Tyranitarite
|-weather|Sandstorm|[from] ability: Sand Stream|[of] p2a: Tyranitar
|move|p1a: Starmie|Liquidation|p2a: Tyranitar
|-supereffective|p2a: Tyranitar|1
|-damage|p2a: Tyranitar|6/100
|move|p2a: Tyranitar|Knock Off|p1b: Pelipper
|-crit|p1b: Pelipper
|-damage|p1b: Pelipper|34/100
|-enditem|p1b: Pelipper|Focus Sash|[from] move: Knock Off|[of] p2a: Tyranitar
|move|p2b: Milotic|Icy Wind|p1b: Pelipper|[spread] p1a,p1b
|-resisted|p1a: Starmie|1
|-damage|p1a: Starmie|94/100
|-damage|p1b: Pelipper|19/100
|-unboost|p1a: Starmie|spe|1
|-unboost|p1b: Pelipper|spe|1
|move|p1b: Pelipper|Tailwind|p1b: Pelipper
|-sidestart|p1: WhimyWhimsicott|move: Tailwind
|
|-weather|Sandstorm|[upkeep]
|-damage|p1a: Starmie|88/100|[from] Sandstorm
|-damage|p2b: Milotic|94/100|[from] Sandstorm
|-damage|p1b: Pelipper|13/100|[from] Sandstorm
|upkeep
|turn|2
|inactive|WhimyWhimsicott has 30 seconds left.
|inactive|afdsd33 has 30 seconds left.
|inactive|WhimyWhimsicott has 20 seconds left.
|
|t:|1786021395
|switch|p1b: Sneasler|Sneasler, L50, F, shiny|100/100
|move|p2a: Tyranitar|Protect|p2a: Tyranitar
|-singleturn|p2a: Tyranitar|Protect
|move|p1a: Starmie|Flip Turn|p2a: Tyranitar
|-activate|p2a: Tyranitar|move: Protect
|move|p2b: Milotic|Scald|p1b: Sneasler
|-damage|p1b: Sneasler|59/100
|
|-weather|Sandstorm|[upkeep]
|-damage|p1b: Sneasler|54/100|[from] Sandstorm
|-damage|p1a: Starmie|82/100|[from] Sandstorm
|-damage|p2b: Milotic|88/100|[from] Sandstorm
|upkeep
|turn|3
|inactive|afdsd33 has 30 seconds left.
|
|t:|1786021426
|switch|p2a: Sinistcha|Sinistcha, L50|100/100
|-heal|p2b: Milotic|100/100|[from] ability: Hospitality|[of] p2a: Sinistcha
|move|p1b: Sneasler|Fake Out|p2b: Milotic
|-damage|p2b: Milotic|84/100
|move|p1a: Starmie|Flip Turn|p2a: Sinistcha
|-resisted|p2a: Sinistcha|1
|-damage|p2a: Sinistcha|80/100
|
|t:|1786021436
|switch|p1a: Kingambit|Kingambit, L50, M, shiny|100/100|[from] Flip Turn
|cant|p2b: Milotic|flinch
|
|-weather|Sandstorm|[upkeep]
|-damage|p1b: Sneasler|48/100|[from] Sandstorm
|-damage|p2b: Milotic|78/100|[from] Sandstorm
|-damage|p2a: Sinistcha|74/100|[from] Sandstorm
|upkeep
|turn|4
|
|t:|1786021455
|move|p2a: Sinistcha|Protect|p2a: Sinistcha
|-singleturn|p2a: Sinistcha|Protect
|move|p1b: Sneasler|Close Combat|p2b: Milotic
|-damage|p2b: Milotic|9/100
|-unboost|p1b: Sneasler|def|1
|-unboost|p1b: Sneasler|spd|1
|-enditem|p2b: Milotic|Sitrus Berry|[eat]
|-heal|p2b: Milotic|34/100|[from] item: Sitrus Berry
|move|p1a: Kingambit|Kowtow Cleave|p2a: Sinistcha
|-activate|p2a: Sinistcha|move: Protect
|move|p2b: Milotic|Scald|p1a: Kingambit
|-damage|p1a: Kingambit|73/100
|-status|p1a: Kingambit|brn
|
|-weather|Sandstorm|[upkeep]
|-damage|p1b: Sneasler|42/100|[from] Sandstorm
|-damage|p2b: Milotic|28/100|[from] Sandstorm
|-damage|p2a: Sinistcha|69/100|[from] Sandstorm
|-damage|p1a: Kingambit|68/100 brn|[from] brn
|-sideend|p1: WhimyWhimsicott|move: Tailwind
|upkeep
|turn|5
|inactive|WhimyWhimsicott has 30 seconds left.
|
|t:|1786021483
|move|p2a: Sinistcha|Rage Powder|p2a: Sinistcha
|-singleturn|p2a: Sinistcha|move: Rage Powder
|move|p1b: Sneasler|Close Combat|p2a: Sinistcha
|-immune|p2a: Sinistcha
|move|p2b: Milotic|Scald|p1b: Sneasler
|-damage|p1b: Sneasler|0 fnt
|faint|p1b: Sneasler
|move|p1a: Kingambit|Kowtow Cleave|p2a: Sinistcha
|-supereffective|p2a: Sinistcha|1
|-enditem|p2a: Sinistcha|Colbur Berry|[eat]
|-enditem|p2a: Sinistcha|Colbur Berry|[weaken]
|-damage|p2a: Sinistcha|49/100
|
|-weather|none
|-damage|p1a: Kingambit|62/100 brn|[from] brn
|upkeep
|
|t:|1786021498
|switch|p1b: Starmie|Starmie-Mega, L50, shiny|82/100
|turn|6
|
|t:|1786021519
|move|p1a: Kingambit|Sucker Punch|p2b: Milotic
|-damage|p2b: Milotic|8/100
|move|p1b: Starmie|Liquidation|p2a: Sinistcha
|-resisted|p2a: Sinistcha|1
|-damage|p2a: Sinistcha|18/100
|move|p2b: Milotic|Scald|p1a: Kingambit
|-damage|p1a: Kingambit|36/100 brn
|move|p2a: Sinistcha|Matcha Gotcha|p1a: Kingambit|[spread] p1a,p1b
|-resisted|p1a: Kingambit|1
|-supereffective|p1b: Starmie|1
|-damage|p1a: Kingambit|24/100 brn
|-heal|p2a: Sinistcha|25/100|[from] drain|[of] p1a: Kingambit
|-damage|p1b: Starmie|19/100
|-heal|p2a: Sinistcha|49/100|[from] drain|[of] p1b: Starmie
|
|-damage|p1a: Kingambit|18/100 brn|[from] brn
|upkeep
|turn|7
|
|t:|1786021541
|move|p2a: Sinistcha|Protect|p2a: Sinistcha
|-singleturn|p2a: Sinistcha|Protect
|move|p1a: Kingambit|Sucker Punch||[still]
|-fail|p1a: Kingambit
|move|p1b: Starmie|Flip Turn|p2b: Milotic
|-resisted|p2b: Milotic|1
|-damage|p2b: Milotic|0 fnt
|faint|p2b: Milotic
|
|t:|1786021557
|switch|p1b: Pelipper|Pelipper, L50, F, shiny|13/100|[from] Flip Turn
|-weather|RainDance|[from] ability: Drizzle|[of] p1b: Pelipper
|
|-weather|RainDance|[upkeep]
|-damage|p1a: Kingambit|13/100 brn|[from] brn
|upkeep
|
|t:|1786021564
|switch|p2b: Tyranitar|Tyranitar-Mega, L50, M|6/100
|-weather|Sandstorm|[from] ability: Sand Stream|[of] p2b: Tyranitar
|turn|8
|
|t:|1786021577
|switch|p2a: Gholdengo|Gholdengo, L50|100/100
|move|p2b: Tyranitar|Protect|p2b: Tyranitar
|-singleturn|p2b: Tyranitar|Protect
|move|p1b: Pelipper|Wide Guard|p1b: Pelipper
|-singleturn|p1b: Pelipper|Wide Guard
|move|p1a: Kingambit|Kowtow Cleave|p2a: Gholdengo
|-supereffective|p2a: Gholdengo|1
|-damage|p2a: Gholdengo|56/100
|
|-weather|Sandstorm|[upkeep]
|-damage|p1b: Pelipper|7/100|[from] Sandstorm
|-damage|p1a: Kingambit|7/100 brn|[from] brn
|upkeep
|turn|9
|inactive|afdsd33 has 30 seconds left.
|
|t:|1786021602
|switch|p2a: Sinistcha|Sinistcha, L50|49/100
|-heal|p2b: Tyranitar|31/100|[from] ability: Hospitality|[of] p2a: Sinistcha
|move|p1a: Kingambit|Sucker Punch||[still]
|-fail|p1a: Kingambit
|move|p2b: Tyranitar|Knock Off|p1a: Kingambit
|-resisted|p1a: Kingambit|1
|-damage|p1a: Kingambit|0 fnt
|-enditem|p1a: Kingambit|Chople Berry|[from] move: Knock Off|[of] p2b: Tyranitar
|faint|p1a: Kingambit
|move|p1b: Pelipper|Tailwind|p1b: Pelipper
|-sidestart|p1: WhimyWhimsicott|move: Tailwind
|
|-weather|Sandstorm|[upkeep]
|-damage|p1b: Pelipper|1/100|[from] Sandstorm
|-damage|p2a: Sinistcha|44/100|[from] Sandstorm
|upkeep
|
|t:|1786021615
|switch|p1a: Starmie|Starmie-Mega, L50, shiny|19/100
|turn|10
|
|t:|1786021627
|move|p2b: Tyranitar|Protect|p2b: Tyranitar
|-singleturn|p2b: Tyranitar|Protect
|move|p2a: Sinistcha|Protect|p2a: Sinistcha
|-singleturn|p2a: Sinistcha|Protect
|move|p1a: Starmie|Liquidation|p2b: Tyranitar
|-activate|p2b: Tyranitar|move: Protect
|move|p1b: Pelipper|Weather Ball|p2a: Sinistcha
|-activate|p2a: Sinistcha|move: Protect
|
|-weather|Sandstorm|[upkeep]
|-damage|p1a: Starmie|13/100|[from] Sandstorm
|-damage|p1b: Pelipper|0 fnt|[from] Sandstorm
|-damage|p2a: Sinistcha|38/100|[from] Sandstorm
|faint|p1b: Pelipper
|upkeep
|turn|11
|-message|WhimyWhimsicott forfeited.
|
|win|afdsd33
