|j|☆Gelmopelo
|j|☆monsoonisbest
|html|Gelmopelomonsoonisbest    
|uhtml|bestof|Game 1 of a best-of-3
|t:|1782504396
|gametype|doubles
|player|p1|Gelmopelo|lance|1066
|player|p2|monsoonisbest|265|1125
|gen|9
|tier|[Gen 9 Champions] VGC 2026 Reg M-B (Bo3)
|rated|
|rule|Species Clause: Limit one of each Pokémon
|rule|Item Clause: Limit 1 of each item
|clearpoke
|poke|p1|Golurk, L50, shiny|
|poke|p1|Farigiraf, L50, M, shiny|
|poke|p1|Torkoal, L50, M, shiny|
|poke|p1|Oranguru, L50, F, shiny|
|poke|p1|Staraptor, L50, M, shiny|
|poke|p1|Venusaur, L50, M, shiny|
|poke|p2|Swampert, L50, M|
|poke|p2|Pelipper, L50, M|
|poke|p2|Archaludon, L50, F|
|poke|p2|Sinistcha, L50|
|poke|p2|Kingambit, L50, F|
|poke|p2|Grimmsnarl, L50, M|
|teampreview|4
|showteam|p1|Golurk||Golurkite|IronFist|Poltergeist,HeadlongRush,Protect,IcePunch|Brave|||||50|]Farigiraf||SitrusBerry|ArmorTail|TrickRoom,Imprison,Protect,Psychic|Quiet||M|||50|]Torkoal||Charcoal|Drought|Eruption,WeatherBall,Protect,HeatWave|Quiet||M|||50|]Oranguru||IronBall|InnerFocus|TrickRoom,Instruct,Protect,SkillSwap|Relaxed||F|||50|]Staraptor||ChoiceScarf|Intimidate|BraveBird,FinalGambit,Uturn,CloseCombat|Adamant||M|||50|]Venusaur||Venusaurite|Chlorophyll|SludgeBomb,SleepPowder,EarthPower,EnergyBall|Modest||M|||50|
|showteam|p2|Swampert||Swampertite|Torrent|WaveCrash,Earthquake,IcePunch,Protect|Adamant||M|||50|]Pelipper||SitrusBerry|Drizzle|WeatherBall,Hurricane,WideGuard,Tailwind|Modest||M|||50|]Archaludon||Leftovers|Stamina|ElectroShot,DragonPulse,FlashCannon,Protect|Modest||F|||50|]Sinistcha||KasibBerry|Hospitality|MatchaGotcha,RagePowder,TrickRoom,Protect|Bold|||||50|]Kingambit||ChopleBerry|Defiant|KowtowCleave,SuckerPunch,LowKick,Protect|Adamant||F|||50|]Grimmsnarl||LightClay|Prankster|SpiritBreak,Reflect,LightScreen,PartingShot|Careful||M|||50|
|inactive|Battle timer is ON: inactive players will automatically lose when time's up. (requested by Gelmopelo)
|j| ItzMarrr
|l| ItzMarrr
|j| ItzMarrr
|inactive|Gelmopelo has 60 seconds left.
|inactive|monsoonisbest has 60 seconds left.
|l| ItzMarrr
|inactive|Gelmopelo has 30 seconds left.
|inactive|Gelmopelo has 20 seconds left.
|inactive|Gelmopelo has 15 seconds left.
|
|t:|1782504479
|teamsize|p1|4
|teamsize|p2|4
|start
|switch|p1a: Farigiraf|Farigiraf, L50, M, shiny|100/100
|switch|p1b: Staraptor|Staraptor, L50, M, shiny|100/100
|switch|p2a: Swampert|Swampert, L50, M|100/100
|switch|p2b: Grimmsnarl|Grimmsnarl, L50, M|100/100
|-ability|p1b: Staraptor|Intimidate|boost
|-unboost|p2a: Swampert|atk|1
|-unboost|p2b: Grimmsnarl|atk|1
|turn|1
|inactive|Gelmopelo has 30 seconds left.
|inactive|Gelmopelo has 20 seconds left.
|inactive|Gelmopelo has 15 seconds left.
|
|t:|1782504520
|move|p2a: Swampert|Protect|p2a: Swampert
|-singleturn|p2a: Swampert|Protect
|move|p1b: Staraptor|U-turn|p2b: Grimmsnarl
|-damage|p2b: Grimmsnarl|78/100
|
|t:|1782504526
|switch|p1b: Venusaur|Venusaur, L50, M, shiny|100/100|[from] U-turn
|move|p2b: Grimmsnarl|Spirit Break|p1b: Venusaur
|-resisted|p1b: Venusaur|1
|-damage|p1b: Venusaur|89/100
|-unboost|p1b: Venusaur|spa|1
|move|p1a: Farigiraf|Trick Room|p1a: Farigiraf
|-fieldstart|move: Trick Room|[of] p1a: Farigiraf
|
|upkeep
|turn|2
|
|t:|1782504548
|detailschange|p1b: Venusaur|Venusaur-Mega, L50, M, shiny
|-mega|p1b: Venusaur|Venusaur|Venusaurite
|detailschange|p2a: Swampert|Swampert-Mega, L50, M
|-mega|p2a: Swampert|Swampert|Swampertite
|move|p2b: Grimmsnarl|Light Screen|p2b: Grimmsnarl
|-sidestart|p2: monsoonisbest|move: Light Screen
|move|p1a: Farigiraf|Imprison|p1a: Farigiraf
|-start|p1a: Farigiraf|move: Imprison
|move|p1b: Venusaur|Sludge Bomb|p2b: Grimmsnarl
|-supereffective|p2b: Grimmsnarl|1
|-damage|p2b: Grimmsnarl|40/100
|-status|p2b: Grimmsnarl|psn
|move|p2a: Swampert|Ice Punch|p1b: Venusaur
|-supereffective|p1b: Venusaur|1
|-damage|p1b: Venusaur|73/100
|
|-damage|p2b: Grimmsnarl|28/100 psn|[from] psn
|upkeep
|turn|3
|
|t:|1782504571
|switch|p2b: Archaludon|Archaludon, L50, F|100/100
|move|p1a: Farigiraf|Psychic|p2a: Swampert
|-damage|p2a: Swampert|79/100
|move|p1b: Venusaur|Sludge Bomb|p2b: Archaludon
|-immune|p2b: Archaludon
|move|p2a: Swampert|Wave Crash|p1a: Farigiraf
|-damage|p1a: Farigiraf|51/100
|-damage|p2a: Swampert|59/100|[from] Recoil
|
|upkeep
|turn|4
|inactive|Gelmopelo has 30 seconds left.
|
|t:|1782504604
|switch|p1a: Oranguru|Oranguru, L50, F, shiny|100/100
|switch|p2a: Pelipper|Pelipper, L50, M|100/100
|-weather|RainDance|[from] ability: Drizzle|[of] p2a: Pelipper
|move|p1b: Venusaur|Earth Power|p2b: Archaludon
|-supereffective|p2b: Archaludon|1
|-damage|p2b: Archaludon|71/100
|-ability|p2b: Archaludon|Stamina|boost
|-boost|p2b: Archaludon|def|1
|move|p2b: Archaludon|Electro Shot||[still]
|-prepare|p2b: Archaludon|Electro Shot
|-boost|p2b: Archaludon|spa|1
|-anim|p2b: Archaludon|Electro Shot|p1a: Oranguru
|-damage|p1a: Oranguru|52/100
|
|-weather|RainDance|[upkeep]
|-heal|p2b: Archaludon|77/100|[from] item: Leftovers
|upkeep
|turn|5
|inactive|Gelmopelo has 30 seconds left.
|inactive|Gelmopelo has 20 seconds left.
|inactive|Gelmopelo has 15 seconds left.
|
|t:|1782504648
|switch|p1b: Staraptor|Staraptor, L50, M, shiny|100/100
|-ability|p1b: Staraptor|Intimidate|boost
|-unboost|p2a: Pelipper|atk|1
|-unboost|p2b: Archaludon|atk|1
|move|p1a: Oranguru|Protect|p1a: Oranguru
|-singleturn|p1a: Oranguru|Protect
|move|p2b: Archaludon|Protect|p2b: Archaludon
|-singleturn|p2b: Archaludon|Protect
|move|p2a: Pelipper|Hurricane|p1b: Staraptor
|-damage|p1b: Staraptor|43/100
|
|-weather|RainDance|[upkeep]
|-heal|p2b: Archaludon|83/100|[from] item: Leftovers
|-fieldend|move: Trick Room
|upkeep
|turn|6
|inactive|Gelmopelo has 30 seconds left.
|
|t:|1782504674
|switch|p1b: Venusaur|Venusaur-Mega, L50, M, shiny|73/100
|move|p2b: Archaludon|Electro Shot||[still]
|-prepare|p2b: Archaludon|Electro Shot
|-boost|p2b: Archaludon|spa|1
|-anim|p2b: Archaludon|Electro Shot|p1a: Oranguru
|-damage|p1a: Oranguru|0 fnt
|faint|p1a: Oranguru
|move|p2a: Pelipper|Weather Ball|p1b: Venusaur
|-resisted|p1b: Venusaur|1
|-damage|p1b: Venusaur|48/100
|
|-weather|RainDance|[upkeep]
|-heal|p2b: Archaludon|89/100|[from] item: Leftovers
|upkeep
|
|t:|1782504689
|switch|p1a: Staraptor|Staraptor, L50, M, shiny|43/100
|-ability|p1a: Staraptor|Intimidate|boost
|-unboost|p2a: Pelipper|atk|1
|-unboost|p2b: Archaludon|atk|1
|turn|7
|-message|Gelmopelo forfeited.
|
|win|monsoonisbest
