|j|ŌśåLightoz IV
|j|ŌśåNorthgdh
|html|Lightoz IVNorthgdh    
|uhtml|bestof|Game 3 of a best-of-3
|t:|1784309965
|gametype|doubles
|player|p1|Lightoz IV|blue-gen2|1317
|player|p2|Northgdh|101|1361
|gen|9
|tier|[Gen 9 Champions] VGC 2026 Reg M-B (Bo3)
|rated|
|rule|Species Clause: Limit one of each Pok├®mon
|rule|Item Clause: Limit 1 of each item
|clearpoke
|poke|p1|Raichu, L50, M|
|poke|p1|Kingambit, L50, M, shiny|
|poke|p1|Basculegion, L50, M|
|poke|p1|Aerodactyl, L50, M|
|poke|p1|Farigiraf, L50, F|
|poke|p1|Sylveon, L50, F, shiny|
|poke|p2|Incineroar, L50, M, shiny|
|poke|p2|Delphox, L50, F, shiny|
|poke|p2|Sinistcha, L50|
|poke|p2|Kingambit, L50, M, shiny|
|poke|p2|Blastoise, L50, M, shiny|
|poke|p2|Sneasler, L50, M|
|teampreview|4
|showteam|p1|Raichu||RaichuniteY|LightningRod|ZapCannon,FocusBlast,FakeOut,Protect|Timid||M|||50|]Kingambit||FocusSash|Defiant|KowtowCleave,SuckerPunch,IronHead,LowKick|Adamant||M|||50|]Basculegion||MysticWater|Adaptability|LastRespects,WaveCrash,AquaJet,Protect|Adamant||M|||50|]Aerodactyl||Aerodactylite|Unnerve|RockSlide,DualWingbeat,Tailwind,IceFang|Jolly||M|||50|]Farigiraf||SitrusBerry|ArmorTail|Psychic,Thunderbolt,TrickRoom,Protect|Bold||F|||50|]Sylveon||FairyFeather|Pixilate|HyperVoice,HyperBeam,QuickAttack,Detect|Modest||F|||50|
|showteam|p2|Incineroar||SitrusBerry|Intimidate|FlareBlitz,FakeOut,HelpingHand,PartingShot|Impish||M|||50|]Delphox||Delphoxite|Blaze|HeatWave,Psychic,NastyPlot,Protect|Timid||F|||50|]Sinistcha||KasibBerry|Hospitality|MatchaGotcha,RagePowder,LifeDew,Protect|Bold|||||50|]Kingambit||LifeOrb|Defiant|KowtowCleave,SuckerPunch,SwordsDance,Protect|Adamant||M|||50|]Blastoise||Blastoisinite|RainDish|WaterSpout,DarkPulse,ShellSmash,Protect|Modest||M|||50|]Sneasler||FocusSash|PoisonTouch|CloseCombat,PoisonJab,FakeOut,QuickGuard|Jolly||M|||50|
|inactive|Battle timer is ON: inactive players will automatically lose when time's up. (requested by Northgdh)
|
|t:|1784309980
|teamsize|p1|4
|teamsize|p2|4
|start
|switch|p1a: Raichu|Raichu, L50, M|100/100
|switch|p1b: Sylveon|Sylveon, L50, F, shiny|100/100
|switch|p2a: begged|Blastoise, L50, M, shiny|100/100
|switch|p2b: the cure|Sinistcha, L50|100/100
|turn|1
|
|t:|1784309985
|switch|p2b: honeybee|Sneasler, L50, M|100/100
|detailschange|p1a: Raichu|Raichu-Mega-Y, L50, M
|-mega|p1a: Raichu|Raichu|Raichunite Y
|detailschange|p2a: begged|Blastoise-Mega, L50, M, shiny
|-mega|p2a: begged|Blastoise|Blastoisinite
|move|p2a: begged|Protect|p2a: begged
|-singleturn|p2a: begged|Protect
|move|p1a: Raichu|Fake Out|p2a: begged
|-activate|p2a: begged|move: Protect
|move|p1b: Sylveon|Hyper Voice|p2b: honeybee|[spread] p2b
|-activate|p2a: begged|move: Protect
|-damage|p2b: honeybee|39/100
|
|upkeep
|turn|2
|
|t:|1784309995
|move|p2b: honeybee|Fake Out|p1a: Raichu
|-damage|p1a: Raichu|80/100
|cant|p1a: Raichu|flinch
|move|p2a: begged|Water Spout|p1a: Raichu|[spread] p1a,p1b
|-damage|p1a: Raichu|3/100
|-damage|p1b: Sylveon|51/100
|move|p1b: Sylveon|Hyper Voice|p2b: honeybee|[spread] p2a,p2b
|-damage|p2a: begged|54/100
|-damage|p2b: honeybee|0 fnt
|faint|p2b: honeybee
|
|upkeep
|
|t:|1784310003
|switch|p2b: the cure|Sinistcha, L50|100/100
|-heal|p2a: begged|78/100|[from] ability: Hospitality|[of] p2b: the cure
|turn|3
|
|t:|1784310011
|move|p2a: begged|Protect|p2a: begged
|-singleturn|p2a: begged|Protect
|move|p1a: Raichu|Zap Cannon|p2b: the cure
|-resisted|p2b: the cure|1
|-damage|p2b: the cure|66/100
|-status|p2b: the cure|par
|move|p1b: Sylveon|Hyper Voice|p2b: the cure|[spread] p2b
|-activate|p2a: begged|move: Protect
|-crit|p2b: the cure
|-damage|p2b: the cure|0 fnt
|faint|p2b: the cure
|
|upkeep
|
|t:|1784310036
|switch|p2b: drop dead|Kingambit, L50, M, shiny|100/100
|turn|4
|c|ŌśåNorthgdh|Quote
|c|ŌśåNorthgdh|Wow*
|c|ŌśåNorthgdh|a crit
|c|ŌśåNorthgdh|Fun
|inactive|Northgdh has 30 seconds left.
|
|t:|1784310064
|move|p2a: begged|Protect|p2a: begged
|-singleturn|p2a: begged|Protect
|move|p2b: drop dead|Sucker Punch|p1a: Raichu
|-damage|p1a: Raichu|0 fnt
|faint|p1a: Raichu
|-damage|p2b: drop dead|90/100|[from] item: Life Orb
|move|p1b: Sylveon|Hyper Voice|p2b: drop dead|[spread] p2b
|-activate|p2a: begged|move: Protect
|-damage|p2b: drop dead|46/100
|
|upkeep
|
|t:|1784310076
|switch|p1a: Kingambit|Kingambit, L50, M, shiny|100/100
|turn|5
|
|t:|1784310090
|move|p2b: drop dead|Sucker Punch|p1b: Sylveon
|-resisted|p1b: Sylveon|1
|-damage|p1b: Sylveon|20/100y
|-damage|p2b: drop dead|37/100|[from] item: Life Orb
|move|p2a: begged|Water Spout|p1b: Sylveon|[spread] p1a,p1b
|-damage|p1a: Kingambit|37/100
|-damage|p1b: Sylveon|0 fnt
|faint|p1b: Sylveon
|move|p1a: Kingambit|Low Kick|p2b: drop dead
|-supereffective|p2b: drop dead|2
|-damage|p2b: drop dead|0 fnt
|faint|p2b: drop dead
|
|upkeep
|
|t:|1784310092
|switch|p1b: Basculegion|Basculegion, L50, M|100/100
|turn|6
|
|t:|1784310114
|move|p2a: begged|Dark Pulse|p1b: Basculegion
|-supereffective|p1b: Basculegion|1
|-damage|p1b: Basculegion|0 fnt
|faint|p1b: Basculegion
|move|p1a: Kingambit|Kowtow Cleave|p2a: begged
|-damage|p2a: begged|27/100
|
|upkeep
|turn|7
|
|t:|1784310123
|move|p1a: Kingambit|Sucker Punch||[still]
|-fail|p1a: Kingambit
|move|p2a: begged|Shell Smash|p2a: begged
|-unboost|p2a: begged|def|1
|-unboost|p2a: begged|spd|1
|-boost|p2a: begged|atk|2
|-boost|p2a: begged|spa|2
|-boost|p2a: begged|spe|2
|
|upkeep
|turn|8
|
|t:|1784310125
|move|p2a: begged|Protect|p2a: begged
|-singleturn|p2a: begged|Protect
|move|p1a: Kingambit|Sucker Punch||[still]
|-fail|p1a: Kingambit
|
|upkeep
|turn|9
|
|t:|1784310132
|move|p1a: Kingambit|Sucker Punch||[still]
|-fail|p1a: Kingambit
|move|p2a: begged|Shell Smash|p2a: begged
|-unboost|p2a: begged|def|1
|-unboost|p2a: begged|spd|1
|-boost|p2a: begged|atk|2
|-boost|p2a: begged|spa|2
|-boost|p2a: begged|spe|2
|
|upkeep
|turn|10
|
|t:|1784310135
|move|p2a: begged|Protect|p2a: begged
|-singleturn|p2a: begged|Protect
|move|p1a: Kingambit|Sucker Punch||[still]
|-fail|p1a: Kingambit
|
|upkeep
|turn|11
|
|t:|1784310148
|move|p1a: Kingambit|Sucker Punch|p2a: begged
|-damage|p2a: begged|0 fnt
|faint|p2a: begged
|
|win|Lightoz IV
|raw|Lightoz IV's rating: 1317 → 1340(+23 for winning)
|raw|Northgdh's rating: 1361 → 1338(-23 for losing)
