|j|☆tmjp01
|j|☆penpur
|html|tmjp01penpur    
|uhtml|bestof|Game 1 of a best-of-3
|t:|1782697136
|gametype|doubles
|player|p1|tmjp01|1|1257
|player|p2|penpur|265|1304
|gen|9
|tier|[Gen 9 Champions] VGC 2026 Reg M-B (Bo3)
|rated|
|rule|Species Clause: Limit one of each Pokémon
|rule|Item Clause: Limit 1 of each item
|clearpoke
|poke|p1|Corviknight, L50, F|
|poke|p1|Tyranitar, L50, M|
|poke|p1|Hydreigon, L50, M|
|poke|p1|Froslass, L50, F|
|poke|p1|Garchomp, L50, M|
|poke|p1|Arcanine-Hisui, L50, M|
|poke|p2|Aerodactyl, L50, M|
|poke|p2|Sylveon, L50, F|
|poke|p2|Charizard, L50, F|
|poke|p2|Kingambit, L50, F|
|poke|p2|Farigiraf, L50, M|
|poke|p2|Garchomp, L50, M|
|teampreview|4
|showteam|p1|Corviknight||OccaBerry|MirrorArmor|BraveBird,Protect,IronHead,Tailwind|Adamant||F|||50|]Tyranitar||Tyranitarite|SandStream|Protect,KnockOff,RockSlide,DragonDance|Adamant||M|||50|]Hydreigon||ChoiceScarf|Levitate|DarkPulse,DracoMeteor,EarthPower,FlashCannon|Timid||M|||50|]Froslass||Froslassite|CursedBody|Blizzard,Protect,ShadowBall,WeatherBall|Timid||F|||50|]Garchomp||LifeOrb|RoughSkin|Protect,DragonClaw,RockSlide,Earthquake|Jolly||M|||50|]Arcanine-Hisui||FocusSash|RockHead|Protect,HeadSmash,ExtremeSpeed,FlareBlitz|Adamant||M|||50|
|showteam|p2|Aerodactyl||Aerodactylite|Unnerve|RockSlide,DualWingbeat,Tailwind,IceFang|Jolly||M|||50|]Sylveon||FairyFeather|Pixilate|HyperVoice,QuickAttack,HyperBeam,Detect|Modest||F|||50|]Charizard||CharizarditeY|Blaze|HeatWave,WeatherBall,SolarBeam,Protect|Modest||F|||50|]Kingambit||BlackGlasses|Defiant|SuckerPunch,KowtowCleave,IronHead,LowKick|Adamant||F|||50|]Farigiraf||SitrusBerry|ArmorTail|TwinBeam,Thunderbolt,HelpingHand,TrickRoom|Bold||M|||50|]Garchomp||LifeOrb|RoughSkin|DragonClaw,Earthquake,RockSlide,Protect|Jolly||M|||50|
|inactive|Battle timer is ON: inactive players will automatically lose when time's up. (requested by penpur)
|
|t:|1782697164
|teamsize|p1|4
|teamsize|p2|4
|start
|switch|p1a: Corviknight|Corviknight, L50, F|100/100
|switch|p1b: Arcanine|Arcanine-Hisui, L50, M|100/100
|switch|p2a: Aerodactyl|Aerodactyl, L50, M|100/100
|switch|p2b: Sylveon|Sylveon, L50, F|100/100
|-ability|p2a: Aerodactyl|Unnerve
|turn|1
|
|t:|1782697182
|switch|p2b: Garchomp|Garchomp, L50, M|100/100
|move|p2a: Aerodactyl|Tailwind|p2a: Aerodactyl
|-sidestart|p2: penpur|move: Tailwind
|move|p1b: Arcanine|Head Smash|p2a: Aerodactyl
|-supereffective|p2a: Aerodactyl|1
|-damage|p2a: Aerodactyl|0 fnt
|faint|p2a: Aerodactyl
|move|p1a: Corviknight|Tailwind|p1a: Corviknight
|-sidestart|p1: tmjp01|move: Tailwind
|
|upkeep
|
|t:|1782697192
|switch|p2a: Charizard|Charizard, L50, F|100/100
|turn|2
|inactive|tmjp01 has 30 seconds left.
|
|t:|1782697221
|move|p2a: Charizard|Protect|p2a: Charizard
|-singleturn|p2a: Charizard|Protect
|move|p1a: Corviknight|Protect|p1a: Corviknight
|-singleturn|p1a: Corviknight|Protect
|move|p2b: Garchomp|Rock Slide|p1a: Corviknight|[spread] p1b
|-activate|p1a: Corviknight|move: Protect
|-supereffective|p1b: Arcanine|1
|-damage|p1b: Arcanine|39/100
|-damage|p2b: Garchomp|90/100|[from] item: Life Orb
|move|p1b: Arcanine|Head Smash|p2a: Charizard
|-activate|p2a: Charizard|move: Protect
|
|upkeep
|turn|3
|
|t:|1782697236
|detailschange|p2a: Charizard|Charizard-Mega-Y, L50, F
|-mega|p2a: Charizard|Charizard|Charizardite Y
|-weather|SunnyDay|[from] ability: Drought|[of] p2a: Charizard
|move|p1b: Arcanine|Extreme Speed|p2a: Charizard
|-damage|p2a: Charizard|73/100
|move|p2b: Garchomp|Earthquake|p1a: Corviknight|[spread] p1b
|-immune|p2a: Charizard
|-immune|p1a: Corviknight
|-supereffective|p1b: Arcanine|2
|-damage|p1b: Arcanine|0 fnt
|faint|p1b: Arcanine
|-damage|p2b: Garchomp|80/100|[from] item: Life Orb
|move|p2a: Charizard|Heat Wave|p1a: Corviknight
|-supereffective|p1a: Corviknight|1
|-enditem|p1a: Corviknight|Occa Berry|[eat]
|-enditem|p1a: Corviknight|Occa Berry|[weaken]
|-damage|p1a: Corviknight|28/100
|move|p1a: Corviknight|Brave Bird|p2a: Charizard
|-damage|p2a: Charizard|25/100
|-damage|p1a: Corviknight|15/100|[from] Recoil
|
|-weather|SunnyDay|[upkeep]
|upkeep
|
|t:|1782697259
|switch|p1b: Froslass|Froslass, L50, F|100/100
|turn|4
|inactive|tmjp01 has 30 seconds left.
|
|t:|1782697291
|switch|p2b: Sylveon|Sylveon, L50, F|100/100
|detailschange|p1b: Froslass|Froslass-Mega, L50, F
|-mega|p1b: Froslass|Froslass|Froslassite
|-weather|Snowscape|[from] ability: Snow Warning|[of] p1b: Froslass
|move|p1b: Froslass|Blizzard|p2a: Charizard|[spread] p2a,p2b
|-damage|p2a: Charizard|0 fnt
|-damage|p2b: Sylveon|62/100
|-status|p2b: Sylveon|frz
|faint|p2a: Charizard
|move|p1a: Corviknight|Iron Head|p2b: Sylveon
|-supereffective|p2b: Sylveon|1
|-damage|p2b: Sylveon|0 fnt
|faint|p2b: Sylveon
|
|-weather|Snowscape|[upkeep]
|-sideend|p2: penpur|move: Tailwind
|-sideend|p1: tmjp01|move: Tailwind
|upkeep
|
|t:|1782697304
|switch|p2b: Garchomp|Garchomp, L50, M|80/100
|turn|5
|-message|penpur forfeited.
|
|win|tmjp01
|l|☆penpur
|player|p2|
||penpur is ready for game 2.
||tmjp01 is ready for game 2.
|uhtml|next|Next: Game 2 of 3
