|j|☆Imreesithink
|j|☆lolgz
|html|Imreesithinklolgz    
|uhtml|bestof|Game 2 of a best-of-3
|t:|1785912119
|gametype|doubles
|player|p1|Imreesithink|1|1256
|player|p2|lolgz|dawn|1321
|gen|9
|tier|[Gen 9 Champions] VGC 2026 Reg M-B (Bo3)
|rated|
|rule|Species Clause: Limit one of each Pokémon
|rule|Item Clause: Limit 1 of each item
|clearpoke
|poke|p1|Staraptor, L50, M, shiny|
|poke|p1|Raichu, L50, F, shiny|
|poke|p1|Sylveon, L50, F, shiny|
|poke|p1|Farigiraf, L50, M, shiny|
|poke|p1|Arcanine-Hisui, L50, F, shiny|
|poke|p1|Kingambit, L50, M, shiny|
|poke|p2|Blastoise, L50, F|
|poke|p2|Vivillon, L50, F|
|poke|p2|Farigiraf, L50, M|
|poke|p2|Gallade, L50, M|
|poke|p2|Kingambit, L50, F|
|poke|p2|Camerupt, L50, F|
|teampreview|4
|showteam|p1|Staraptor||Staraptite|Intimidate|Tailwind,Protect,CloseCombat,DualWingbeat|Jolly||M|||50|]Raichu||RaichuniteY|LightningRod|FakeOut,ZapCannon,FocusBlast,Protect|Timid||F|||50|]Sylveon||FairyFeather|Pixilate|Detect,HyperVoice,QuickAttack,HyperBeam|Modest||F|||50|]Farigiraf||SitrusBerry|ArmorTail|Psychic,TrickRoom,HelpingHand,Protect|Sassy||M|||50|]Arcanine-Hisui||FocusSash|RockHead|Protect,ExtremeSpeed,HeadSmash,FlareBlitz|Jolly||F|||50|]Kingambit||LifeOrb|Defiant|Protect,KowtowCleave,SwordsDance,SuckerPunch|Adamant||M|||50|
|showteam|p2|Blastoise||Blastoisinite|Torrent|WaterSpout,DarkPulse,FakeOut,ShellSmash|Modest||F|||50|]Vivillon||ChoiceScarf|CompoundEyes|SleepPowder,RagePowder,Tailwind,Hurricane|Timid||F|||50|]Farigiraf||SitrusBerry|ArmorTail|TrickRoom,Psychic,HelpingHand,Protect|Relaxed||M|||50|]Gallade||IronBall|Sharpness|SacredSword,PsychoCut,LeafBlade,TrickRoom|Brave||M|||50|]Kingambit||LifeOrb|Defiant|SuckerPunch,KowtowCleave,IronHead,Protect|Brave||F|||50|]Camerupt||Cameruptite|MagmaArmor|HeatWave,EarthPower,AncientPower,Protect|Quiet||F|||50|
|inactive|Battle timer is ON: inactive players will automatically lose when time's up. (requested by Imreesithink)
|inactive|lolgz also wants the timer to be on.
|
|t:|1785912144
|teamsize|p1|4
|teamsize|p2|4
|start
|switch|p1a: Raichu|Raichu, L50, F, shiny|100/100
|switch|p1b: Kingambit|Kingambit, L50, M, shiny|100/100
|switch|p2a: Farigiraf|Farigiraf, L50, M|100/100
|switch|p2b: Gallade|Gallade, L50, M|100/100
|turn|1
|
|t:|1785912165
|detailschange|p1a: Raichu|Raichu-Mega-Y, L50, F, shiny
|-mega|p1a: Raichu|Raichu|Raichunite Y
|move|p1b: Kingambit|Protect|p1b: Kingambit
|-singleturn|p1b: Kingambit|Protect
|move|p1a: Raichu|Zap Cannon|p2b: Gallade
|-crit|p2b: Gallade
|-damage|p2b: Gallade|20/100y
|-status|p2b: Gallade|par
|move|p2b: Gallade|Sacred Sword|p1b: Kingambit
|-activate|p1b: Kingambit|move: Protect
|move|p2a: Farigiraf|Trick Room|p2a: Farigiraf
|-fieldstart|move: Trick Room|[of] p2a: Farigiraf
|
|upkeep
|turn|2
|
|t:|1785912185
|switch|p1b: Farigiraf|Farigiraf, L50, M, shiny|100/100
|move|p2b: Gallade|Psycho Cut|p1a: Raichu
|-damage|p1a: Raichu|15/100
|move|p2a: Farigiraf|Psychic|p1a: Raichu
|-damage|p1a: Raichu|0 fnt
|faint|p1a: Raichu
|
|upkeep
|
|t:|1785912195
|switch|p1a: Kingambit|Kingambit, L50, M, shiny|100/100
|turn|3
|
|t:|1785912200
|move|p2a: Farigiraf|Helping Hand|p2b: Gallade
|-singleturn|p2b: Gallade|Helping Hand|[of] p2a: Farigiraf
|move|p1a: Kingambit|Protect|p1a: Kingambit
|-singleturn|p1a: Kingambit|Protect
|move|p2b: Gallade|Sacred Sword|p1b: Farigiraf
|-damage|p1b: Farigiraf|2/100
|-enditem|p1b: Farigiraf|Sitrus Berry|[eat]
|-heal|p1b: Farigiraf|27/100|[from] item: Sitrus Berry
|move|p1b: Farigiraf|Psychic|p2b: Gallade
|-damage|p2b: Gallade|0 fnt
|faint|p2b: Gallade
|
|upkeep
|
|t:|1785912209
|switch|p2b: Camerupt|Camerupt, L50, F|100/100
|turn|4
|
|t:|1785912218
|switch|p1a: Arcanine|Arcanine-Hisui, L50, F, shiny|100/100
|detailschange|p2b: Camerupt|Camerupt-Mega, L50, F
|-mega|p2b: Camerupt|Camerupt|Cameruptite
|move|p2a: Farigiraf|Helping Hand|p2b: Camerupt
|-singleturn|p2b: Camerupt|Helping Hand|[of] p2a: Farigiraf
|move|p1b: Farigiraf|Protect|p1b: Farigiraf
|-singleturn|p1b: Farigiraf|Protect
|move|p2b: Camerupt|Heat Wave|p1b: Farigiraf|[spread] p1a
|-activate|p1b: Farigiraf|move: Protect
|-resisted|p1a: Arcanine|2
|-damage|p1a: Arcanine|72/100
|
|upkeep
|turn|5
|
|t:|1785912241
|move|p1b: Farigiraf|Helping Hand|p1a: Arcanine
|-singleturn|p1a: Arcanine|Helping Hand|[of] p1b: Farigiraf
|move|p2b: Camerupt|Heat Wave|p1b: Farigiraf|[spread] p1a,p1b
|-resisted|p1a: Arcanine|2
|-damage|p1a: Arcanine|55/100
|-damage|p1b: Farigiraf|0 fnt
|faint|p1b: Farigiraf
|move|p2a: Farigiraf|Psychic|p1a: Arcanine
|-damage|p1a: Arcanine|13/100
|move|p1a: Arcanine|Head Smash|p2b: Camerupt
|-damage|p2b: Camerupt|0 fnt
|faint|p2b: Camerupt
|
|-fieldend|move: Trick Room
|upkeep
|
|t:|1785912254
|switch|p1b: Kingambit|Kingambit, L50, M, shiny|100/100
|switch|p2b: Kingambit|Kingambit, L50, F|100/100
|turn|6
|
|t:|1785912265
|move|p2a: Farigiraf|Protect|p2a: Farigiraf
|-singleturn|p2a: Farigiraf|Protect
|move|p1a: Arcanine|Extreme Speed||[still]
|cant|p2a: Farigiraf|ability: Armor Tail|Extreme Speed|[of] p1a: Arcanine
|move|p2b: Kingambit|Sucker Punch||[still]
|-fail|p2b: Kingambit
|move|p1b: Kingambit|Kowtow Cleave|p2a: Farigiraf
|-activate|p2a: Farigiraf|move: Protect
|
|upkeep
|turn|7
|
|t:|1785912277
|move|p1a: Arcanine|Flare Blitz|p2b: Kingambit
|-supereffective|p2b: Kingambit|1
|-damage|p2b: Kingambit|20/100y
|move|p2a: Farigiraf|Psychic|p1a: Arcanine
|-damage|p1a: Arcanine|0 fnt
|faint|p1a: Arcanine
|move|p1b: Kingambit|Kowtow Cleave|p2a: Farigiraf
|-supereffective|p2a: Farigiraf|1
|-damage|p2a: Farigiraf|1/100
|-enditem|p2a: Farigiraf|Sitrus Berry|[eat]
|-heal|p2a: Farigiraf|25/100|[from] item: Sitrus Berry
|-damage|p1b: Kingambit|90/100|[from] item: Life Orb
|move|p2b: Kingambit|Kowtow Cleave|p1b: Kingambit
|-resisted|p1b: Kingambit|1
|-damage|p1b: Kingambit|67/100
|-damage|p2b: Kingambit|11/100|[from] item: Life Orb
|
|upkeep
|turn|8
|-message|lolgz forfeited.
|
|win|Imreesithink
