|j|☆GymGlofer
|j|☆smearglehater21
|html|GymGlofersmearglehater21    
|uhtml|bestof|Game 1 of a best-of-3
|t:|1784761191
|gametype|doubles
|player|p1|GymGlofer|blackbelt|1125
|player|p2|smearglehater21|nate|1267
|gen|9
|tier|[Gen 9 Champions] VGC 2026 Reg M-B (Bo3)
|rated|
|rule|Species Clause: Limit one of each Pokémon
|rule|Item Clause: Limit 1 of each item
|clearpoke
|poke|p1|Swampert, L50, M|
|poke|p1|Greninja, L50, M|
|poke|p1|Milotic, L50, F|
|poke|p1|Basculegion-F, L50, F|
|poke|p1|Pelipper, L50, F|
|poke|p1|Quaquaval, L50, M|
|poke|p2|Kingambit, L50, F|
|poke|p2|Whimsicott, L50, M|
|poke|p2|Basculegion, L50, M|
|poke|p2|Garchomp, L50, M|
|poke|p2|Charizard, L50, F|
|poke|p2|Floette-Eternal, L50, F|
|teampreview|4
|showteam|p1|Swampert||Swampertite|Damp|Liquidation,Earthquake,BulkUp,Protect|Adamant||M|||50|]Greninja||Greninjite|Protean|FlipTurn,DarkPulse,RockSlide,IcyWind|Hasty||M|||50|]Milotic||Leftovers|Competitive|HydroPump,IceBeam,Coil,LifeDew|Calm||F|||50|]Basculegion-F||LifeOrb|SwiftSwim|ChillingWater,ShadowBall,AquaJet,Protect|Modest||F|||50|]Pelipper||DampRock|Drizzle|WaterPulse,Hurricane,WideGuard,Tailwind|Modest||F|||50|]Quaquaval||FocusSash|Moxie|AquaStep,CloseCombat,SwordsDance,Detect|Jolly||M|||50|
|showteam|p2|Kingambit||ChopleBerry|Defiant|KowtowCleave,LowKick,SuckerPunch,IronHead|Adamant||F|||50|]Whimsicott||FocusSash|Prankster|Moonblast,Tailwind,Encore,Protect|Timid||M|||50|]Basculegion||MysticWater|Adaptability|WaveCrash,LastRespects,AquaJet,Protect|Adamant||M|||50|]Garchomp||LifeOrb|RoughSkin|DragonClaw,RockSlide,Earthquake,Protect|Jolly||M|||50|]Charizard||CharizarditeY|Blaze|WeatherBall,HeatWave,SolarBeam,Protect|Modest||F|||50|]Floette-Eternal||Floettite|FlowerVeil|Moonblast,DazzlingGleam,LightofRuin,Protect|Timid||F|||50|
|inactive|Battle timer is ON: inactive players will automatically lose when time's up. (requested by smearglehater21)
|inactive|smearglehater21 has 60 seconds left.
|
|t:|1784761230
|teamsize|p1|4
|teamsize|p2|4
|start
|switch|p1a: Greninja|Greninja, L50, M|100/100
|switch|p1b: Quaquaval|Quaquaval, L50, M|100/100
|switch|p2a: Charizard|Charizard, L50, F|100/100
|switch|p2b: Garchomp|Garchomp, L50, M|100/100
|turn|1
|inactive|GymGlofer has 30 seconds left.
|
|t:|1784761263
|detailschange|p1a: Greninja|Greninja-Mega, L50, M
|-mega|p1a: Greninja|Greninja|Greninjite
|move|p2a: Charizard|Protect|p2a: Charizard
|-singleturn|p2a: Charizard|Protect
|move|p1a: Greninja|Icy Wind|p2a: Charizard|[spread] p2b
|-start|p1a: Greninja|typechange|Ice|[from] ability: Protean
|-activate|p2a: Charizard|move: Protect
|-supereffective|p2b: Garchomp|2
|-damage|p2b: Garchomp|2/100
|-unboost|p2b: Garchomp|spe|1
|move|p1b: Quaquaval|Aqua Step|p2a: Charizard
|-activate|p2a: Charizard|move: Protect
|move|p2b: Garchomp|Earthquake|p1a: Greninja|[spread] p1a,p1b
|-activate|p2a: Charizard|move: Protect
|-damage|p1a: Greninja|12/100
|-damage|p1b: Quaquaval|38/100
|-damage|p2b: Garchomp|0 fnt|[from] item: Life Orb
|faint|p2b: Garchomp
|
|upkeep
|
|t:|1784761286
|switch|p2b: Whimsicott|Whimsicott, L50, M|100/100
|turn|2
|l|☆GymGlofer
|inactive|GymGlofer disconnected and has a minute to reconnect!
|player|p1|
|j|☆GymGlofer
|inactive|GymGlofer reconnected and has 35 seconds left.
|player|p1|GymGlofer|blackbelt|
|inactive|GymGlofer has 30 seconds left.
|inactive|GymGlofer has 20 seconds left.
|
|t:|1784761322
|detailschange|p2a: Charizard|Charizard-Mega-Y, L50, F
|-mega|p2a: Charizard|Charizard|Charizardite Y
|-weather|SunnyDay|[from] ability: Drought|[of] p2a: Charizard
|move|p1b: Quaquaval|Detect|p1b: Quaquaval
|-singleturn|p1b: Quaquaval|Protect
|move|p2b: Whimsicott|Tailwind|p2b: Whimsicott
|-sidestart|p2: smearglehater21|move: Tailwind
|move|p2a: Charizard|Heat Wave|p1b: Quaquaval|[spread] p1a
|-activate|p1b: Quaquaval|move: Protect
|-supereffective|p1a: Greninja|1
|-damage|p1a: Greninja|0 fnt
|faint|p1a: Greninja
|
|-weather|SunnyDay|[upkeep]
|upkeep
|
|t:|1784761339
|switch|p1a: Basculegion|Basculegion-F, L50, F|100/100
|turn|3
|
|t:|1784761356
|switch|p2a: Basculegion|Basculegion, L50, M|100/100
|switch|p1b: Pelipper|Pelipper, L50, F|100/100
|-weather|RainDance|[from] ability: Drizzle|[of] p1b: Pelipper
|move|p2b: Whimsicott|Moonblast|p1b: Pelipper
|-damage|p1b: Pelipper|53/100
|move|p1a: Basculegion|Shadow Ball|p2b: Whimsicott
|-damage|p2b: Whimsicott|20/100y
|-damage|p1a: Basculegion|90/100|[from] item: Life Orb
|
|-weather|RainDance|[upkeep]
|upkeep
|turn|4
|inactive|GymGlofer has 30 seconds left.
|
|t:|1784761381
|switch|p2b: Charizard|Charizard-Mega-Y, L50, F|100/100
|-weather|SunnyDay|[from] ability: Drought|[of] p2b: Charizard
|move|p1a: Basculegion|Protect|p1a: Basculegion
|-singleturn|p1a: Basculegion|Protect
|move|p2a: Basculegion|Last Respects|p1a: Basculegion
|-activate|p1a: Basculegion|move: Protect
|move|p1b: Pelipper|Hurricane|p2b: Charizard
|-damage|p2b: Charizard|65/100
|
|-weather|SunnyDay|[upkeep]
|upkeep
|turn|5
|inactive|GymGlofer has 30 seconds left.
|
|t:|1784761413
|switch|p1a: Quaquaval|Quaquaval, L50, M|38/100
|move|p2b: Charizard|Solar Beam||[still]
|-prepare|p2b: Charizard|Solar Beam
|-anim|p2b: Charizard|Solar Beam|p1b: Pelipper
|-damage|p1b: Pelipper|0 fnt
|faint|p1b: Pelipper
|move|p2a: Basculegion|Last Respects|p1a: Quaquaval
|-damage|p1a: Quaquaval|0 fnt
|faint|p1a: Quaquaval
|
|-weather|SunnyDay|[upkeep]
|-sideend|p2: smearglehater21|move: Tailwind
|upkeep
|
|t:|1784761420
|switch|p1b: Basculegion|Basculegion-F, L50, F|90/100
|turn|6
|
|t:|1784761427
|move|p2b: Charizard|Solar Beam||[still]
|-prepare|p2b: Charizard|Solar Beam
|-anim|p2b: Charizard|Solar Beam|p1b: Basculegion
|-supereffective|p1b: Basculegion|1
|-damage|p1b: Basculegion|0 fnt
|faint|p1b: Basculegion
|
|win|smearglehater21
