|j|☆wikit
|j|☆Chochito Pelao
|html|wikitChochito Pelao    
|uhtml|bestof|Game 2 of a best-of-3
|t:|1785420046
|gametype|doubles
|player|p1|wikit|170|1348
|player|p2|Chochito Pelao|striker|1356
|gen|9
|tier|[Gen 9 Champions] VGC 2026 Reg M-B (Bo3)
|rated|
|rule|Species Clause: Limit one of each Pokémon
|rule|Item Clause: Limit 1 of each item
|clearpoke
|poke|p1|Floette-Eternal, L50, F|
|poke|p1|Charizard, L50, F|
|poke|p1|Kingambit, L50, F|
|poke|p1|Whimsicott, L50, M|
|poke|p1|Basculegion, L50, M|
|poke|p1|Garchomp, L50, M|
|poke|p2|Incineroar, L50, F|
|poke|p2|Floette-Eternal, L50, F|
|poke|p2|Sinistcha-Masterpiece, L50, shiny|
|poke|p2|Kommo-o, L50, M|
|poke|p2|Kingambit, L50, F|
|poke|p2|Aerodactyl, L50, F|
|teampreview|4
|showteam|p1|Floette-Eternal||Floettite|FlowerVeil|Moonblast,DazzlingGleam,LightofRuin,Protect|Timid||F|||50|]Charizard||CharizarditeY|Blaze|WeatherBall,SolarBeam,HeatWave,Protect|Modest||F|||50|]Kingambit||BlackGlasses|Defiant|KowtowCleave,IronHead,SuckerPunch,Protect|Adamant||F|||50|]Whimsicott||FocusSash|Prankster|Moonblast,Tailwind,Encore,Protect|Timid||M|||50|]Basculegion||MysticWater|Adaptability|WaveCrash,LastRespects,AquaJet,Protect|Adamant||M|||50|]Garchomp||LifeOrb|RoughSkin|DragonClaw,Earthquake,RockSlide,Protect|Jolly||M|||50|
|showteam|p2|Incineroar||SitrusBerry|Intimidate|FakeOut,PartingShot,ThroatChop,FlareBlitz|Careful||F|||50|]Floette-Eternal||Floettite|FlowerVeil|Moonblast,DazzlingGleam,CalmMind,Protect|Modest||F|||50|]Sinistcha-Masterpiece||ColburBerry|Hospitality|MatchaGotcha,LifeDew,RagePowder,TrickRoom|Bold|||||50|]Kommo-o||Leftovers|Overcoat|ClangingScales,AuraSphere,ClangorousSoul,Protect|Modest||M|||50|]Kingambit||FocusSash|Defiant|KowtowCleave,SuckerPunch,IronHead,Protect|Adamant||F|||50|]Aerodactyl||Aerodactylite|Unnerve|Protect,RockSlide,Tailwind,DualWingbeat|Jolly||F|||50|
|inactive|Battle timer is ON: inactive players will automatically lose when time's up. (requested by wikit)
|
|t:|1785420072
|teamsize|p1|4
|teamsize|p2|4
|start
|switch|p1a: Basculegion|Basculegion, L50, M|100/100
|switch|p1b: Floette|Floette-Eternal, L50, F|100/100
|switch|p2a: Aerodactyl|Aerodactyl, L50, F|100/100
|switch|p2b: Kingambit|Kingambit, L50, F|100/100
|-ability|p2a: Aerodactyl|Unnerve
|turn|1
|inactive|Chochito Pelao has 30 seconds left.
|inactive|Chochito Pelao has 20 seconds left.
|inactive|Chochito Pelao has 15 seconds left.
|inactive|Chochito Pelao has 10 seconds left.
|
|t:|1785420119
|switch|p2a: Incineroar|Incineroar, L50, F|100/100
|-ability|p2a: Incineroar|Intimidate|boost
|-unboost|p1a: Basculegion|atk|1
|-unboost|p1b: Floette|atk|1
|switch|p1a: Whimsicott|Whimsicott, L50, M|100/100
|move|p1b: Floette|Protect|p1b: Floette
|-singleturn|p1b: Floette|Protect
|move|p2b: Kingambit|Iron Head|p1b: Floette
|-activate|p1b: Floette|move: Protect
|
|upkeep
|turn|2
|inactive|Chochito Pelao has 30 seconds left.
|inactive|Chochito Pelao has 20 seconds left.
|inactive|Chochito Pelao has 15 seconds left.
|
|t:|1785420159
|switch|p1b: Garchomp|Garchomp, L50, M|100/100
|move|p1a: Whimsicott|Protect|p1a: Whimsicott
|-singleturn|p1a: Whimsicott|Protect
|move|p2a: Incineroar|Fake Out|p1a: Whimsicott
|-activate|p1a: Whimsicott|move: Protect
|move|p2b: Kingambit|Iron Head|p1b: Garchomp
|-damage|p1b: Garchomp|56/100
|-damage|p2b: Kingambit|87/100|[from] ability: Rough Skin|[of] p1b: Garchomp
|
|upkeep
|turn|3
|
|t:|1785420182
|move|p2b: Kingambit|Protect|p2b: Kingambit
|-singleturn|p2b: Kingambit|Protect
|move|p1a: Whimsicott|Moonblast|p2a: Incineroar
|-damage|p2a: Incineroar|70/100
|move|p1b: Garchomp|Earthquake|p2a: Incineroar|[spread] p1a,p2a
|-activate|p2b: Kingambit|move: Protect
|-resisted|p1a: Whimsicott|1
|-supereffective|p2a: Incineroar|1
|-damage|p1a: Whimsicott|59/100
|-damage|p2a: Incineroar|0 fnt
|faint|p2a: Incineroar
|-damage|p1b: Garchomp|46/100|[from] item: Life Orb
|
|upkeep
|
|t:|1785420192
|switch|p2a: Aerodactyl|Aerodactyl, L50, F|100/100
|-ability|p2a: Aerodactyl|Unnerve
|turn|4
|
|t:|1785420211
|move|p2b: Kingambit|Protect|p2b: Kingambit
|-singleturn|p2b: Kingambit|Protect
|move|p1a: Whimsicott|Tailwind|p1a: Whimsicott
|-sidestart|p1: wikit|move: Tailwind
|move|p1b: Garchomp|Rock Slide|p2a: Aerodactyl|[spread] p2a
|-activate|p2b: Kingambit|move: Protect
|-supereffective|p2a: Aerodactyl|1
|-damage|p2a: Aerodactyl|28/100
|-damage|p1b: Garchomp|36/100|[from] item: Life Orb
|cant|p2a: Aerodactyl|flinch
|
|upkeep
|turn|5
|
|t:|1785420229
|move|p2b: Kingambit|Sucker Punch|p1b: Garchomp
|-damage|p1b: Garchomp|0 fnt
|-damage|p2b: Kingambit|75/100|[from] ability: Rough Skin|[of] p1b: Garchomp
|faint|p1b: Garchomp
|move|p1a: Whimsicott|Moonblast|p2a: Aerodactyl
|-damage|p2a: Aerodactyl|0 fnt
|faint|p2a: Aerodactyl
|
|upkeep
|
|t:|1785420236
|switch|p2a: Floette|Floette-Eternal, L50, F|100/100
|switch|p1b: Floette|Floette-Eternal, L50, F|100/100
|turn|6
|
|t:|1785420260
|detailschange|p1b: Floette|Floette-Mega, L50, F
|-mega|p1b: Floette|Floette|Floettite
|-ability|p1b: Floette|Fairy Aura
|detailschange|p2a: Floette|Floette-Mega, L50, F
|-mega|p2a: Floette|Floette|Floettite
|-ability|p2a: Floette|Fairy Aura
|move|p2b: Kingambit|Protect|p2b: Kingambit
|-singleturn|p2b: Kingambit|Protect
|move|p1a: Whimsicott|Moonblast|p2a: Floette
|-damage|p2a: Floette|66/100
|move|p1b: Floette|Moonblast|p2b: Kingambit
|-activate|p2b: Kingambit|move: Protect
|move|p2a: Floette|Dazzling Gleam|p1b: Floette|[spread] p1a,p1b
|-damage|p1a: Whimsicott|0 fnt
|-damage|p1b: Floette|57/100
|faint|p1a: Whimsicott
|
|upkeep
|
|t:|1785420267
|switch|p1a: Basculegion|Basculegion, L50, M|100/100
|turn|7
|
|t:|1785420288
|move|p1a: Basculegion|Aqua Jet|p2a: Floette
|-crit|p2a: Floette
|-damage|p2a: Floette|14/100
|move|p2b: Kingambit|Sucker Punch||[still]
|-fail|p2b: Kingambit
|move|p1b: Floette|Moonblast|p2b: Kingambit
|-damage|p2b: Kingambit|0 fnt
|faint|p2b: Kingambit
|move|p2a: Floette|Dazzling Gleam|p1a: Basculegion|[spread] p1a,p1b
|-damage|p1a: Basculegion|44/100
|-damage|p1b: Floette|14/100
|
|-sideend|p1: wikit|move: Tailwind
|upkeep
|turn|8
|
|t:|1785420300
|move|p1a: Basculegion|Aqua Jet|p2a: Floette
|-damage|p2a: Floette|0 fnt
|faint|p2a: Floette
|
|win|wikit
