|j|☆Seanun
|j|☆ShinkaiEx
|html|SeanunShinkaiEx    
|uhtml|bestof|Game 1 of a best-of-3
|t:|1757795166
|gametype|doubles
|player|p1|Seanun|iris-gen5bw2|1056
|player|p2|ShinkaiEx|2|1087
|gen|9
|tier|[Gen 9] VGC 2025 Reg H (Bo3)
|rated|
|rule|Species Clause: Limit one of each Pokémon
|rule|Item Clause: Limit 1 of each item
|clearpoke
|poke|p1|Dragalge, L50, M|
|poke|p1|Morpeko, L50, F|
|poke|p1|Klefki, L50, M|
|poke|p1|Talonflame, L50, M|
|poke|p1|Politoed, L50, M|
|poke|p1|Annihilape, L50, M|
|poke|p2|Excadrill, L50, F|
|poke|p2|Tyranitar, L50, F|
|poke|p2|Sneasler, L50, F|
|poke|p2|Indeedee, L50, M|
|poke|p2|Corviknight, L50, M|
|poke|p2|Annihilape, L50, F|
|teampreview|4
|showteam|p1|Dragalge||AssaultVest|Adaptability|DracoMeteor,SludgeWave,Surf,FlipTurn|||M|||50|,,,,,Water]Morpeko||FocusSash|HungerSwitch|FakeOut,AuraWheel,PartingShot,Protect|||F|||50|,,,,,Electric]Klefki||CovertCloak|Prankster|Reflect,LightScreen,TrickRoom,MistyTerrain|||M|||50|,,,,,Dark]Talonflame||SharpBeak|GaleWings|Hurricane,Tailwind,QuickGuard,Uturn|||M|||50|,,,,,Flying]Politoed||SafetyGoggles|Drizzle|WeatherBall,IcyWind,HelpingHand,Protect|||M|||50|,,,,,Grass]Annihilape||ChoiceBand|Defiant|RageFist,CloseCombat,PoisonJab,IcePunch|||M|||50|,,,,,Fairy
|showteam|p2|Excadrill||FocusSash|SandRush|IronHead,HighHorsepower,Earthquake,Protect|||F|||50|,,,,,Stellar]Tyranitar||AssaultVest|SandStream|RockSlide,KnockOff,TeraBlast,LowKick|||F|||50|,,,,,Flying]Sneasler||MentalHerb|Unburden|DireClaw,CloseCombat,ThroatChop,Protect|||F|||50|,,,,,Dark]Indeedee||ChoiceScarf|PsychicSurge|ExpandingForce,TeraBlast,HelpingHand,TrickRoom|||M|||50|,,,,,Psychic]Corviknight||Leftovers|MirrorArmor|BraveBird,BulkUp,Roost,Tailwind|||M|||50|,,,,,Dragon]Annihilape||SafetyGoggles|Defiant|CloseCombat,FinalGambit,RageFist,Taunt|||F|||50|,,,,,Water
|inactive|Battle timer is ON: inactive players will automatically lose when time's up. (requested by Seanun)
|inactive|Seanun has 60 seconds left.
|inactive|ShinkaiEx has 60 seconds left.
|
|t:|1757795221
|teamsize|p1|4
|teamsize|p2|4
|start
|switch|p1a: eep|Morpeko, L50, F, shiny|100/100
|switch|p1b: Nyoka-Joka|Dragalge, L50, M|100/100
|switch|p2a: Indeedee|Indeedee, L50, M, shiny|100/100
|switch|p2b: Corviknight|Corviknight, L50, M|100/100
|-fieldstart|move: Psychic Terrain|[from] ability: Psychic Surge|[of] p2a: Indeedee
|turn|1
|inactive|ShinkaiEx has 30 seconds left.
|inactive|Seanun has 30 seconds left.
|
|t:|1757795255
|switch|p2b: Tyranitar|Tyranitar, L50, F, shiny|100/100
|-weather|Sandstorm|[from] ability: Sand Stream|[of] p2b: Tyranitar
|-terastallize|p1b: Nyoka-Joka|Water
|move|p2a: Indeedee|Expanding Force|p1b: Nyoka-Joka|[spread] p1b
|-immune|p1a: eep
|-damage|p1b: Nyoka-Joka|69/100
|move|p1a: eep|Aura Wheel|p2b: Tyranitar
|-damage|p2b: Tyranitar|58/100
|-boost|p1a: eep|spe|1
|move|p1b: Nyoka-Joka|Draco Meteor|p2b: Tyranitar
|-damage|p2b: Tyranitar|32/100
|-unboost|p1b: Nyoka-Joka|spa|2
|
|-weather|Sandstorm|[upkeep]
|-damage|p1a: eep|95/100|[from] Sandstorm
|-damage|p2a: Indeedee|95/100|[from] Sandstorm
|-damage|p1b: Nyoka-Joka|63/100|[from] Sandstorm
|-formechange|p1a: eep|Morpeko-Hangry||[from] ability: Hunger Switch
|upkeep
|turn|2
|inactive|ShinkaiEx has 30 seconds left.
|
|t:|1757795288
|switch|p2b: Corviknight|Corviknight, L50, M|100/100
|move|p1a: eep|Aura Wheel|p2a: Indeedee
|-supereffective|p2a: Indeedee
|-damage|p2a: Indeedee|0 fnt
|-boost|p1a: eep|spe|1
|faint|p2a: Indeedee
|move|p1b: Nyoka-Joka|Flip Turn|p2b: Corviknight
|-damage|p2b: Corviknight|84/100
|
|t:|1757795293
|switch|p1b: Sióg|Klefki, L50, M, shiny|100/100|[from] Flip Turn
|
|-weather|Sandstorm|[upkeep]
|-damage|p1a: eep|89/100|[from] Sandstorm
|-heal|p2b: Corviknight|90/100|[from] item: Leftovers
|-formechange|p1a: eep|Morpeko||[from] ability: Hunger Switch
|upkeep
|
|t:|1757795297
|switch|p2a: Excadrill|Excadrill, L50, F, shiny|100/100
|turn|3
|
|t:|1757795309
|-terastallize|p2a: Excadrill|Stellar
|move|p1b: Sióg|Reflect|p1b: Sióg
|-sidestart|p1: Seanun|Reflect
|move|p1a: eep|Parting Shot|p2a: Excadrill
|-unboost|p2a: Excadrill|atk|1
|-unboost|p2a: Excadrill|spa|1
|
|t:|1757795314
|switch|p1a: Politoed|Politoed, L50, M|100/100|[from] Parting Shot
|-weather|RainDance|[from] ability: Drizzle|[of] p1a: Politoed
|move|p2a: Excadrill|Earthquake|p1b: Sióg|[spread] p1a,p1b
|-immune|p2b: Corviknight
|-supereffective|p1b: Sióg
|-damage|p1a: Politoed|71/100
|-damage|p1b: Sióg|55/100
|move|p2b: Corviknight|Tailwind|p2b: Corviknight
|-sidestart|p2: ShinkaiEx|move: Tailwind
|
|-weather|RainDance|[upkeep]
|-heal|p2b: Corviknight|96/100|[from] item: Leftovers
|upkeep
|turn|4
|
|t:|1757795326
|switch|p2b: Tyranitar|Tyranitar, L50, F, shiny|32/100
|-weather|Sandstorm|[from] ability: Sand Stream|[of] p2b: Tyranitar
|switch|p1b: Nyoka-Joka|Dragalge, L50, M, tera:Water|63/100
|move|p2a: Excadrill|Earthquake|p1a: Politoed|[spread] p2b,p1a,p1b
|-supereffective|p2b: Tyranitar
|-damage|p2b: Tyranitar|0 fnt
|-damage|p1a: Politoed|46/100
|-damage|p1b: Nyoka-Joka|41/100
|faint|p2b: Tyranitar
|move|p1a: Politoed|Icy Wind|p2a: Excadrill
|-damage|p2a: Excadrill|84/100
|-unboost|p2a: Excadrill|spe|1
|
|-weather|Sandstorm|[upkeep]
|-damage|p1b: Nyoka-Joka|35/100|[from] Sandstorm
|upkeep
|
|t:|1757795340
|switch|p2b: Corviknight|Corviknight, L50, M|96/100
|turn|5
|
|t:|1757795355
|switch|p1b: Sióg|Klefki, L50, M, shiny|55/100
|move|p2a: Excadrill|High Horsepower|p1b: Sióg
|-supereffective|p1b: Sióg
|-damage|p1b: Sióg|16/100
|move|p2b: Corviknight|Bulk Up|p2b: Corviknight
|-boost|p2b: Corviknight|atk|1
|-boost|p2b: Corviknight|def|1
|move|p1a: Politoed|Icy Wind|p2b: Corviknight|[spread] p2b
|-miss|p1a: Politoed|p2a: Excadrill
|-crit|p2b: Corviknight
|-damage|p2b: Corviknight|84/100
|-ability|p2b: Corviknight|Mirror Armor
|-unboost|p1a: Politoed|spe|1
|
|-weather|Sandstorm|[upkeep]
|-heal|p2b: Corviknight|90/100|[from] item: Leftovers
|-fieldend|move: Psychic Terrain
|upkeep
|turn|6
|inactive|ShinkaiEx has 30 seconds left.
|inactive|ShinkaiEx has 20 seconds left.
|
|t:|1757795395
|switch|p1a: eep|Morpeko, L50, F, shiny|89/100
|move|p2a: Excadrill|Protect|p2a: Excadrill
|-singleturn|p2a: Excadrill|Protect
|move|p2b: Corviknight|Bulk Up|p2b: Corviknight
|-boost|p2b: Corviknight|atk|1
|-boost|p2b: Corviknight|def|1
|move|p1b: Sióg|Trick Room|p1b: Sióg
|-fieldstart|move: Trick Room|[of] p1b: Sióg
|
|-weather|Sandstorm|[upkeep]
|-damage|p1a: eep|83/100|[from] Sandstorm
|-heal|p2b: Corviknight|96/100|[from] item: Leftovers
|-sideend|p2: ShinkaiEx|move: Tailwind
|-formechange|p1a: eep|Morpeko-Hangry||[from] ability: Hunger Switch
|upkeep
|turn|7
|
|t:|1757795416
|move|p1b: Sióg|Misty Terrain|p1b: Sióg
|-fieldstart|move: Misty Terrain
|move|p2b: Corviknight|Tailwind|p2b: Corviknight
|-sidestart|p2: ShinkaiEx|move: Tailwind
|move|p1a: eep|Parting Shot|p2a: Excadrill
|-unboost|p2a: Excadrill|atk|1
|-unboost|p2a: Excadrill|spa|1
|
|t:|1757795419
|switch|p1a: Nyoka-Joka|Dragalge, L50, M, tera:Water|35/100|[from] Parting Shot
|move|p2a: Excadrill|Earthquake|p1b: Sióg|[spread] p1a,p1b
|-immune|p2b: Corviknight
|-supereffective|p1b: Sióg
|-damage|p1a: Nyoka-Joka|18/100
|-damage|p1b: Sióg|0 fnt
|faint|p1b: Sióg
|
|-weather|Sandstorm|[upkeep]
|-damage|p1a: Nyoka-Joka|12/100|[from] Sandstorm
|-heal|p2b: Corviknight|100/100|[from] item: Leftovers
|-sideend|p1: Seanun|Reflect
|upkeep
|
|t:|1757795426
|switch|p1b: Politoed|Politoed, L50, M|46/100
|-weather|RainDance|[from] ability: Drizzle|[of] p1b: Politoed
|turn|8
|
|t:|1757795445
|move|p1a: Nyoka-Joka|Surf|p2a: Excadrill|[spread] p1b,p2a,p2b
|-resisted|p1b: Politoed
|-supereffective|p2a: Excadrill
|-damage|p1b: Politoed|25/100
|-damage|p2a: Excadrill|0 fnt
|-damage|p2b: Corviknight|40/100
|faint|p2a: Excadrill
|move|p1b: Politoed|Icy Wind|p2b: Corviknight
|-damage|p2b: Corviknight|29/100
|-ability|p2b: Corviknight|Mirror Armor
|-unboost|p1b: Politoed|spe|1
|move|p2b: Corviknight|Brave Bird|p1b: Politoed
|-crit|p1b: Politoed
|-damage|p1b: Politoed|0 fnt
|faint|p1b: Politoed
|-damage|p2b: Corviknight|21/100|[from] Recoil
|
|-weather|RainDance|[upkeep]
|-heal|p2b: Corviknight|27/100|[from] item: Leftovers
|upkeep
|
|t:|1757795447
|switch|p1b: eep|Morpeko, L50, F, shiny|83/100
|turn|9
|
|t:|1757795456
|move|p1a: Nyoka-Joka|Surf|p2b: Corviknight|[spread] p1b,p2b
|-damage|p1b: eep|0 fnt
|-damage|p2b: Corviknight|0 fnt
|faint|p1b: eep
|faint|p2b: Corviknight
|
|win|Seanun
||Seanun is ready for game 2.
||ShinkaiEx is ready for game 2.
|uhtml|next|Next: Game 2 of 3
|l|☆Seanun
|player|p1|
|j|☆Seanun
|player|p1|Seanun|iris-gen5bw2|
|l|☆Seanun
|player|p1|
