|j|☆kerzz49
|j|☆sergimacaco
|html|kerzz49sergimacaco    
|uhtml|bestof|Game 2 of a best-of-3
|t:|1782315975
|gametype|doubles
|player|p1|kerzz49|cilan|1189
|player|p2|sergimacaco|265|1183
|gen|9
|tier|[Gen 9 Champions] VGC 2026 Reg M-B (Bo3)
|rated|
|rule|Species Clause: Limit one of each Pokémon
|rule|Item Clause: Limit 1 of each item
|clearpoke
|poke|p1|Blaziken, L50, M|
|poke|p1|Kingambit, L50, M|
|poke|p1|Aerodactyl, L50, M|
|poke|p1|Weavile, L50, M|
|poke|p1|Basculegion, L50, M|
|poke|p1|Sylveon, L50, F|
|poke|p2|Staraptor, L50, F|
|poke|p2|Whimsicott, L50, M|
|poke|p2|Gholdengo, L50|
|poke|p2|Garchomp, L50, M|
|poke|p2|Sylveon, L50, F|
|poke|p2|Aerodactyl, L50, M|
|teampreview|4
|showteam|p1|Blaziken||Blazikenite|SpeedBoost|FlareBlitz,CloseCombat,SwordsDance,Protect|Adamant||M|||50|]Kingambit||LifeOrb|Defiant|KowtowCleave,IronHead,SuckerPunch,Protect|Adamant||M|||50|]Aerodactyl||Aerodactylite|Unnerve|RockSlide,DualWingbeat,IceFang,Tailwind|Jolly||M|||50|]Weavile||WideLens|Pressure|FakeOut,TripleAxel,KnockOff,UpperHand|Jolly||M|||50|]Basculegion||FocusSash|Adaptability|Liquidation,LastRespects,AquaJet,Protect|Adamant||M|||50|]Sylveon||FairyFeather|Pixilate|HyperVoice,HyperBeam,QuickAttack,Protect|Modest||F|||50|
|showteam|p2|Staraptor||Staraptite|Intimidate|BraveBird,CloseCombat,Protect,Roost|Jolly||F|||50|]Whimsicott||FocusSash|Prankster|SunnyDay,Encore,Charm,Tailwind|Timid||M|||50|]Gholdengo||ChoiceScarf|GoodasGold|ShadowBall,PowerGem,Thunderbolt,FlashCannon|Modest|||||50|]Garchomp||LifeOrb|RoughSkin|Earthquake,RockSlide,DragonClaw,Protect|Jolly||M|||50|]Sylveon||FairyFeather|Pixilate|QuickAttack,HyperBeam,HyperVoice,Protect|Modest||F|||50|]Aerodactyl||Aerodactylite|Unnerve|RockSlide,DualWingbeat,IceFang,Protect|Jolly||M|||50|
|inactive|Battle timer is ON: inactive players will automatically lose when time's up. (requested by kerzz49)
|
|t:|1782316037
|teamsize|p1|4
|teamsize|p2|4
|start
|switch|p1a: Basculegion|Basculegion, L50, M|100/100
|switch|p1b: Sylveon|Sylveon, L50, F|100/100
|switch|p2a: Gholdengo|Gholdengo, L50|100/100
|switch|p2b: Whimsicott|Whimsicott, L50, M|100/100
|turn|1
|inactive|kerzz49 has 30 seconds left.
|
|t:|1782316063
|switch|p1b: Kingambit|Kingambit, L50, M|100/100
|move|p2b: Whimsicott|Tailwind|p2b: Whimsicott
|-sidestart|p2: sergimacaco|move: Tailwind
|move|p2a: Gholdengo|Shadow Ball|p1a: Basculegion
|-supereffective|p1a: Basculegion|1
|-enditem|p1a: Basculegion|Focus Sash
|-damage|p1a: Basculegion|1/100
|-unboost|p1a: Basculegion|spd|1
|move|p1a: Basculegion|Liquidation|p2a: Gholdengo
|-damage|p2a: Gholdengo|30/100
|
|upkeep
|turn|2
|inactive|sergimacaco has 30 seconds left.
|inactive|sergimacaco has 20 seconds left.
|inactive|sergimacaco has 15 seconds left.
|
|t:|1782316104
|switch|p2a: Staraptor|Staraptor, L50, F|100/100
|-ability|p2a: Staraptor|Intimidate|boost
|-unboost|p1a: Basculegion|atk|1
|-unboost|p1b: Kingambit|atk|1
|-ability|p1b: Kingambit|Defiant|boost
|-boost|p1b: Kingambit|atk|2
|move|p1a: Basculegion|Protect|p1a: Basculegion
|-singleturn|p1a: Basculegion|Protect
|move|p2b: Whimsicott|Charm|p1a: Basculegion
|-activate|p1a: Basculegion|move: Protect
|move|p1b: Kingambit|Iron Head|p2b: Whimsicott
|-supereffective|p2b: Whimsicott|1
|-enditem|p2b: Whimsicott|Focus Sash
|-damage|p2b: Whimsicott|1/100
|-damage|p1b: Kingambit|90/100|[from] item: Life Orb
|
|upkeep
|turn|3
|inactive|kerzz49 has 30 seconds left.
|inactive|sergimacaco has 30 seconds left.
|inactive|kerzz49 has 20 seconds left.
|inactive|kerzz49 has 15 seconds left.
|
|t:|1782316144
|detailschange|p2a: Staraptor|Staraptor-Mega, L50, F
|-mega|p2a: Staraptor|Staraptor|Staraptite
|move|p2b: Whimsicott|Charm|p2a: Staraptor
|-boost|p2a: Staraptor|atk|2
|move|p1b: Kingambit|Sucker Punch|p2a: Staraptor
|-resisted|p2a: Staraptor|1
|-damage|p2a: Staraptor|56/100
|-damage|p1b: Kingambit|80/100|[from] item: Life Orb
|move|p2a: Staraptor|Brave Bird|p1a: Basculegion
|-damage|p1a: Basculegion|0 fnt
|faint|p1a: Basculegion
|-damage|p2a: Staraptor|56/100|[from] Recoil
|
|upkeep
|
|t:|1782316159
|switch|p1a: Sylveon|Sylveon, L50, F|100/100
|turn|4
|inactive|kerzz49 has 30 seconds left.
|inactive|sergimacaco has 30 seconds left.
|inactive|kerzz49 has 20 seconds left.
|inactive|sergimacaco has 20 seconds left.
|inactive|sergimacaco has 15 seconds left.
|inactive|sergimacaco has 10 seconds left.
|inactive|sergimacaco has 5 seconds left.
|
|t:|1782316210
|move|p1b: Kingambit|Protect|p1b: Kingambit
|-singleturn|p1b: Kingambit|Protect
|move|p2b: Whimsicott|Charm|p2a: Staraptor
|-boost|p2a: Staraptor|atk|2
|move|p2a: Staraptor|Brave Bird|p1a: Sylveon
|-damage|p1a: Sylveon|0 fnt
|faint|p1a: Sylveon
|-damage|p2a: Staraptor|20/100y|[from] Recoil
|
|-sideend|p2: sergimacaco|move: Tailwind
|upkeep
|
|t:|1782316218
|switch|p1a: Aerodactyl|Aerodactyl, L50, M|100/100
|-ability|p1a: Aerodactyl|Unnerve
|turn|5
|
|t:|1782316232
|detailschange|p1a: Aerodactyl|Aerodactyl-Mega, L50, M
|-mega|p1a: Aerodactyl|Aerodactyl|Aerodactylite
|move|p2b: Whimsicott|Tailwind|p2b: Whimsicott
|-sidestart|p2: sergimacaco|move: Tailwind
|move|p1b: Kingambit|Sucker Punch||[still]
|-fail|p1b: Kingambit
|move|p2a: Staraptor|Roost|p2a: Staraptor
|-heal|p2a: Staraptor|70/100
|-singleturn|p2a: Staraptor|move: Roost
|move|p1a: Aerodactyl|Dual Wingbeat|p2a: Staraptor
|-supereffective|p2a: Staraptor|1
|-damage|p2a: Staraptor|13/100
|-supereffective|p2a: Staraptor|1
|-damage|p2a: Staraptor|0 fnt
|faint|p2a: Staraptor
|-hitcount|p2: Staraptor|2
|
|upkeep
|inactive|sergimacaco has 30 seconds left.
|
|t:|1782316259
|switch|p2a: Garchomp|Garchomp, L50, M|100/100
|turn|6
|inactive|kerzz49 has 30 seconds left.
|
|t:|1782316285
|move|p2b: Whimsicott|Encore|p1a: Aerodactyl
|-start|p1a: Aerodactyl|Encore
|move|p1b: Kingambit|Sucker Punch|p2a: Garchomp
|-damage|p2a: Garchomp|17/100
|-damage|p1b: Kingambit|68/100|[from] ability: Rough Skin|[of] p2a: Garchomp
|-damage|p1b: Kingambit|59/100|[from] item: Life Orb
|move|p2a: Garchomp|Earthquake|p1b: Kingambit|[spread] p2b,p1b
|-immune|p1a: Aerodactyl
|-resisted|p2b: Whimsicott|1
|-supereffective|p1b: Kingambit|1
|-damage|p2b: Whimsicott|0 fnt
|-damage|p1b: Kingambit|0 fnt
|faint|p2b: Whimsicott
|faint|p1b: Kingambit
|-damage|p2a: Garchomp|8/100|[from] item: Life Orb
|move|p1a: Aerodactyl|Dual Wingbeat|p2a: Garchomp
|-crit|p2a: Garchomp
|-damage|p2a: Garchomp|0 fnt
|-damage|p1a: Aerodactyl|87/100|[from] ability: Rough Skin|[of] p2a: Garchomp
|faint|p2a: Garchomp
|-hitcount|p2: Garchomp|1
|
|upkeep
|
|t:|1782316301
|switch|p2b: Gholdengo|Gholdengo, L50|30/100
|turn|7
|
|t:|1782316307
|move|p2b: Gholdengo|Flash Cannon|p1a: Aerodactyl
|-supereffective|p1a: Aerodactyl|1
|-damage|p1a: Aerodactyl|0 fnt
|faint|p1a: Aerodactyl
|
|win|sergimacaco
|raw|kerzz49's rating: 1189 → 1164(-25 for losing)
|raw|sergimacaco's rating: 1183 → 1208(+25 for winning)
