|j|âک†gackajink
|j|âک†Scaramouche_UwU6
|html|gackajinkScaramouche_UwU6    
|uhtml|bestof|Game 2 of a best-of-3
|t:|1785736711
|gametype|doubles
|player|p1|gackajink|miku-flying|
|player|p2|Scaramouche_UwU6|102|
|gen|9
|tier|[Gen 9 Champions] VGC 2026 Reg M-B (Bo3)
|rule|Species Clause: Limit one of each Pokأ©mon
|rule|Item Clause: Limit 1 of each item
|clearpoke
|poke|p1|Alakazam, L50, M|
|poke|p1|Meowstic, L50, M|
|poke|p1|Sneasler, L50, F|
|poke|p1|Whimsicott, L50, F, shiny|
|poke|p1|Basculegion, L50, M|
|poke|p1|Gallade, L50, M|
|poke|p2|Malamar, L50, M, shiny|
|poke|p2|Meowstic, L50, M|
|poke|p2|Sinistcha, L50|
|poke|p2|Incineroar, L50, M, shiny|
|poke|p2|Noivern, L50, M, shiny|
|poke|p2|Floette-Eternal, L50, F|
|teampreview|4
|showteam|p1|Alakazam||Alakazite|InnerFocus|NastyPlot,ExpandingForce,FocusBlast,Protect|Modest||M|||50|]Meowstic||Meowsticite|Prankster|FakeOut,PsychicTerrain,ExpandingForce,MagicRoom|Timid||M|||50|]Sneasler||WhiteHerb|Unburden|FakeOut,CloseCombat,DireClaw,Protect|Adamant||F|||50|]Whimsicott||FocusSash|Prankster|Tailwind,LightScreen,Moonblast,Protect|Modest||F|||50|]Basculegion||SitrusBerry|Adaptability|WaveCrash,FlipTurn,LastRespects,Protect|Adamant||M|||50|]Gallade||Galladite|Sharpness|Imprison,SacredSword,PsychoCut,TrickRoom|Adamant||M|||50|
|showteam|p2|Malamar||Malamarite|Contrary|KnockOff,Superpower,TrickRoom,Protect|Adamant||M|||50|]Meowstic||ColburBerry|Prankster|PsychicNoise,FakeTears,Charm,QuickGuard|Timid||M|||50|]Sinistcha||Leftovers|Hospitality|MatchaGotcha,RagePowder,LifeDew,Protect|Sassy|||||50|]Incineroar||LifeOrb|Intimidate|FlareBlitz,DarkestLariat,FakeOut,PartingShot|Brave||M|||50|]Noivern||FocusSash|Frisk|DracoMeteor,AirSlash,Tailwind,Protect|Timid||M|||50|]Floette-Eternal||Floettite|FlowerVeil|DazzlingGleam,Moonblast,CalmMind,Protect|Timid||F|||50|
|j| nature's gladness
|j| Graffiti Boy
|inactive|Battle timer is ON: inactive players will automatically lose when time's up. (requested by Scaramouche_UwU6)
|c| nature's gladness|how fascistic do we think the meta's gonna get when surge mons hit champs
|c|âک†Scaramouche_UwU6|no idea
|inactive|gackajink has 60 seconds left.
|c|âک†Scaramouche_UwU6|not gonna entertain the thought til that comes to pass
|
|t:|1785736769
|teamsize|p1|4
|teamsize|p2|4
|start
|switch|p1a: Vأ¶kurأ³|Meowstic, L50, M|100/100
|switch|p1b: Harm of Will|Sneasler, L50, F|100/100
|switch|p2a: Meowstic|Meowstic, L50, M|100/100
|switch|p2b: Noivern|Noivern, L50, M, shiny|100/100
|-item|p1a: Vأ¶kurأ³|Meowsticite|[from] ability: Frisk|[of] p2b: Noivern
|-item|p1b: Harm of Will|White Herb|[from] ability: Frisk|[of] p2b: Noivern
|turn|1
|inactive|gackajink has 30 seconds left.
|inactive|Scaramouche_UwU6 has 30 seconds left.
|inactive|gackajink has 20 seconds left.
|inactive|Scaramouche_UwU6 has 20 seconds left.
|inactive|gackajink has 15 seconds left.
|
|t:|1785736810
|switch|p1b: Basculegion|Basculegion, L50, M|100/100
|move|p2a: Meowstic|Quick Guard|p2a: Meowstic
|-singleturn|p2a: Meowstic|Quick Guard
|move|p1a: Vأ¶kurأ³|Psychic Terrain|p1a: Vأ¶kurأ³
|-fieldstart|move: Psychic Terrain
|move|p2b: Noivern|Tailwind|p2b: Noivern
|-sidestart|p2: Scaramouche_UwU6|move: Tailwind
|
|upkeep
|turn|2
|j| bahumat
|inactive|Scaramouche_UwU6 has 30 seconds left.
|inactive|gackajink has 30 seconds left.
|
|t:|1785736850
|detailschange|p1a: Vأ¶kurأ³|Meowstic-M-Mega, L50, M
|-mega|p1a: Vأ¶kurأ³|Meowstic|Meowsticite
|-ability|p1a: Vأ¶kurأ³|Frisk|Trace|[from] ability: Trace|[of] p2b: Noivern
|-item|p2a: Meowstic|Colbur Berry|[from] ability: Frisk|[of] p1a: Vأ¶kurأ³
|-item|p2b: Noivern|Focus Sash|[from] ability: Frisk|[of] p1a: Vأ¶kurأ³
|move|p2b: Noivern|Air Slash|p1a: Vأ¶kurأ³
|-damage|p1a: Vأ¶kurأ³|72/100
|move|p2a: Meowstic|Psychic Noise|p1b: Basculegion
|-damage|p1b: Basculegion|72/100
|-start|p1b: Basculegion|move: Heal Block
|move|p1a: Vأ¶kurأ³|Expanding Force|p2a: Meowstic|[spread] p2a,p2b
|-resisted|p2a: Meowstic|1
|-damage|p2a: Meowstic|70/100
|-damage|p2b: Noivern|30/100
|move|p1b: Basculegion|Flip Turn|p2b: Noivern
|-resisted|p2b: Noivern|1
|-damage|p2b: Noivern|9/100
|
|t:|1785736869
|switch|p1b: Abracadabra|Alakazam, L50, M|100/100|[from] Flip Turn
|
|upkeep
|turn|3
|
|t:|1785736875
|move|p2b: Noivern|Draco Meteor|p1a: Vأ¶kurأ³
|-damage|p1a: Vأ¶kurأ³|18/100
|-unboost|p2b: Noivern|spa|2
|move|p2a: Meowstic|Psychic Noise|p1a: Vأ¶kurأ³
|-resisted|p1a: Vأ¶kurأ³|1
|-damage|p1a: Vأ¶kurأ³|4/100
|-start|p1a: Vأ¶kurأ³|move: Heal Block
|move|p1b: Abracadabra|Nasty Plot|p1b: Abracadabra
|-boost|p1b: Abracadabra|spa|2
|move|p1a: Vأ¶kurأ³|Magic Room|p1a: Vأ¶kurأ³
|-fieldstart|move: Magic Room|[of] p1a: Vأ¶kurأ³
|
|upkeep
|turn|4
|inactive|Scaramouche_UwU6 has 30 seconds left.
|
|t:|1785736901
|switch|p2b: Malamar|Malamar, L50, M, shiny|100/100
|move|p2a: Meowstic|Psychic Noise|p1a: Vأ¶kurأ³
|-resisted|p1a: Vأ¶kurأ³|1
|-damage|p1a: Vأ¶kurأ³|0 fnt
|faint|p1a: Vأ¶kurأ³
|move|p1b: Abracadabra|Expanding Force|p2a: Meowstic|[spread] p2a
|-immune|p2b: Malamar
|-resisted|p2a: Meowstic|1
|-damage|p2a: Meowstic|0 fnt
|faint|p2a: Meowstic
|
|-sideend|p2: Scaramouche_UwU6|move: Tailwind
|upkeep
|inactive|Scaramouche_UwU6 has 30 seconds left.
|
|t:|1785736932
|switch|p1a: Harm of Will|Sneasler, L50, F|100/100
|switch|p2a: Noivern|Noivern, L50, M, shiny|9/100
|-item|p1a: Harm of Will|White Herb|[from] ability: Frisk|[of] p2a: Noivern
|-item|p1b: Abracadabra|Alakazite|[from] ability: Frisk|[of] p2a: Noivern
|turn|5
|
|t:|1785736952
|detailschange|p2b: Malamar|Malamar-Mega, L50, M, shiny
|-mega|p2b: Malamar|Malamar|Malamarite
|move|p2a: Noivern|Protect|p2a: Noivern
|-singleturn|p2a: Noivern|Protect
|move|p1a: Harm of Will|Fake Out|p2a: Noivern
|-hint|Psychic Terrain doesn't affect airborne Pokأ©mon.
|-activate|p2a: Noivern|move: Protect
|move|p1b: Abracadabra|Focus Blast|p2b: Malamar
|-damage|p2b: Malamar|35/100
|move|p2b: Malamar|Trick Room|p2b: Malamar
|-fieldstart|move: Trick Room|[of] p2b: Malamar
|
|-fieldend|move: Psychic Terrain
|upkeep
|turn|6
|
|t:|1785736973
|switch|p2a: Sinistcha|Sinistcha, L50|100/100
|-heal|p2b: Malamar|60/100|[from] ability: Hospitality|[of] p2a: Sinistcha
|move|p2b: Malamar|Protect|p2b: Malamar
|-singleturn|p2b: Malamar|Protect
|move|p1b: Abracadabra|Expanding Force|p2a: Sinistcha
|-damage|p2a: Sinistcha|29/100
|move|p1a: Harm of Will|Close Combat|p2b: Malamar
|-activate|p2b: Malamar|move: Protect
|
|upkeep
|turn|7
|
|t:|1785736990
|move|p2a: Sinistcha|Matcha Gotcha|p1a: Harm of Will|[spread] p1a,p1b
|-resisted|p1a: Harm of Will|1
|-damage|p1a: Harm of Will|84/100
|-heal|p2a: Sinistcha|36/100|[from] drain|[of] p1a: Harm of Will
|-damage|p1b: Abracadabra|71/100
|-heal|p2a: Sinistcha|49/100|[from] drain|[of] p1b: Abracadabra
|move|p2b: Malamar|Knock Off|p1b: Abracadabra
|-supereffective|p1b: Abracadabra|1
|-damage|p1b: Abracadabra|0 fnt
|faint|p1b: Abracadabra
|move|p1a: Harm of Will|Dire Claw|p2a: Sinistcha
|-damage|p2a: Sinistcha|8/100
|
|-fieldend|move: Magic Room|[of] p1: Vأ¶kurأ³
|upkeep
|
|t:|1785737004
|switch|p1b: Basculegion|Basculegion, L50, M|72/100
|turn|8
|
|t:|1785737021
|move|p2a: Sinistcha|Protect|p2a: Sinistcha
|-singleturn|p2a: Sinistcha|Protect
|move|p1b: Basculegion|Protect|p1b: Basculegion
|-singleturn|p1b: Basculegion|Protect
|move|p2b: Malamar|Knock Off|p1b: Basculegion
|-activate|p1b: Basculegion|move: Protect
|move|p1a: Harm of Will|Dire Claw|p2a: Sinistcha
|-activate|p2a: Sinistcha|move: Protect
|
|-heal|p2a: Sinistcha|15/100|[from] item: Leftovers
|upkeep
|turn|9
|
|t:|1785737039
|move|p2a: Sinistcha|Life Dew|p2a: Sinistcha|[spread] p2a,p2b
|-heal|p2a: Sinistcha|40/100
|-heal|p2b: Malamar|85/100
|move|p1b: Basculegion|Last Respects|p2a: Sinistcha
|-supereffective|p2a: Sinistcha|1
|-damage|p2a: Sinistcha|0 fnt
|faint|p2a: Sinistcha
|move|p2b: Malamar|Knock Off|p1b: Basculegion
|-supereffective|p1b: Basculegion|1
|-damage|p1b: Basculegion|0 fnt
|-enditem|p1b: Basculegion|Sitrus Berry|[from] move: Knock Off|[of] p2b: Malamar
|faint|p1b: Basculegion
|move|p1a: Harm of Will|Close Combat|p2b: Malamar
|-damage|p2b: Malamar|14/100
|-unboost|p1a: Harm of Will|def|1
|-unboost|p1a: Harm of Will|spd|1
|-enditem|p1a: Harm of Will|White Herb
|-clearnegativeboost|p1a: Harm of Will|[silent]
|
|-fieldend|move: Trick Room
|upkeep
|
|t:|1785737045
|switch|p2a: Noivern|Noivern, L50, M, shiny|9/100
|turn|10
|inactive|gackajink has 30 seconds left.
|
|t:|1785737076
|move|p1a: Harm of Will|Dire Claw|p2b: Malamar
|-damage|p2b: Malamar|0 fnt
|faint|p2b: Malamar
|move|p2a: Noivern|Air Slash|p1a: Harm of Will|[miss]
|-miss|p2a: Noivern|p1a: Harm of Will
|
|upkeep
|turn|11
|
|t:|1785737083
|move|p1a: Harm of Will|Dire Claw|p2a: Noivern
|-damage|p2a: Noivern|0 fnt
|faint|p2a: Noivern
|
|win|gackajink
|c| nature's gladness|nasty move to miss
|c|âک†gackajink|gg
|c|âک†Scaramouche_UwU6|huh
|c|âک†Scaramouche_UwU6|tf
|c|âک†Scaramouche_UwU6|o
|c|âک†Scaramouche_UwU6|nvm
|l| Graffiti Boy
|c|âک†Scaramouche_UwU6|how did I forget herb
|c|âک†gackajink|pretty sure it wouldve lived
|l| bahumat
|c|âک†gackajink|!dt noivern
|c|âک†gackajink|/raw UU  Noivern  FriskInfiltratorTelepathyHP85 Atk70 Def80 SpA97 SpD80 Spe123 BST535 
|c|âک†gackajink|/raw Dex#: 715 |  Gen: 6 |  Height: 1.5 m |  Weight: 85 kg (80 BP) |  Dex Colour: Purple |  Egg Group(s): Flying, Dragon |  Pre-Evolution: Noibat |  Does Not Evolve

|c|âک†Scaramouche_UwU6|no it was herb I forgot about
|c|âک†gackajink|nvm it defintiley wouldve lived
|c| nature's gladness|still risking flinch
|c|âک†Scaramouche_UwU6|dammit
|c|âک†Scaramouche_UwU6|dammit
|c|âک†Scaramouche_UwU6|DAMMIT
|l|âک†Scaramouche_UwU6
|player|p2|
|l| nature's gladness
