|j|☆C0ozer
|j|☆Colsifer
|html|C0ozerColsifer    
|uhtml|bestof|Game 2 of a best-of-3
|t:|1785162933
|gametype|doubles
|player|p1|C0ozer|lucas|1199
|player|p2|Colsifer|psychicf-gen4|1134
|gen|9
|tier|[Gen 9 Champions] VGC 2026 Reg M-B (Bo3)
|rated|
|rule|Species Clause: Limit one of each Pokémon
|rule|Item Clause: Limit 1 of each item
|clearpoke
|poke|p1|Charizard, L50, M|
|poke|p1|Garchomp, L50, F|
|poke|p1|Whimsicott, L50, M|
|poke|p1|Tsareena, L50, F|
|poke|p1|Incineroar, L50, M|
|poke|p1|Basculegion, L50, M|
|poke|p2|Eelektross, L50, M|
|poke|p2|Garchomp, L50, M, shiny|
|poke|p2|Metagross, L50|
|poke|p2|Rotom-Wash, L50|
|poke|p2|Dragonite, L50, F, shiny|
|poke|p2|Farigiraf, L50, M|
|teampreview|4
|showteam|p1|Charizard||CharizarditeY|Blaze|HeatWave,WeatherBall,SolarBeam,Protect|Modest||M|||50|]Garchomp||LifeOrb|RoughSkin|Earthquake,RockSlide,DragonClaw,Protect|Jolly||F|||50|]Whimsicott||FocusSash|Prankster|Moonblast,Tailwind,Encore,Protect|Timid||M|||50|]Tsareena||WideLens|QueenlyMajesty|TripleAxel,PowerWhip,KnockOff,Protect|Jolly||F|||50|]Incineroar||SitrusBerry|Intimidate|FakeOut,FlareBlitz,ThroatChop,PartingShot|Impish||M|||50|]Basculegion||MysticWater|Adaptability|LastRespects,AquaJet,WaveCrash,Protect|Adamant||M|||50|
|showteam|p2|Eelektross||Eelektrossite|Levitate|Thunderbolt,DragonPulse,GigaDrain,Protect|Modest||M|||50|]Garchomp||LifeOrb|RoughSkin|DragonClaw,Earthquake,RockSlide,Protect|Jolly||M|||50|]Metagross||Metagrossite|ClearBody|StompingTantrum,IronHead,PsychicFangs,Protect|Jolly|||||50|]Rotom-Wash||SitrusBerry|Levitate|Electroweb,HydroPump,WillOWisp,Protect|Timid|||||50|]Dragonite||FocusSash|InnerFocus|ExtremeSpeed,BreakingSwipe,Roar,Tailwind|Serious||F|||50|]Farigiraf||ColburBerry|ArmorTail|TwinBeam,Protect,Imprison,TrickRoom|Sassy||M|||50|
|inactive|Battle timer is ON: inactive players will automatically lose when time's up. (requested by C0ozer)
|
|t:|1785162960
|teamsize|p1|4
|teamsize|p2|4
|start
|switch|p1a: Floofy|Whimsicott, L50, M|100/100
|switch|p1b: Chariyard|Charizard, L50, M|100/100
|switch|p2a: Dragonite|Dragonite, L50, F, shiny|100/100
|switch|p2b: Garchomp|Garchomp, L50, M, shiny|100/100
|turn|1
|
|t:|1785162985
|switch|p1b: No Respect|Basculegion, L50, M|100/100
|move|p1a: Floofy|Moonblast|p2b: Garchomp
|-supereffective|p2b: Garchomp|1
|-damage|p2b: Garchomp|24/100
|move|p2b: Garchomp|Rock Slide|p1a: Floofy|[spread] p1a,p1b
|-damage|p1a: Floofy|60/100
|-damage|p1b: No Respect|71/100
|-damage|p2b: Garchomp|14/100|[from] item: Life Orb
|move|p2a: Dragonite|Tailwind|p2a: Dragonite
|-sidestart|p2: Colsifer|move: Tailwind
|
|upkeep
|turn|2
|
|t:|1785163005
|switch|p2b: Rotom|Rotom-Wash, L50|100/100
|move|p1a: Floofy|Tailwind|p1a: Floofy
|-sidestart|p1: C0ozer|move: Tailwind
|move|p1b: No Respect|Aqua Jet|p2b: Rotom
|-resisted|p2b: Rotom|1
|-damage|p2b: Rotom|82/100
|move|p2a: Dragonite|Breaking Swipe|p1a: Floofy|[spread] p1b
|-immune|p1a: Floofy
|-damage|p1b: No Respect|48/100
|-unboost|p1b: No Respect|atk|1
|
|upkeep
|turn|3
|
|t:|1785163027
|move|p1b: No Respect|Aqua Jet|p2a: Dragonite
|-resisted|p2a: Dragonite|1
|-damage|p2a: Dragonite|88/100
|move|p1a: Floofy|Moonblast|p2a: Dragonite
|-supereffective|p2a: Dragonite|1
|-damage|p2a: Dragonite|23/100
|move|p2b: Rotom|Electroweb|p1b: No Respect|[spread] p1a,p1b
|-resisted|p1a: Floofy|1
|-supereffective|p1b: No Respect|1
|-damage|p1a: Floofy|48/100
|-damage|p1b: No Respect|13/100
|-unboost|p1a: Floofy|spe|1
|-unboost|p1b: No Respect|spe|1
|move|p2a: Dragonite|Roar|p1a: Floofy
|drag|p1a: HIgh EQ|Garchomp, L50, F|100/100
|
|upkeep
|turn|4
|inactive|Colsifer has 30 seconds left.
|
|t:|1785163055
|move|p1b: No Respect|Protect|p1b: No Respect
|-singleturn|p1b: No Respect|Protect
|move|p1a: HIgh EQ|Rock Slide|p2b: Rotom|[spread] p2a,p2b
|-supereffective|p2a: Dragonite|1
|-damage|p2a: Dragonite|0 fnt
|-damage|p2b: Rotom|52/100
|faint|p2a: Dragonite
|-damage|p1a: HIgh EQ|90/100|[from] item: Life Orb
|cant|p2b: Rotom|flinch
|
|-sideend|p2: Colsifer|move: Tailwind
|upkeep
|
|t:|1785163074
|switch|p2a: Garchomp|Garchomp, L50, M, shiny|14/100
|turn|5
|
|t:|1785163083
|move|p2a: Garchomp|Protect|p2a: Garchomp
|-singleturn|p2a: Garchomp|Protect
|move|p1b: No Respect|Aqua Jet|p2a: Garchomp
|-activate|p2a: Garchomp|move: Protect
|move|p1a: HIgh EQ|Dragon Claw|p2b: Rotom
|-damage|p2b: Rotom|0 fnt
|faint|p2b: Rotom
|-damage|p1a: HIgh EQ|80/100|[from] item: Life Orb
|
|-sideend|p1: C0ozer|move: Tailwind
|upkeep
|
|t:|1785163095
|switch|p2b: Eelektross|Eelektross, L50, M|100/100
|turn|6
|
|t:|1785163111
|detailschange|p2b: Eelektross|Eelektross-Mega, L50, M
|-mega|p2b: Eelektross|Eelektross|Eelektrossite
|move|p1b: No Respect|Aqua Jet|p2a: Garchomp
|-damage|p2a: Garchomp|0 fnt
|-damage|p1b: No Respect|1/100|[from] ability: Rough Skin|[of] p2a: Garchomp
|faint|p2a: Garchomp
|move|p1a: HIgh EQ|Dragon Claw|p2b: Eelektross
|-damage|p2b: Eelektross|23/100
|-damage|p1a: HIgh EQ|70/100|[from] item: Life Orb
|move|p2b: Eelektross|Giga Drain|p1b: No Respect
|-supereffective|p1b: No Respect|1
|-damage|p1b: No Respect|0 fnt
|-heal|p2b: Eelektross|24/100|[from] drain|[of] p1b: No Respect
|faint|p1b: No Respect
|-ability|p2b: Eelektross|Eelevate|boost
|-boost|p2b: Eelektross|spa|1
|
|upkeep
|
|t:|1785163126
|switch|p1b: Floofy|Whimsicott, L50, M|48/100
|turn|7
|-message|Colsifer forfeited.
|raw|C0ozer's rating: 1199 → 1219(+20 for winning)
|raw|Colsifer's rating: 1134 → 1114(-20 for losing)
|
|win|C0ozer
