|j|☆kurolax
|j|☆bfwpikadrew
|html|kurolaxbfwpikadrew    
|uhtml|bestof|Game 2 of a best-of-3
|t:|1756256640
|gametype|doubles
|player|p1|kurolax|101|1081
|player|p2|bfwpikadrew|falkner|1000
|gen|9
|tier|[Gen 9] VGC 2025 Reg H (Bo3)
|rated|
|rule|Species Clause: Limit one of each Pokémon
|rule|Item Clause: Limit 1 of each item
|clearpoke
|poke|p1|Volcarona, L50, F|
|poke|p1|Tyranitar, L50, F|
|poke|p1|Rillaboom, L50, M|
|poke|p1|Primarina, L50, F|
|poke|p1|Sneasler, L50, M|
|poke|p1|Dragonite, L50, F|
|poke|p2|Basculegion, L50, M|
|poke|p2|Pelipper, L50, M|
|poke|p2|Archaludon, L50, M|
|poke|p2|Incineroar, L50, M|
|poke|p2|Gholdengo, L50|
|poke|p2|Amoonguss, L50, M|
|teampreview|4
|showteam|p1|Volcarona||GrassySeed|FlameBody|QuiverDance,HeatWave,TeraBlast,BugBuzz|||F|||50|,,,,,Fairy]Tyranitar||AssaultVest|SandStream|RockSlide,KnockOff,TeraBlast,LowKick|||F|||50|,,,,,Flying]Rillaboom||MiracleSeed|GrassySurge|WoodHammer,Uturn,GrassyGlide,FakeOut|||M|||50|,,,,,Grass]Primarina||SitrusBerry|LiquidVoice|HyperVoice,Moonblast,CalmMind,Protect|||F|||50|,,,,,Poison]Sneasler||WhiteHerb|Unburden|DireClaw,FakeOut,Protect,CloseCombat|||M|||50|,,,,,Psychic]Dragonite||ClearAmulet|Multiscale|StompingTantrum,IceSpinner,Haze,Tailwind|||F|||50|,,,,,Fairy
|showteam|p2|Basculegion||LifeOrb|SwiftSwim|WaveCrash,LastRespects,Protect,FlipTurn|||M|||50|,,,,,Grass]Pelipper||FocusSash|Drizzle|Protect,Hurricane,WeatherBall,Tailwind|||M|||50|,,,,,Ghost]Archaludon||AssaultVest|Stamina|ElectroShot,DracoMeteor,Snarl,BodyPress|||M|||50|,,,,,Grass]Incineroar||SafetyGoggles|Intimidate|FakeOut,PartingShot,Taunt,KnockOff|||M|||50|,,,,,Bug]Gholdengo||SitrusBerry|GoodasGold|MakeItRain,ShadowBall,NastyPlot,Protect||||||50|,,,,,Flying]Amoonguss||RockyHelmet|Regenerator|Spore,RagePowder,PollenPuff,Protect|||M|||50|,,,,,Water
|inactive|Battle timer is ON: inactive players will automatically lose when time's up. (requested by kurolax)
|
|t:|1756256676
|teamsize|p1|4
|teamsize|p2|4
|start
|switch|p1a: Rillaboom|Rillaboom, L50, M|100/100
|switch|p1b: Sneasler|Sneasler, L50, M|100/100
|switch|p2a: Moneytalks|Gholdengo, L50|100/100
|switch|p2b: Soul Stripper|Basculegion, L50, M, shiny|100/100
|-fieldstart|move: Grassy Terrain|[from] ability: Grassy Surge|[of] p1a: Rillaboom
|turn|1
|inactive|kurolax has 30 seconds left.
|inactive|bfwpikadrew has 30 seconds left.
|inactive|bfwpikadrew has 20 seconds left.
|inactive|bfwpikadrew has 15 seconds left.
|inactive|bfwpikadrew has 10 seconds left.
|inactive|bfwpikadrew has 5 seconds left.
|
|t:|1756256729
|switch|p2b: Witch's Spell|Amoonguss, L50, M, shiny|100/100
|move|p1a: Rillaboom|Grassy Glide|p2b: Witch's Spell
|-resisted|p2b: Witch's Spell
|-damage|p2b: Witch's Spell|91/100
|-damage|p1a: Rillaboom|84/100|[from] item: Rocky Helmet|[of] p2b: Witch's Spell
|move|p1b: Sneasler|Dire Claw|p2a: Moneytalks
|-immune|p2a: Moneytalks
|move|p2a: Moneytalks|Nasty Plot|p2a: Moneytalks
|-boost|p2a: Moneytalks|spa|2
|
|-heal|p1a: Rillaboom|90/100|[from] Grassy Terrain
|-heal|p2b: Witch's Spell|97/100|[from] Grassy Terrain
|upkeep
|turn|2
|inactive|bfwpikadrew has 30 seconds left.
|
|t:|1756256757
|switch|p1a: Dragonite|Dragonite, L50, F|100/100
|move|p1b: Sneasler|Dire Claw|p2b: Witch's Spell
|-damage|p2b: Witch's Spell|58/100
|-status|p2b: Witch's Spell|slp
|-damage|p1b: Sneasler|84/100|[from] item: Rocky Helmet|[of] p2b: Witch's Spell
|move|p2a: Moneytalks|Nasty Plot|p2a: Moneytalks
|-boost|p2a: Moneytalks|spa|2
|cant|p2b: Witch's Spell|slp
|
|-heal|p1b: Sneasler|90/100|[from] Grassy Terrain
|-heal|p2b: Witch's Spell|64/100 slp|[from] Grassy Terrain
|upkeep
|turn|3
|inactive|kurolax has 30 seconds left.
|inactive|bfwpikadrew has 30 seconds left.
|inactive|kurolax has 20 seconds left.
|inactive|bfwpikadrew has 20 seconds left.
|inactive|bfwpikadrew has 15 seconds left.
|
|t:|1756256800
|switch|p1b: Rillaboom|Rillaboom, L50, M|90/100
|switch|p2b: Overdose|Pelipper, L50, M, shiny|100/100
|-weather|RainDance|[from] ability: Drizzle|[of] p2b: Overdose
|move|p1a: Dragonite|Haze|p1a: Dragonite
|-clearallboost
|move|p2a: Moneytalks|Make It Rain|p1b: Rillaboom|[spread] p1a,p1b
|-damage|p1a: Dragonite|79/100
|-damage|p1b: Rillaboom|25/100
|-unboost|p2a: Moneytalks|spa|1
|
|-weather|RainDance|[upkeep]
|-heal|p1b: Rillaboom|31/100|[from] Grassy Terrain
|upkeep
|turn|4
|inactive|kurolax has 30 seconds left.
|inactive|bfwpikadrew has 30 seconds left.
|inactive|kurolax has 20 seconds left.
|inactive|bfwpikadrew has 20 seconds left.
|inactive|kurolax has 15 seconds left.
|inactive|bfwpikadrew has 15 seconds left.
|inactive|kurolax has 10 seconds left.
|inactive|bfwpikadrew has 10 seconds left.
|inactive|bfwpikadrew has 5 seconds left.
|
|t:|1756256852
|-terastallize|p2b: Overdose|Ghost
|move|p1b: Rillaboom|Wood Hammer|p2a: Moneytalks
|-resisted|p2a: Moneytalks
|-damage|p2a: Moneytalks|50/100
|-enditem|p2a: Moneytalks|Sitrus Berry|[eat]
|-heal|p2a: Moneytalks|75/100|[from] item: Sitrus Berry
|-damage|p1b: Rillaboom|15/100|[from] Recoil
|move|p1a: Dragonite|Stomping Tantrum|p2a: Moneytalks
|-supereffective|p2a: Moneytalks
|-damage|p2a: Moneytalks|26/100
|move|p2b: Overdose|Tailwind|p2b: Overdose
|-sidestart|p2: bfwpikadrew|move: Tailwind
|move|p2a: Moneytalks|Nasty Plot|p2a: Moneytalks
|-boost|p2a: Moneytalks|spa|2
|
|-weather|RainDance|[upkeep]
|-heal|p2a: Moneytalks|31/100|[from] Grassy Terrain
|-heal|p1b: Rillaboom|21/100|[from] Grassy Terrain
|upkeep
|turn|5
|inactive|kurolax has 30 seconds left.
|inactive|bfwpikadrew has 30 seconds left.
|
|t:|1756256884
|switch|p2b: Witch's Spell|Amoonguss, L50, M, shiny|98/100 slp
|move|p1b: Rillaboom|Grassy Glide|p2a: Moneytalks
|-resisted|p2a: Moneytalks
|-damage|p2a: Moneytalks|10/100
|move|p2a: Moneytalks|Make It Rain|p1b: Rillaboom|[spread] p1a,p1b
|-damage|p1a: Dragonite|11/100
|-damage|p1b: Rillaboom|0 fnt
|-unboost|p2a: Moneytalks|spa|1
|faint|p1b: Rillaboom
|move|p1a: Dragonite|Tailwind|p1a: Dragonite
|-sidestart|p1: kurolax|move: Tailwind
|
|-weather|RainDance|[upkeep]
|-heal|p2a: Moneytalks|16/100|[from] Grassy Terrain
|-heal|p2b: Witch's Spell|100/100 slp|[from] Grassy Terrain
|-fieldend|move: Grassy Terrain
|upkeep
|
|t:|1756256900
|switch|p1b: Sneasler|Sneasler, L50, M|90/100
|turn|6
|inactive|bfwpikadrew has 30 seconds left.
|
|t:|1756256931
|cant|p2b: Witch's Spell|slp
|move|p1b: Sneasler|Dire Claw|p2b: Witch's Spell
|-damage|p2b: Witch's Spell|65/100 slp
|-damage|p1b: Sneasler|74/100|[from] item: Rocky Helmet|[of] p2b: Witch's Spell
|move|p1a: Dragonite|Stomping Tantrum|p2a: Moneytalks
|-supereffective|p2a: Moneytalks
|-damage|p2a: Moneytalks|0 fnt
|faint|p2a: Moneytalks
|
|-weather|RainDance|[upkeep]
|upkeep
|
|t:|1756256944
|switch|p2a: Soul Stripper|Basculegion, L50, M, shiny|100/100
|turn|7
|inactive|bfwpikadrew has 30 seconds left.
|inactive|bfwpikadrew has 20 seconds left.
|
|t:|1756256984
|switch|p1a: Tyranitar|Tyranitar, L50, F|100/100
|-weather|Sandstorm|[from] ability: Sand Stream|[of] p1a: Tyranitar
|move|p2a: Soul Stripper|Protect|p2a: Soul Stripper
|-singleturn|p2a: Soul Stripper|Protect
|move|p1b: Sneasler|Dire Claw|p2a: Soul Stripper
|-activate|p2a: Soul Stripper|move: Protect
|cant|p2b: Witch's Spell|slp
|
|-weather|Sandstorm|[upkeep]
|-damage|p1b: Sneasler|68/100|[from] Sandstorm
|-damage|p2a: Soul Stripper|94/100|[from] Sandstorm
|-damage|p2b: Witch's Spell|59/100 slp|[from] Sandstorm
|-sideend|p2: bfwpikadrew|move: Tailwind
|upkeep
|turn|8
|inactive|bfwpikadrew has 30 seconds left.
|inactive|bfwpikadrew has 20 seconds left.
|inactive|bfwpikadrew has 15 seconds left.
|inactive|bfwpikadrew has 10 seconds left.
|
|t:|1756257030
|switch|p1a: Dragonite|Dragonite, L50, F|11/100
|switch|p2a: Overdose|Pelipper, L50, M, shiny, tera:Ghost|100/100
|-weather|RainDance|[from] ability: Drizzle|[of] p2a: Overdose
|-curestatus|p2b: Witch's Spell|slp|[msg]
|move|p2b: Witch's Spell|Protect|p2b: Witch's Spell
|-singleturn|p2b: Witch's Spell|Protect
|move|p1b: Sneasler|Dire Claw|p2a: Overdose
|-resisted|p2a: Overdose
|-damage|p2a: Overdose|69/100
|
|-weather|RainDance|[upkeep]
|-sideend|p1: kurolax|move: Tailwind
|upkeep
|turn|9
|inactive|bfwpikadrew has 30 seconds left.
|inactive|bfwpikadrew has 20 seconds left.
|
|t:|1756257068
|move|p1b: Sneasler|Dire Claw|p2b: Witch's Spell
|-damage|p2b: Witch's Spell|21/100
|-damage|p1b: Sneasler|52/100|[from] item: Rocky Helmet|[of] p2b: Witch's Spell
|move|p1a: Dragonite|Ice Spinner|p2a: Overdose
|-damage|p2a: Overdose|32/100
|move|p2a: Overdose|Hurricane|p1b: Sneasler
|-supereffective|p1b: Sneasler
|-damage|p1b: Sneasler|0 fnt
|faint|p1b: Sneasler
|move|p2b: Witch's Spell|Spore|p1a: Dragonite
|-status|p1a: Dragonite|slp|[from] move: Spore
|
|-weather|RainDance|[upkeep]
|upkeep
|
|t:|1756257080
|switch|p1b: Tyranitar|Tyranitar, L50, F|100/100
|-weather|Sandstorm|[from] ability: Sand Stream|[of] p1b: Tyranitar
|turn|10
|inactive|bfwpikadrew has 30 seconds left.
|
|t:|1756257111
|move|p2b: Witch's Spell|Protect|p2b: Witch's Spell
|-singleturn|p2b: Witch's Spell|Protect
|cant|p1a: Dragonite|slp
|move|p2a: Overdose|Weather Ball|p1a: Dragonite
|-supereffective|p1a: Dragonite
|-damage|p1a: Dragonite|0 fnt
|faint|p1a: Dragonite
|move|p1b: Tyranitar|Rock Slide|p2b: Witch's Spell|[spread] p2a
|-activate|p2b: Witch's Spell|move: Protect
|-damage|p2a: Overdose|0 fnt
|faint|p2a: Overdose
|
|-weather|Sandstorm|[upkeep]
|-damage|p2b: Witch's Spell|15/100|[from] Sandstorm
|upkeep
|
|t:|1756257125
|switch|p2a: Soul Stripper|Basculegion, L50, M, shiny|94/100
|turn|11
|inactive|bfwpikadrew has 30 seconds left.
|inactive|bfwpikadrew has 20 seconds left.
|
|t:|1756257144
|move|p2a: Soul Stripper|Last Respects|p1b: Tyranitar
|-resisted|p1b: Tyranitar
|-damage|p1b: Tyranitar|61/100
|-damage|p2a: Soul Stripper|84/100|[from] item: Life Orb
|move|p1b: Tyranitar|Knock Off|p2a: Soul Stripper
|-supereffective|p2a: Soul Stripper
|-damage|p2a: Soul Stripper|0 fnt
|-enditem|p2a: Soul Stripper|Life Orb|[from] move: Knock Off|[of] p1b: Tyranitar
|faint|p2a: Soul Stripper
|move|p2b: Witch's Spell|Spore|p1b: Tyranitar
|-status|p1b: Tyranitar|slp|[from] move: Spore
|
|-weather|Sandstorm|[upkeep]
|-damage|p2b: Witch's Spell|9/100|[from] Sandstorm
|upkeep
|turn|12
|inactive|bfwpikadrew has 20 seconds left this turn.
|inactive|bfwpikadrew has 15 seconds left.
|inactive|bfwpikadrew has 10 seconds left.
|
|t:|1756257159
|cant|p1b: Tyranitar|slp
|move|p2b: Witch's Spell|Pollen Puff|p1b: Tyranitar
|-supereffective|p1b: Tyranitar
|-damage|p1b: Tyranitar|48/100 slp
|
|-weather|Sandstorm|[upkeep]
|-damage|p2b: Witch's Spell|3/100|[from] Sandstorm
|upkeep
|turn|13
|inactive|bfwpikadrew has 10 seconds left this turn.
|inactive|bfwpikadrew has 5 seconds left.
|-message|bfwpikadrew lost due to inactivity.
|
|win|kurolax
||bfwpikadrew is ready for game 3.
