|j|☆KodeBeast0526
|j|☆PokeMasterSteven5
|html|KodeBeast0526PokeMasterSteven5    
|uhtml|bestof|Game 2 of a best-of-3
|t:|1784469979
|gametype|doubles
|player|p1|KodeBeast0526|hiker|1227
|player|p2|PokeMasterSteven5|riley|1248
|gen|9
|tier|[Gen 9 Champions] VGC 2026 Reg M-B (Bo3)
|rated|
|rule|Species Clause: Limit one of each Pokémon
|rule|Item Clause: Limit 1 of each item
|clearpoke
|poke|p1|Aerodactyl, L50, M|
|poke|p1|Kingambit, L50, M|
|poke|p1|Sylveon, L50, M|
|poke|p1|Garchomp, L50, M|
|poke|p1|Charizard, L50, M|
|poke|p1|Farigiraf, L50, F, shiny|
|poke|p2|Sneasler, L50, F|
|poke|p2|Meowscarada, L50, M, shiny|
|poke|p2|Delphox, L50, F, shiny|
|poke|p2|Farigiraf, L50, M, shiny|
|poke|p2|Dragonite, L50, M|
|poke|p2|Kingambit, L50, F, shiny|
|teampreview|4
|showteam|p1|Aerodactyl||Aerodactylite|Unnerve|RockSlide,IceFang,Tailwind,WideGuard|Jolly||M|||50|]Kingambit||FocusSash|Defiant|KowtowCleave,SuckerPunch,IronHead,LowKick|Adamant||M|||50|]Sylveon||FairyFeather|Pixilate|Detect,HyperVoice,HyperBeam,QuickAttack|Modest||M|||50|]Garchomp||LifeOrb|RoughSkin|Earthquake,DragonClaw,StompingTantrum,Protect|Jolly||M|||50|]Charizard||CharizarditeY|Blaze|Protect,HeatWave,SolarBeam,WeatherBall|Modest||M|||50|]Farigiraf||SitrusBerry|ArmorTail|Thunderbolt,PsychicNoise,TrickRoom,HelpingHand|Bold||F|||50|
|showteam|p2|Sneasler||WhiteHerb|Unburden|FakeOut,CloseCombat,DireClaw,Protect|Adamant||F|||50|]Meowscarada||ChoiceScarf|Protean|FlowerTrick,KnockOff,TripleAxel,LowKick|Adamant||M|||50|]Delphox||Delphoxite|Blaze|HeatWave,Psychic,Encore,Protect|Timid||F|||50|]Farigiraf||SitrusBerry|ArmorTail|Psychic,HelpingHand,Roar,AllySwitch|Bold||M|||50|]Dragonite||Dragoninite|Multiscale|DracoMeteor,Thunder,Protect,Tailwind|Modest||M|||50|]Kingambit||FocusSash|Defiant|KowtowCleave,SuckerPunch,IronHead,Protect|Adamant||F|||50|
|inactive|Battle timer is ON: inactive players will automatically lose when time's up. (requested by PokeMasterSteven5)
|
|t:|1784470006
|teamsize|p1|4
|teamsize|p2|4
|start
|switch|p1a: Farigiraf|Farigiraf, L50, F, shiny|100/100
|switch|p1b: Charizard|Charizard, L50, M|100/100
|switch|p2a: Sneasler|Sneasler, L50, F|100/100
|switch|p2b: Meowscarada|Meowscarada, L50, M, shiny|100/100
|turn|1
|
|t:|1784470028
|detailschange|p1b: Charizard|Charizard-Mega-Y, L50, M
|-mega|p1b: Charizard|Charizard|Charizardite Y
|-weather|SunnyDay|[from] ability: Drought|[of] p1b: Charizard
|move|p1a: Farigiraf|Helping Hand|p1b: Charizard
|-singleturn|p1b: Charizard|Helping Hand|[of] p1a: Farigiraf
|move|p2b: Meowscarada|Triple Axel|p1b: Charizard
|-start|p2b: Meowscarada|typechange|Ice|[from] ability: Protean
|-damage|p1b: Charizard|89/100
|-damage|p1b: Charizard|68/100
|-damage|p1b: Charizard|37/100
|-hitcount|p1b: Charizard|3
|move|p2a: Sneasler|Dire Claw|p1b: Charizard
|-damage|p1b: Charizard|0 fnt
|faint|p1b: Charizard
|
|-weather|SunnyDay|[upkeep]
|upkeep
|
|t:|1784470037
|switch|p1b: Aerodactyl|Aerodactyl, L50, M|100/100
|-ability|p1b: Aerodactyl|Unnerve
|turn|2
|
|t:|1784470048
|move|p2b: Meowscarada|Triple Axel|p1b: Aerodactyl
|-supereffective|p1b: Aerodactyl|1
|-damage|p1b: Aerodactyl|73/100
|-supereffective|p1b: Aerodactyl|1
|-damage|p1b: Aerodactyl|21/100
|-supereffective|p1b: Aerodactyl|1
|-crit|p1b: Aerodactyl
|-damage|p1b: Aerodactyl|0 fnt
|faint|p1b: Aerodactyl
|-hitcount|p1: Aerodactyl|3
|move|p2a: Sneasler|Close Combat|p1a: Farigiraf
|-damage|p1a: Farigiraf|42/100
|-unboost|p2a: Sneasler|def|1
|-unboost|p2a: Sneasler|spd|1
|-enditem|p1a: Farigiraf|Sitrus Berry|[eat]
|-heal|p1a: Farigiraf|67/100|[from] item: Sitrus Berry
|-enditem|p2a: Sneasler|White Herb
|-clearnegativeboost|p2a: Sneasler|[silent]
|move|p1a: Farigiraf|Psychic Noise|p2a: Sneasler
|-supereffective|p2a: Sneasler|2
|-damage|p2a: Sneasler|0 fnt
|faint|p2a: Sneasler
|
|-weather|SunnyDay|[upkeep]
|upkeep
|
|t:|1784470066
|switch|p1b: Garchomp|Garchomp, L50, M|100/100
|switch|p2a: Delphox|Delphox, L50, F, shiny|100/100
|turn|3
|
|t:|1784470074
|detailschange|p2a: Delphox|Delphox-Mega, L50, F, shiny
|-mega|p2a: Delphox|Delphox|Delphoxite
|move|p1b: Garchomp|Protect|p1b: Garchomp
|-singleturn|p1b: Garchomp|Protect
|move|p2b: Meowscarada|Triple Axel|p1b: Garchomp
|-activate|p1b: Garchomp|move: Protect
|move|p2a: Delphox|Encore|p1a: Farigiraf
|-start|p1a: Farigiraf|Encore
|move|p1a: Farigiraf|Psychic Noise|p2a: Delphox
|-resisted|p2a: Delphox|1
|-damage|p2a: Delphox|84/100
|-start|p2a: Delphox|move: Heal Block
|
|-weather|SunnyDay|[upkeep]
|upkeep
|turn|4
|
|t:|1784470087
|move|p2b: Meowscarada|Triple Axel|p1b: Garchomp|[miss]
|-miss|p2b: Meowscarada|p1b: Garchomp
|move|p2a: Delphox|Heat Wave|p1b: Garchomp|[spread] p1a,p1b
|-resisted|p1b: Garchomp|1
|-damage|p1a: Farigiraf|4/100
|-damage|p1b: Garchomp|64/100
|-status|p1b: Garchomp|brn
|move|p1b: Garchomp|Dragon Claw|p2a: Delphox
|-damage|p2a: Delphox|43/100
|-damage|p1b: Garchomp|54/100 brn|[from] item: Life Orb
|move|p1a: Farigiraf|Psychic Noise|p2b: Meowscarada
|-damage|p2b: Meowscarada|59/100
|-start|p2b: Meowscarada|move: Heal Block
|
|-weather|SunnyDay|[upkeep]
|-damage|p1b: Garchomp|48/100 brn|[from] brn
|-end|p2a: Delphox|move: Heal Block
|upkeep
|turn|5
|-message|KodeBeast0526 forfeited.
|
|win|PokeMasterSteven5
|l|☆KodeBeast0526
|player|p1|
|j|☆KodeBeast0526
|player|p1|KodeBeast0526|hiker|
||PokeMasterSteven5 is ready for game 3.
