|j|☆owbd
|j|☆Kward17kw
|html|owbdKward17kw    
|uhtml|bestof|Game 1 of a best-of-3
|t:|1784704809
|gametype|doubles
|player|p1|owbd|cynthia-gen4|1193
|player|p2|Kward17kw|102|1163
|gen|9
|tier|[Gen 9 Champions] VGC 2026 Reg M-B (Bo3)
|rated|
|rule|Species Clause: Limit one of each Pokémon
|rule|Item Clause: Limit 1 of each item
|clearpoke
|poke|p1|Charizard, L50, M|
|poke|p1|Floette-Eternal, L50, F|
|poke|p1|Kingambit, L50, M|
|poke|p1|Garchomp, L50, F|
|poke|p1|Basculegion, L50, M|
|poke|p1|Whimsicott, L50, F|
|poke|p2|Gholdengo, L50|
|poke|p2|Whimsicott, L50, F|
|poke|p2|Politoed, L50, M|
|poke|p2|Raichu, L50, F|
|poke|p2|Sneasler, L50, F|
|poke|p2|Vivillon-Fancy, L50, M|
|teampreview|4
|showteam|p1|Charizard||CharizarditeY|Blaze|HeatWave,WeatherBall,SolarBeam,Protect|Modest||M|||50|]Floette-Eternal||Floettite|FlowerVeil|Moonblast,DazzlingGleam,LightofRuin,Protect|Modest||F|||50|]Kingambit||BlackGlasses|Defiant|IronHead,KowtowCleave,SuckerPunch,Protect|Adamant||M|||50|]Garchomp||LifeOrb|RoughSkin|RockSlide,DragonClaw,Earthquake,Protect|Jolly||F|||50|]Basculegion||MysticWater|Adaptability|WaveCrash,LastRespects,AquaJet,Protect|Adamant||M|||50|]Whimsicott||FocusSash|Prankster|Moonblast,Encore,Tailwind,Protect|Timid||F|||50|
|showteam|p2|Gholdengo||LifeOrb|GoodasGold|NastyPlot,Protect,ShadowBall,MakeItRain|Timid|||||50|]Whimsicott||MentalHerb|Prankster|Tailwind,Protect,Encore,Moonblast|Bold||F|||50|]Politoed||DampRock|Drizzle|PerishSong,Protect,WeatherBall,IcyWind|Calm||M|||50|]Raichu||RaichuniteY|LightningRod|FakeOut,FakeTears,Protect,ZapCannon|Hasty||F|||50|]Sneasler||WhiteHerb|Unburden|CloseCombat,FakeOut,DireClaw,Protect|Adamant||F|||50|]Vivillon-Fancy||FocusSash|ShieldDust|SleepPowder,RagePowder,Protect,PollenPuff|Timid||M|||50|
|inactive|Battle timer is ON: inactive players will automatically lose when time's up. (requested by owbd)
|
|t:|1784704838
|teamsize|p1|4
|teamsize|p2|4
|start
|switch|p1a: Charizard|Charizard, L50, M|100/100
|switch|p1b: Whimsicott|Whimsicott, L50, F|100/100
|switch|p2a: Sneasler|Sneasler, L50, F|100/100
|switch|p2b: Whimsicott|Whimsicott, L50, F|100/100
|turn|1
|inactive|Kward17kw has 30 seconds left.
|
|t:|1784704866
|detailschange|p1a: Charizard|Charizard-Mega-Y, L50, M
|-mega|p1a: Charizard|Charizard|Charizardite Y
|-weather|SunnyDay|[from] ability: Drought|[of] p1a: Charizard
|move|p2b: Whimsicott|Protect|p2b: Whimsicott
|-singleturn|p2b: Whimsicott|Protect
|move|p1b: Whimsicott|Tailwind|p1b: Whimsicott
|-sidestart|p1: owbd|move: Tailwind
|move|p1a: Charizard|Heat Wave|p2a: Sneasler|[spread] 
|-activate|p2b: Whimsicott|move: Protect
|-miss|p1a: Charizard|p2a: Sneasler
|move|p2a: Sneasler|Dire Claw|p1b: Whimsicott
|-supereffective|p1b: Whimsicott|2
|-crit|p1b: Whimsicott
|-enditem|p1b: Whimsicott|Focus Sash
|-damage|p1b: Whimsicott|1/100
|
|-weather|SunnyDay|[upkeep]
|upkeep
|turn|2
|inactive|owbd has 30 seconds left.
|inactive|Kward17kw has 30 seconds left.
|
|t:|1784704897
|switch|p1b: Basculegion|Basculegion, L50, M|100/100
|switch|p2b: Politoed|Politoed, L50, M|100/100
|-weather|RainDance|[from] ability: Drizzle|[of] p2b: Politoed
|move|p1a: Charizard|Heat Wave|p2b: Politoed|[spread] p2a,p2b
|-resisted|p2b: Politoed|1
|-damage|p2a: Sneasler|69/100
|-damage|p2b: Politoed|93/100
|-status|p2b: Politoed|brn
|move|p2a: Sneasler|Dire Claw|p1b: Basculegion
|-resisted|p1b: Basculegion|1
|-crit|p1b: Basculegion
|-damage|p1b: Basculegion|59/100
|
|-weather|RainDance|[upkeep]
|-damage|p2b: Politoed|87/100 brn|[from] brn
|upkeep
|turn|3
|
|t:|1784704921
|switch|p1a: Kingambit|Kingambit, L50, M|100/100
|switch|p2a: Whimsicott|Whimsicott, L50, F|100/100
|move|p1b: Basculegion|Aqua Jet|p2a: Whimsicott
|-resisted|p2a: Whimsicott|1
|-damage|p2a: Whimsicott|78/100
|move|p2b: Politoed|Weather Ball|p1a: Kingambit
|-damage|p1a: Kingambit|51/100
|
|-weather|RainDance|[upkeep]
|-damage|p2b: Politoed|81/100 brn|[from] brn
|upkeep
|turn|4
|
|t:|1784704946
|move|p2a: Whimsicott|Encore|p1b: Basculegion
|-start|p1b: Basculegion|Encore
|move|p1b: Basculegion|Aqua Jet|p2a: Whimsicott
|-resisted|p2a: Whimsicott|1
|-damage|p2a: Whimsicott|57/100
|move|p1a: Kingambit|Iron Head|p2a: Whimsicott
|-supereffective|p2a: Whimsicott|1
|-damage|p2a: Whimsicott|0 fnt
|faint|p2a: Whimsicott
|move|p2b: Politoed|Weather Ball|p1a: Kingambit
|-damage|p1a: Kingambit|3/100
|
|-weather|RainDance|[upkeep]
|-damage|p2b: Politoed|75/100 brn|[from] brn
|-sideend|p1: owbd|move: Tailwind
|upkeep
|
|t:|1784704966
|switch|p2a: Raichu|Raichu, L50, F|100/100
|turn|5
|inactive|Kward17kw has 30 seconds left.
|
|t:|1784704995
|detailschange|p2a: Raichu|Raichu-Mega-Y, L50, F
|-mega|p2a: Raichu|Raichu|Raichunite Y
|move|p1b: Basculegion|Aqua Jet|p2a: Raichu
|-damage|p2a: Raichu|12/100
|move|p1a: Kingambit|Sucker Punch|p2a: Raichu
|-damage|p2a: Raichu|0 fnt
|faint|p2a: Raichu
|move|p2b: Politoed|Icy Wind|p1b: Basculegion|[spread] p1a,p1b
|-resisted|p1a: Kingambit|1
|-resisted|p1b: Basculegion|1
|-damage|p1a: Kingambit|0 fnt
|-damage|p1b: Basculegion|54/100
|-unboost|p1b: Basculegion|spe|1
|faint|p1a: Kingambit
|
|-weather|RainDance|[upkeep]
|-damage|p2b: Politoed|69/100 brn|[from] brn
|upkeep
|-message|Kward17kw forfeited.
|
|win|owbd
|l|☆Kward17kw
|player|p2|
||owbd is ready for game 2.
|inactive|Kward17kw has 30 seconds to confirm battle start!
|inactive|Kward17kw has 20 seconds to confirm battle start!
|inactive|Kward17kw has 10 seconds to confirm battle start!
|uhtml|next|Next: Game 2 of 3
