|j|☆Moitamo
|j|☆NotThinkingVGC
|html|MoitamoNotThinkingVGC    
|uhtml|bestof|Game 3 of a best-of-3
|t:|1783426048
|gametype|doubles
|player|p1|Moitamo|101|1149
|player|p2|NotThinkingVGC|volkner|1323
|gen|9
|tier|[Gen 9 Champions] VGC 2026 Reg M-B (Bo3)
|rated|
|rule|Species Clause: Limit one of each Pokémon
|rule|Item Clause: Limit 1 of each item
|clearpoke
|poke|p1|Glimmora, L50, F|
|poke|p1|Whimsicott, L50, F|
|poke|p1|Incineroar, L50, F|
|poke|p1|Staraptor, L50, F|
|poke|p1|Blastoise, L50, F|
|poke|p1|Farigiraf, L50, M|
|poke|p2|Delphox, L50, F|
|poke|p2|Incineroar, L50, F|
|poke|p2|Maushold-Four, L50|
|poke|p2|Sinistcha, L50|
|poke|p2|Sneasler, L50, F|
|poke|p2|Blastoise, L50, F|
|teampreview|4
|showteam|p1|Glimmora||FocusSash|ToxicDebris|PowerGem,SludgeBomb,SpikyShield,EarthPower|Timid||F|||50|]Whimsicott||OccaBerry|Prankster|Moonblast,Charm,Tailwind,Protect|Calm||F|||50|]Incineroar||ChopleBerry|Intimidate|DarkestLariat,FlareBlitz,PartingShot,FakeOut|Brave||F|||50|]Staraptor||Staraptite|Intimidate|BraveBird,CloseCombat,Roost,Protect|Adamant||F|||50|]Blastoise||Blastoisinite|Torrent|FakeOut,WaterSpout,Protect,DarkPulse|Modest||F|||50|]Farigiraf||SitrusBerry|ArmorTail|Psychic,Thunderbolt,Protect,TrickRoom|Serious||M|||50|
|showteam|p2|Delphox||Delphoxite|Blaze|HeatWave,Psychic,NastyPlot,Protect|Timid||F|||50|]Incineroar||PasshoBerry|Intimidate|ThroatChop,FlareBlitz,PartingShot,FakeOut|Impish||F|||50|]Maushold-Four||ChopleBerry|FriendGuard|FollowMe,Feint,HelpingHand,Protect|Impish|||||50|]Sinistcha||KasibBerry|Hospitality|Protect,MatchaGotcha,LifeDew,RagePowder|Bold|||||50|]Sneasler||FocusSash|PoisonTouch|PoisonJab,CloseCombat,FakeOut,QuickGuard|Jolly||F|||50|]Blastoise||Blastoisinite|RainDish|Protect,WaterSpout,DarkPulse,ShellSmash|Modest||F|||50|
|inactive|Battle timer is ON: inactive players will automatically lose when time's up. (requested by NotThinkingVGC)
|inactive|Moitamo also wants the timer to be on.
|
|t:|1783426070
|teamsize|p1|4
|teamsize|p2|4
|start
|switch|p1a: Blastoise|Blastoise, L50, F|100/100
|switch|p1b: Incineroar|Incineroar, L50, F|100/100
|switch|p2a: Blastoise|Blastoise, L50, F|100/100
|switch|p2b: Sneasler|Sneasler, L50, F|100/100
|-ability|p1b: Incineroar|Intimidate|boost
|-unboost|p2a: Blastoise|atk|1
|-unboost|p2b: Sneasler|atk|1
|turn|1
|
|t:|1783426079
|switch|p1a: Whimsicott|Whimsicott, L50, F|100/100
|detailschange|p2a: Blastoise|Blastoise-Mega, L50, F
|-mega|p2a: Blastoise|Blastoise|Blastoisinite
|move|p2b: Sneasler|Fake Out|p1b: Incineroar
|-damage|p1b: Incineroar|91/100
|-status|p1b: Incineroar|psn|[from] ability: Poison Touch|[of] p2b: Sneasler
|move|p2a: Blastoise|Shell Smash|p2a: Blastoise
|-unboost|p2a: Blastoise|def|1
|-unboost|p2a: Blastoise|spd|1
|-boost|p2a: Blastoise|atk|2
|-boost|p2a: Blastoise|spa|2
|-boost|p2a: Blastoise|spe|2
|cant|p1b: Incineroar|flinch
|
|-damage|p1b: Incineroar|79/100 psn|[from] psn
|upkeep
|turn|2
|
|t:|1783426088
|move|p1a: Whimsicott|Tailwind|p1a: Whimsicott
|-sidestart|p1: Moitamo|move: Tailwind
|move|p2a: Blastoise|Water Spout|p1b: Incineroar|[spread] p1a,p1b
|-resisted|p1a: Whimsicott|1
|-supereffective|p1b: Incineroar|1
|-damage|p1a: Whimsicott|38/100
|-damage|p1b: Incineroar|0 fnt
|faint|p1b: Incineroar
|move|p2b: Sneasler|Poison Jab|p1a: Whimsicott
|-supereffective|p1a: Whimsicott|2
|-damage|p1a: Whimsicott|0 fnt
|faint|p1a: Whimsicott
|
|upkeep
|
|t:|1783426092
|switch|p1a: Blastoise|Blastoise, L50, F|100/100
|switch|p1b: Glimmora|Glimmora, L50, F|100/100
|turn|3
|
|t:|1783426112
|detailschange|p1a: Blastoise|Blastoise-Mega, L50, F
|-mega|p1a: Blastoise|Blastoise|Blastoisinite
|move|p2a: Blastoise|Protect|p2a: Blastoise
|-singleturn|p2a: Blastoise|Protect
|move|p1b: Glimmora|Power Gem|p2a: Blastoise
|-activate|p2a: Blastoise|move: Protect
|move|p1a: Blastoise|Water Spout|p2a: Blastoise|[spread] p2b
|-activate|p2a: Blastoise|move: Protect
|-damage|p2b: Sneasler|8/100
|move|p2b: Sneasler|Close Combat|p1b: Glimmora
|-damage|p1b: Glimmora|49/100
|-unboost|p2b: Sneasler|def|1
|-unboost|p2b: Sneasler|spd|1
|-activate|p1b: Glimmora|ability: Toxic Debris
|-sidestart|p2: NotThinkingVGC|move: Toxic Spikes
|
|upkeep
|turn|4
|j| Santvt
|
|t:|1783426131
|switch|p2b: Maushold|Maushold-Four, L50|100/100
|-status|p2b: Maushold|psn
|move|p1b: Glimmora|Sludge Bomb|p2a: Blastoise
|-damage|p2a: Blastoise|49/100
|move|p2a: Blastoise|Dark Pulse|p1a: Blastoise
|-damage|p1a: Blastoise|26/100
|move|p1a: Blastoise|Water Spout|p2b: Maushold|[spread] p2a,p2b
|-resisted|p2a: Blastoise|1
|-crit|p2a: Blastoise
|-damage|p2a: Blastoise|33/100
|-damage|p2b: Maushold|80/100 psn
|
|-damage|p2b: Maushold|67/100 psn|[from] psn
|upkeep
|turn|5
|
|t:|1783426144
|move|p2a: Blastoise|Protect|p2a: Blastoise
|-singleturn|p2a: Blastoise|Protect
|move|p2b: Maushold|Protect|p2b: Maushold
|-singleturn|p2b: Maushold|Protect
|move|p1b: Glimmora|Sludge Bomb|p2b: Maushold
|-activate|p2b: Maushold|move: Protect
|move|p1a: Blastoise|Water Spout|p2a: Blastoise|[spread] 
|-activate|p2a: Blastoise|move: Protect
|-activate|p2b: Maushold|move: Protect
|
|-damage|p2b: Maushold|55/100 psn|[from] psn
|-sideend|p1: Moitamo|move: Tailwind
|upkeep
|turn|6
|-message|Moitamo forfeited.
|
|win|NotThinkingVGC
|raw|Moitamo's rating: 1149 → 1136(-13 for losing)
|raw|NotThinkingVGC's rating: 1323 → 1334(+11 for winning)
|l|☆Moitamo
|player|p1|
