|j|☆Mvine11
|j|☆Googy11
|html|Mvine11Googy11    
|uhtml|bestof|Game 3 of a best-of-3
|t:|1785786496
|gametype|doubles
|player|p1|Mvine11|169|
|player|p2|Googy11|ethan|
|gen|9
|tier|[Gen 9 Champions] VGC 2026 Reg M-B (Bo3)
|rule|Species Clause: Limit one of each Pokémon
|rule|Item Clause: Limit 1 of each item
|clearpoke
|poke|p1|Vivillon-Polar, L50, M|
|poke|p1|Raichu, L50, M|
|poke|p1|Decidueye-Hisui, L50, M|
|poke|p1|Primarina, L50, M|
|poke|p1|Sneasler, L50, M|
|poke|p1|Arcanine-Hisui, L50, F, shiny|
|poke|p2|Basculegion, L50, M|
|poke|p2|Sceptile, L50, M|
|poke|p2|Rotom-Heat, L50|
|poke|p2|Tinkaton, L50, F|
|poke|p2|Mamoswine, L50, M|
|poke|p2|Gardevoir, L50, F|
|teampreview|4
|showteam|p1|Vivillon-Polar||FocusSash|ShieldDust|SleepPowder,Protect,Hurricane,Tailwind|Timid||M|||50|]Raichu||RaichuniteY|Static|ZapCannon,FocusBlast,Protect,VoltSwitch|Timid||M|||50|]Decidueye-Hisui||LifeOrb|Scrappy|TripleArrows,LeafBlade,Protect,SuckerPunch|Adamant||M|||50|]Primarina||Leftovers|LiquidVoice|Protect,Moonblast,CalmMind,HyperVoice|Modest||M|||50|]Sneasler||WhiteHerb|Unburden|CloseCombat,DireClaw,FakeOut,Protect|Jolly||M|||50|]Arcanine-Hisui||ChoiceScarf|RockHead|FlareBlitz,RockSlide,HeadSmash,WillOWisp|Jolly||F|||50|
|showteam|p2|Basculegion||WacanBerry|SwiftSwim|WaveCrash,LastRespects,AquaJet,Protect|Adamant||M|||50|]Sceptile||Sceptilite|Overgrow|EnergyBall,DragonPulse,EarthPower,Protect|Timid||M|||50|]Rotom-Heat||ChoiceScarf|Levitate|Electroweb,Discharge,Overheat,VoltSwitch|Timid|||||50|]Tinkaton||OccaBerry|MoldBreaker|FakeOut,RockSlide,GigatonHammer,KnockOff|Adamant||F|||50|]Mamoswine||FocusSash|Oblivious|HighHorsepower,IcicleCrash,IceShard,Protect|Jolly||M|||50|]Gardevoir||Gardevoirite|Synchronize|HyperVoice,Psychic,EnergyBall,Protect|Bold||F|||50|
|
|t:|1785786521
|teamsize|p1|4
|teamsize|p2|4
|start
|switch|p1a: Arcanine|Arcanine-Hisui, L50, F, shiny|100/100
|switch|p1b: Sneasler|Sneasler, L50, M|100/100
|switch|p2a: Tinkaton|Tinkaton, L50, F|100/100
|switch|p2b: Rotom|Rotom-Heat, L50|100/100
|-ability|p2a: Tinkaton|Mold Breaker
|turn|1
|
|t:|1785786543
|switch|p2b: Mamoswine|Mamoswine, L50, M|100/100
|move|p1b: Sneasler|Fake Out|p2a: Tinkaton
|-resisted|p2a: Tinkaton|1
|-damage|p2a: Tinkaton|92/100
|move|p1a: Arcanine|Head Smash|p2b: Mamoswine
|-damage|p2b: Mamoswine|19/100
|cant|p2a: Tinkaton|flinch
|
|upkeep
|turn|2
|
|t:|1785786570
|switch|p1a: Vivillon|Vivillon-Polar, L50, M|100/100
|move|p2b: Mamoswine|Protect|p2b: Mamoswine
|-singleturn|p2b: Mamoswine|Protect
|move|p1b: Sneasler|Close Combat|p2b: Mamoswine
|-activate|p2b: Mamoswine|move: Protect
|move|p2a: Tinkaton|Knock Off|p1a: Vivillon
|-damage|p1a: Vivillon|64/100
|-enditem|p1a: Vivillon|Focus Sash|[from] move: Knock Off|[of] p2a: Tinkaton
|
|upkeep
|turn|3
|
|t:|1785786594
|move|p1a: Vivillon|Protect|p1a: Vivillon
|-singleturn|p1a: Vivillon|Protect
|move|p2b: Mamoswine|Ice Shard|p1a: Vivillon
|-activate|p1a: Vivillon|move: Protect
|move|p1b: Sneasler|Close Combat|p2b: Mamoswine
|-supereffective|p2b: Mamoswine|1
|-damage|p2b: Mamoswine|0 fnt
|-unboost|p1b: Sneasler|def|1
|-unboost|p1b: Sneasler|spd|1
|faint|p2b: Mamoswine
|-enditem|p1b: Sneasler|White Herb
|-clearnegativeboost|p1b: Sneasler|[silent]
|move|p2a: Tinkaton|Gigaton Hammer|p1b: Sneasler
|-damage|p1b: Sneasler|6/100
|
|upkeep
|
|t:|1785786610
|switch|p2b: Sceptile|Sceptile, L50, M|100/100
|turn|4
|
|t:|1785786618
|detailschange|p2b: Sceptile|Sceptile-Mega, L50, M
|-mega|p2b: Sceptile|Sceptile|Sceptilite
|move|p2b: Sceptile|Protect|p2b: Sceptile
|-singleturn|p2b: Sceptile|Protect
|move|p1b: Sneasler|Dire Claw|p2b: Sceptile
|-activate|p2b: Sceptile|move: Protect
|move|p1a: Vivillon|Tailwind|p1a: Vivillon
|-sidestart|p1: Mvine11|move: Tailwind
|move|p2a: Tinkaton|Rock Slide|p1b: Sneasler|[spread] p1a,p1b
|-supereffective|p1a: Vivillon|2
|-resisted|p1b: Sneasler|1
|-crit|p1b: Sneasler
|-damage|p1a: Vivillon|0 fnt
|-damage|p1b: Sneasler|0 fnt
|faint|p1a: Vivillon
|faint|p1b: Sneasler
|
|upkeep
|
|t:|1785786632
|switch|p1b: Arcanine|Arcanine-Hisui, L50, F, shiny|100/100
|switch|p1a: Raichu|Raichu, L50, M|100/100
|turn|5
|
|t:|1785786665
|switch|p2b: Rotom|Rotom-Heat, L50|100/100
|move|p1b: Arcanine|Flare Blitz|p2b: Rotom
|-resisted|p2b: Rotom|1
|-damage|p2b: Rotom|59/100
|move|p1a: Raichu|Focus Blast|p2a: Tinkaton
|-damage|p2a: Tinkaton|61/100
|move|p2a: Tinkaton|Knock Off|p1b: Arcanine
|-crit|p1b: Arcanine
|-damage|p1b: Arcanine|59/100
|-enditem|p1b: Arcanine|Choice Scarf|[from] move: Knock Off|[of] p2a: Tinkaton
|
|upkeep
|turn|6
|
|t:|1785786686
|detailschange|p1a: Raichu|Raichu-Mega-Y, L50, M
|-mega|p1a: Raichu|Raichu|Raichunite Y
|move|p1a: Raichu|Focus Blast|p2b: Rotom
|-damage|p2b: Rotom|0 fnt
|faint|p2b: Rotom
|move|p1b: Arcanine|Flare Blitz|p2a: Tinkaton
|-supereffective|p2a: Tinkaton|1
|-enditem|p2a: Tinkaton|Occa Berry|[eat]
|-enditem|p2a: Tinkaton|Occa Berry|[weaken]
|-damage|p2a: Tinkaton|1/100
|move|p2a: Tinkaton|Gigaton Hammer|p1b: Arcanine
|-damage|p1b: Arcanine|0 fnt
|faint|p1b: Arcanine
|
|upkeep
|
|t:|1785786695
|switch|p2b: Sceptile|Sceptile-Mega, L50, M|100/100
|turn|7
|c|☆Mvine11|aww man
|c|☆Mvine11|the 1% win
|c|☆Mvine11|ggs
|c|☆Googy11|thats actually crazy
|
|t:|1785786724
|move|p1a: Raichu|Focus Blast|p2b: Sceptile
|-damage|p2b: Sceptile|29/100
|move|p2b: Sceptile|Earth Power|p1a: Raichu
|-supereffective|p1a: Raichu|1
|-damage|p1a: Raichu|0 fnt
|faint|p1a: Raichu
|
|win|Googy11
|c|☆Googy11|ggs
