|j|☆LascapVGC
|j|‽mrchris21
|html|LascapVGCmrchris21    
|uhtml|bestof|Game 2 of a best-of-3
|t:|1785058710
|gametype|doubles
|player|p1|LascapVGC|benga|1142
|player|p2|mrchris21|ethan|1144
|gen|9
|tier|[Gen 9 Champions] VGC 2026 Reg M-B (Bo3)
|rated|
|rule|Species Clause: Limit one of each Pokémon
|rule|Item Clause: Limit 1 of each item
|clearpoke
|poke|p1|Sneasler, L50, M|
|poke|p1|Sinistcha, L50|
|poke|p1|Incineroar, L50, M|
|poke|p1|Kingambit, L50, F|
|poke|p1|Delphox, L50, F|
|poke|p1|Blastoise, L50, F|
|poke|p2|Basculegion, L50, M|
|poke|p2|Politoed, L50, F|
|poke|p2|Archaludon, L50, M|
|poke|p2|Farigiraf, L50, F|
|poke|p2|Dragonite, L50, M|
|poke|p2|Venusaur, L50, M|
|teampreview|4
|showteam|p1|Sneasler||FocusSash|PoisonTouch|CloseCombat,DireClaw,FakeOut,QuickGuard|Jolly||M|||50|]Sinistcha||ColburBerry|Hospitality|MatchaGotcha,RagePowder,TrickRoom,Protect|Bold|||||50|]Incineroar||SitrusBerry|Intimidate|FlareBlitz,DarkestLariat,PartingShot,FakeOut|Careful||M|||50|]Kingambit||LifeOrb|Defiant|KowtowCleave,SwordsDance,SuckerPunch,Protect|Adamant||F|||50|]Delphox||Delphoxite|Blaze|HeatWave,Psyshock,NastyPlot,Protect|Timid||F|||50|]Blastoise||Blastoisinite|RainDish|WaterSpout,DarkPulse,ShellSmash,Protect|Modest||F|||50|
|showteam|p2|Basculegion||ChoiceScarf|Adaptability|FlipTurn,Liquidation,AquaJet,LastRespects|Jolly||M|||50|]Politoed||SitrusBerry|Drizzle|MuddyWater,IceBeam,Protect,PerishSong|Bold||F|||50|]Archaludon||Leftovers|Stamina|ElectroShot,DragonPulse,FlashCannon,Protect|Modest||M|||50|]Farigiraf||ColburBerry|ArmorTail|TwinBeam,ShadowBall,Roar,HelpingHand|Bold||F|||50|]Dragonite||Dragoninite|Multiscale|Hurricane,IceBeam,DragonPulse,Protect|Modest||M|||50|]Venusaur||Venusaurite|Chlorophyll|GigaDrain,SludgeBomb,EarthPower,Protect|Modest||M|||50|
|
|t:|1785058749
|teamsize|p1|4
|teamsize|p2|4
|start
|switch|p1a: Kingambit|Kingambit, L50, F|100/100
|switch|p1b: Sneasler|Sneasler, L50, M|100/100
|switch|p2a: Venusaur|Venusaur, L50, M|100/100
|switch|p2b: Basculegion|Basculegion, L50, M|100/100
|turn|1
|inactive|Battle timer is ON: inactive players will automatically lose when time's up. (requested by mrchris21)
|
|t:|1785058772
|switch|p2a: Archaludon|Archaludon, L50, M|100/100
|move|p1a: Kingambit|Sucker Punch||[still]
|-fail|p1a: Kingambit
|move|p2b: Basculegion|Flip Turn|p1b: Sneasler
|-damage|p1b: Sneasler|40/100
|
|t:|1785058779
|switch|p2b: Politoed|Politoed, L50, F|100/100|[from] Flip Turn
|-weather|RainDance|[from] ability: Drizzle|[of] p2b: Politoed
|move|p1b: Sneasler|Dire Claw|p2a: Archaludon
|-immune|p2a: Archaludon
|
|-weather|RainDance|[upkeep]
|upkeep
|turn|2
|
|t:|1785058795
|move|p2a: Archaludon|Protect|p2a: Archaludon
|-singleturn|p2a: Archaludon|Protect
|move|p1b: Sneasler|Close Combat|p2a: Archaludon
|-activate|p2a: Archaludon|move: Protect
|move|p2b: Politoed|Ice Beam|p1b: Sneasler
|-damage|p1b: Sneasler|13/100
|move|p1a: Kingambit|Swords Dance|p1a: Kingambit
|-boost|p1a: Kingambit|atk|2
|
|-weather|RainDance|[upkeep]
|upkeep
|turn|3
|
|t:|1785058809
|switch|p2a: Basculegion|Basculegion, L50, M|100/100
|move|p1b: Sneasler|Close Combat|p2a: Basculegion
|-immune|p2a: Basculegion
|move|p2b: Politoed|Perish Song|p2b: Politoed
|-start|p1a: Kingambit|perish3|[silent]
|-start|p1b: Sneasler|perish3|[silent]
|-start|p2a: Basculegion|perish3|[silent]
|-start|p2b: Politoed|perish3|[silent]
|-fieldactivate|move: Perish Song
|move|p1a: Kingambit|Kowtow Cleave|p2a: Basculegion
|-supereffective|p2a: Basculegion|1
|-damage|p2a: Basculegion|0 fnt
|faint|p2a: Basculegion
|-damage|p1a: Kingambit|90/100|[from] item: Life Orb
|
|-weather|RainDance|[upkeep]
|-start|p1b: Sneasler|perish3
|-start|p2b: Politoed|perish3
|-start|p1a: Kingambit|perish3
|upkeep
|
|t:|1785058824
|switch|p2a: Venusaur|Venusaur, L50, M|100/100
|turn|4
|
|t:|1785058835
|switch|p1b: Sinistcha|Sinistcha, L50|100/100
|-heal|p1a: Kingambit|100/100|[from] ability: Hospitality|[of] p1b: Sinistcha
|move|p2a: Venusaur|Protect|p2a: Venusaur
|-singleturn|p2a: Venusaur|Protect
|move|p2b: Politoed|Protect|p2b: Politoed
|-singleturn|p2b: Politoed|Protect
|move|p1a: Kingambit|Sucker Punch||[still]
|-fail|p1a: Kingambit
|
|-weather|RainDance|[upkeep]
|-start|p2b: Politoed|perish2
|-start|p1a: Kingambit|perish2
|upkeep
|turn|5
|
|t:|1785058854
|switch|p2b: Archaludon|Archaludon, L50, M|100/100
|detailschange|p2a: Venusaur|Venusaur-Mega, L50, M
|-mega|p2a: Venusaur|Venusaur|Venusaurite
|move|p1b: Sinistcha|Protect|p1b: Sinistcha
|-singleturn|p1b: Sinistcha|Protect
|move|p2a: Venusaur|Sludge Bomb|p1b: Sinistcha
|-activate|p1b: Sinistcha|move: Protect
|move|p1a: Kingambit|Kowtow Cleave|p2a: Venusaur
|-damage|p2a: Venusaur|0 fnt
|faint|p2a: Venusaur
|-damage|p1a: Kingambit|90/100|[from] item: Life Orb
|
|-weather|none
|-start|p1a: Kingambit|perish1
|upkeep
|
|t:|1785058866
|switch|p2a: Politoed|Politoed, L50, F|100/100
|-weather|RainDance|[from] ability: Drizzle|[of] p2a: Politoed
|turn|6
|
|t:|1785058879
|move|p1b: Sinistcha|Protect||[still]
|-fail|p1b: Sinistcha
|move|p2b: Archaludon|Electro Shot||[still]
|-prepare|p2b: Archaludon|Electro Shot
|-boost|p2b: Archaludon|spa|1
|-anim|p2b: Archaludon|Electro Shot|p1a: Kingambit
|-damage|p1a: Kingambit|23/100
|move|p2a: Politoed|Muddy Water|p1a: Kingambit|[spread] p1a
|-miss|p2a: Politoed|p1b: Sinistcha
|-damage|p1a: Kingambit|0 fnt
|faint|p1a: Kingambit
|
|-weather|RainDance|[upkeep]
|upkeep
|
|t:|1785058891
|switch|p1a: Sneasler|Sneasler, L50, M|13/100
|turn|7
|
|t:|1785058900
|move|p2b: Archaludon|Protect|p2b: Archaludon
|-singleturn|p2b: Archaludon|Protect
|move|p1a: Sneasler|Fake Out|p2a: Politoed
|-damage|p2a: Politoed|86/100
|cant|p2a: Politoed|flinch
|move|p1b: Sinistcha|Matcha Gotcha|p2a: Politoed|[spread] 
|-activate|p2b: Archaludon|move: Protect
|-miss|p1b: Sinistcha|p2a: Politoed
|
|-weather|RainDance|[upkeep]
|upkeep
|turn|8
|
|t:|1785058916
|move|p2b: Archaludon|Protect|p2b: Archaludon
|-singleturn|p2b: Archaludon|Protect
|move|p1a: Sneasler|Close Combat|p2b: Archaludon
|-activate|p2b: Archaludon|move: Protect
|move|p2a: Politoed|Muddy Water|p1a: Sneasler|[spread] p1a,p1b
|-resisted|p1b: Sinistcha|1
|-damage|p1a: Sneasler|0 fnt
|-damage|p1b: Sinistcha|86/100
|faint|p1a: Sneasler
|move|p1b: Sinistcha|Trick Room|p1b: Sinistcha
|-fieldstart|move: Trick Room|[of] p1b: Sinistcha
|
|-weather|RainDance|[upkeep]
|upkeep
|
|t:|1785058918
|switch|p1a: Blastoise|Blastoise, L50, F|100/100
|turn|9
|inactive|mrchris21 has 30 seconds left.
|c|☆LascapVGC|lol
|c|☆LascapVGC|nice double
|inactive|mrchris21 has 20 seconds left.
|
|t:|1785058954
|detailschange|p1a: Blastoise|Blastoise-Mega, L50, F
|-mega|p1a: Blastoise|Blastoise|Blastoisinite
|move|p1b: Sinistcha|Rage Powder|p1b: Sinistcha
|-singleturn|p1b: Sinistcha|move: Rage Powder
|move|p2a: Politoed|Muddy Water|p1a: Blastoise|[spread] p1a,p1b
|-resisted|p1a: Blastoise|1
|-crit|p1a: Blastoise
|-resisted|p1b: Sinistcha|1
|-damage|p1a: Blastoise|76/100
|-damage|p1b: Sinistcha|71/100
|move|p2b: Archaludon|Electro Shot||[still]
|-prepare|p2b: Archaludon|Electro Shot
|-boost|p2b: Archaludon|spa|1
|-anim|p2b: Archaludon|Electro Shot|p1b: Sinistcha
|-resisted|p1b: Sinistcha|1
|-damage|p1b: Sinistcha|29/100
|move|p1a: Blastoise|Dark Pulse|p2b: Archaludon
|-damage|p2b: Archaludon|45/100
|-ability|p2b: Archaludon|Stamina|boost
|-boost|p2b: Archaludon|def|1
|
|-weather|RainDance|[upkeep]
|-heal|p2b: Archaludon|51/100|[from] item: Leftovers
|upkeep
|turn|10
|
|t:|1785058973
|move|p2b: Archaludon|Protect|p2b: Archaludon
|-singleturn|p2b: Archaludon|Protect
|move|p2a: Politoed|Muddy Water|p1a: Blastoise|[spread] p1a,p1b
|-resisted|p1a: Blastoise|1
|-resisted|p1b: Sinistcha|1
|-damage|p1a: Blastoise|60/100
|-damage|p1b: Sinistcha|15/100
|move|p1a: Blastoise|Shell Smash|p1a: Blastoise
|-unboost|p1a: Blastoise|def|1
|-unboost|p1a: Blastoise|spd|1
|-boost|p1a: Blastoise|atk|2
|-boost|p1a: Blastoise|spa|2
|-boost|p1a: Blastoise|spe|2
|move|p1b: Sinistcha|Trick Room|p1b: Sinistcha
|-fieldend|move: Trick Room
|
|-weather|none
|-heal|p2b: Archaludon|57/100|[from] item: Leftovers
|upkeep
|turn|11
|
|t:|1785058993
|move|p2b: Archaludon|Protect|p2b: Archaludon
|-singleturn|p2b: Archaludon|Protect
|move|p1a: Blastoise|Dark Pulse|p2b: Archaludon
|-activate|p2b: Archaludon|move: Protect
|move|p2a: Politoed|Ice Beam|p1b: Sinistcha
|-supereffective|p1b: Sinistcha|1
|-damage|p1b: Sinistcha|0 fnt
|faint|p1b: Sinistcha
|
|-heal|p2b: Archaludon|63/100|[from] item: Leftovers
|upkeep
|turn|12
|c|☆LascapVGC|dude pls stop
|inactive|mrchris21 has 30 seconds left.
|
|t:|1785059020
|move|p1a: Blastoise|Dark Pulse|p2b: Archaludon
|-damage|p2b: Archaludon|0 fnt
|faint|p2b: Archaludon
|move|p2a: Politoed|Perish Song|p2a: Politoed
|-start|p1a: Blastoise|perish3|[silent]
|-start|p2a: Politoed|perish3|[silent]
|-fieldactivate|move: Perish Song
|
|-start|p1a: Blastoise|perish3
|-start|p2a: Politoed|perish3
|upkeep
|turn|13
|
|t:|1785059031
|move|p2a: Politoed|Protect|p2a: Politoed
|-singleturn|p2a: Politoed|Protect
|move|p1a: Blastoise|Shell Smash|p1a: Blastoise
|-unboost|p1a: Blastoise|def|1
|-unboost|p1a: Blastoise|spd|1
|-boost|p1a: Blastoise|atk|2
|-boost|p1a: Blastoise|spa|2
|-boost|p1a: Blastoise|spe|2
|
|-start|p1a: Blastoise|perish2
|-start|p2a: Politoed|perish2
|upkeep
|turn|14
|
|t:|1785059039
|move|p2a: Politoed|Protect|p2a: Politoed
|-singleturn|p2a: Politoed|Protect
|move|p1a: Blastoise|Dark Pulse|p2a: Politoed
|-activate|p2a: Politoed|move: Protect
|
|-start|p1a: Blastoise|perish1
|-start|p2a: Politoed|perish1
|upkeep
|turn|15
|
|t:|1785059044
|move|p2a: Politoed|Protect||[still]
|-fail|p2a: Politoed
|move|p1a: Blastoise|Dark Pulse|p2a: Politoed
|-crit|p2a: Politoed
|-damage|p2a: Politoed|0 fnt
|faint|p2a: Politoed
|
|win|LascapVGC
||mrchris21 is ready for game 3.
||LascapVGC is ready for game 3.
|uhtml|next|Next: Game 3 of 3
|l|‽mrchris21
|player|p2|
