|j|Ōśåshrithegreat
|j|ŌśåBlackStag52
|html|shrithegreatBlackStag52    
|uhtml|bestof|Game 2 of a best-of-3
|t:|1784085281
|gametype|doubles
|player|p1|shrithegreat|169|1191
|player|p2|BlackStag52|lorelei-gen3|1108
|gen|9
|tier|[Gen 9 Champions] VGC 2026 Reg M-B (Bo3)
|rated|
|rule|Species Clause: Limit one of each Pok├®mon
|rule|Item Clause: Limit 1 of each item
|clearpoke
|poke|p1|Gengar, L50, F|
|poke|p1|Politoed, L50, F|
|poke|p1|Floette-Eternal, L50, F|
|poke|p1|Palafin, L50, M|
|poke|p1|Incineroar, L50, M|
|poke|p1|Sinistcha, L50|
|poke|p2|Garchomp, L50, M|
|poke|p2|Eelektross, L50, M|
|poke|p2|Sinistcha, L50|
|poke|p2|Primarina, L50, M|
|poke|p2|Vivillon-High Plains, L50, M|
|poke|p2|Sneasler, L50, M|
|teampreview|4
|showteam|p1|Gengar||Gengarite|CursedBody|Protect,PerishSong,Disable,ShadowBall|Modest||F|||50|]Politoed||Leftovers|Drizzle|Protect,PerishSong,WeatherBall,Encore|Calm||F|||50|]Floette-Eternal||Floettite|Symbiosis|Protect,CalmMind,Moonblast,DrainingKiss|Timid||F|||50|]Palafin||MysticWater|ZerotoHero|Protect,JetPunch,WaveCrash,CloseCombat|Adamant||M|||50|]Incineroar||PasshoBerry|Intimidate|Protect,FakeOut,DarkestLariat,PartingShot|Brave||M|||50|]Sinistcha||SitrusBerry|Hospitality|Protect,RagePowder,MatchaGotcha,LifeDew|Bold|||||50|
|showteam|p2|Garchomp||LifeOrb|RoughSkin|DragonClaw,Earthquake,Protect,RockSlide|Impish||M|||50|]Eelektross||Eelektrossite|Levitate|GrassKnot,Thunderbolt,Protect,Flamethrower|Modest||M|||50|]Sinistcha||KasibBerry|Hospitality|MatchaGotcha,RagePowder,TrickRoom,LifeDew|Bold|||||50|]Primarina||FairyFeather|LiquidVoice|DazzlingGleam,EnergyBall,HyperVoice,Protect|Modest||M|||50|]Vivillon-High Plains||FocusSash|FriendGuard|Tailwind,AirSlash,PollenPuff,Protect|Timid||M|||50|]Sneasler||WhiteHerb|Unburden|FakeOut,CloseCombat,DireClaw,Protect|Adamant||M|||50|
|inactive|Battle timer is ON: inactive players will automatically lose when time's up. (requested by shrithegreat)
|c|ŌśåBlackStag52|intim procced my White Herb and Unburden
|inactive|BlackStag52 has 60 seconds left.
|c|Ōśåshrithegreat|yah forgot
|
|t:|1784085320
|teamsize|p1|4
|teamsize|p2|4
|start
|switch|p1a: Palafin|Palafin, L50, M|100/100
|switch|p1b: Floette|Floette-Eternal, L50, F|100/100
|switch|p2a: Sneasler|Sneasler, L50, M|100/100
|switch|p2b: Garchomp|Garchomp, L50, M|100/100
|turn|1
|inactive|shrithegreat has 30 seconds left.
|inactive|shrithegreat has 20 seconds left.
|inactive|shrithegreat has 15 seconds left.
|inactive|shrithegreat has 10 seconds left.
|
|t:|1784085365
|detailschange|p1b: Floette|Floette-Mega, L50, F
|-mega|p1b: Floette|Floette|Floettite
|-ability|p1b: Floette|Fairy Aura
|move|p2b: Garchomp|Protect|p2b: Garchomp
|-singleturn|p2b: Garchomp|Protect
|move|p2a: Sneasler|Close Combat|p1a: Palafin
|-damage|p1a: Palafin|24/100
|-unboost|p2a: Sneasler|def|1
|-unboost|p2a: Sneasler|spd|1
|-enditem|p2a: Sneasler|White Herb
|-clearnegativeboost|p2a: Sneasler|[silent]
|move|p1b: Floette|Moonblast|p2b: Garchomp
|-activate|p2b: Garchomp|move: Protect
|move|p1a: Palafin|Wave Crash|p2a: Sneasler
|-damage|p2a: Sneasler|0 fnt
|faint|p2a: Sneasler
|-damage|p1a: Palafin|0 fnt|[from] Recoil
|faint|p1a: Palafin
|
|upkeep
|
|t:|1784085388
|switch|p2a: Sinistcha|Sinistcha, L50|100/100
|switch|p1a: Incineroar|Incineroar, L50, M|100/100
|-ability|p1a: Incineroar|Intimidate|boost
|-unboost|p2a: Sinistcha|atk|1
|-unboost|p2b: Garchomp|atk|1
|turn|2
|
|t:|1784085398
|switch|p2b: Eelektross|Eelektross, L50, M|100/100
|move|p1a: Incineroar|Fake Out|p2b: Eelektross
|-damage|p2b: Eelektross|88/100
|move|p1b: Floette|Moonblast|p2b: Eelektross
|-damage|p2b: Eelektross|15/100
|move|p2a: Sinistcha|Trick Room|p2a: Sinistcha
|-fieldstart|move: Trick Room|[of] p2a: Sinistcha
|
|upkeep
|turn|3
|
|t:|1784085419
|switch|p2a: Garchomp|Garchomp, L50, M|100/100
|move|p2b: Eelektross|Protect|p2b: Eelektross
|-singleturn|p2b: Eelektross|Protect
|move|p1a: Incineroar|Darkest Lariat|p2a: Garchomp
|-damage|p2a: Garchomp|75/100
|-damage|p1a: Incineroar|87/100|[from] ability: Rough Skin|[of] p2a: Garchomp
|move|p1b: Floette|Moonblast|p2b: Eelektross
|-activate|p2b: Eelektross|move: Protect
|
|upkeep
|turn|4
|
|t:|1784085434
|detailschange|p2b: Eelektross|Eelektross-Mega, L50, M
|-mega|p2b: Eelektross|Eelektross|Eelektrossite
|move|p1a: Incineroar|Darkest Lariat|p2b: Eelektross
|-damage|p2b: Eelektross|0 fnt
|faint|p2b: Eelektross
|move|p2a: Garchomp|Earthquake|p1b: Floette|[spread] p1a,p1b
|-supereffective|p1a: Incineroar|1
|-damage|p1a: Incineroar|20/100y
|-damage|p1b: Floette|55/100
|-damage|p2a: Garchomp|65/100|[from] item: Life Orb
|move|p1b: Floette|Moonblast|p2a: Garchomp
|-supereffective|p2a: Garchomp|1
|-damage|p2a: Garchomp|0 fnt
|faint|p2a: Garchomp
|
|upkeep
|
|t:|1784085443
|switch|p2a: Sinistcha|Sinistcha, L50|100/100
|turn|5
|
|t:|1784085452
|move|p1a: Incineroar|Darkest Lariat|p2a: Sinistcha
|-supereffective|p2a: Sinistcha|1
|-damage|p2a: Sinistcha|48/100
|move|p2a: Sinistcha|Matcha Gotcha|p1a: Incineroar|[spread] p1a,p1b
|-resisted|p1a: Incineroar|1
|-damage|p1a: Incineroar|11/100
|-heal|p2a: Sinistcha|53/100|[from] drain|[of] p1a: Incineroar
|-damage|p1b: Floette|37/100
|-heal|p2a: Sinistcha|63/100|[from] drain|[of] p1b: Floette
|move|p1b: Floette|Moonblast|p2a: Sinistcha
|-damage|p2a: Sinistcha|0 fnt
|faint|p2a: Sinistcha
|
|win|shrithegreat
