|j|â˜†eternatusgaming
|j|â˜†Midnight Crimsonn
|html|eternatusgamingMidnight Crimsonn    
|uhtml|bestof|Game 2 of a best-of-3
|t:|1783090298
|gametype|doubles
|player|p1|eternatusgaming|iono|
|player|p2|Midnight Crimsonn|acetrainerf-gen4dp|
|gen|9
|tier|[Gen 9 Champions] VGC 2026 Reg M-B (Bo3)
|rule|Species Clause: Limit one of each PokÃ©mon
|rule|Item Clause: Limit 1 of each item
|clearpoke
|poke|p1|Swampert, L50, M|
|poke|p1|Pelipper, L50, F|
|poke|p1|Sinistcha, L50|
|poke|p1|Archaludon, L50, F|
|poke|p1|Grimmsnarl, L50, M|
|poke|p1|Metagross, L50|
|poke|p2|Metagross, L50, shiny|
|poke|p2|Charizard, L50, M|
|poke|p2|Incineroar, L50, M, shiny|
|poke|p2|Garchomp, L50, F, shiny|
|poke|p2|Hydreigon, L50, F|
|poke|p2|Toxapex, L50, M, shiny|
|teampreview|4
|showteam|p1|Swampert||Swampertite|Damp|WaveCrash,Earthquake,IcePunch,Protect|Adamant||M|||50|]Pelipper||SitrusBerry|Drizzle|WeatherBall,Hurricane,Tailwind,WideGuard|Modest||F|||50|]Sinistcha||CobaBerry|Hospitality|MatchaGotcha,Protect,RagePowder,TrickRoom|Relaxed|||||50|]Archaludon||Leftovers|Stamina|ElectroShot,FlashCannon,DragonPulse,Protect|Modest||F|||50|]Grimmsnarl||LightClay|Prankster|FoulPlay,LightScreen,Reflect,PartingShot|Careful||M|||50|]Metagross||Metagrossite|ClearBody|IronHead,PsychicFangs,BodyPress,Protect|Adamant|||||50|
|showteam|p2|Metagross||Metagrossite|ClearBody|IronHead,PsychicFangs,BodyPress,Protect|Jolly|||||50|]Charizard||CharizarditeY|Blaze|HeatWave,WeatherBall,SolarBeam,Protect|Timid||M|||50|]Incineroar||SitrusBerry|Intimidate|FlareBlitz,ThroatChop,FakeOut,PartingShot|Impish||M|||50|]Garchomp||LifeOrb|RoughSkin|Earthquake,DragonClaw,RockSlide,Protect|Jolly||F|||50|]Hydreigon||ChoiceScarf|Levitate|DracoMeteor,DarkPulse,Snarl,HeatWave|Modest||F|||50|]Toxapex||Leftovers|Regenerator|Infestation,WideGuard,Toxic,BanefulBunker|Bold||M|||50|
|inactive|Battle timer is ON: inactive players will automatically lose when time's up. (requested by Midnight Crimsonn)
|inactiveoff|Battle timer is now OFF.
|c|â˜†eternatusgaming|yeah I think I agree
|
|t:|1783090317
|teamsize|p1|4
|teamsize|p2|4
|start
|switch|p1a: Grimmsnarl|Grimmsnarl, L50, M|100/100
|switch|p1b: Archaludon|Archaludon, L50, F|100/100
|switch|p2a: Charizard|Charizard, L50, M|100/100
|switch|p2b: Incineroar|Incineroar, L50, M, shiny|100/100
|-ability|p2b: Incineroar|Intimidate|boost
|-unboost|p1a: Grimmsnarl|atk|1
|-unboost|p1b: Archaludon|atk|1
|turn|1
|
|t:|1783090329
|switch|p1a: Swampert|Swampert, L50, M|100/100
|move|p1b: Archaludon|Protect|p1b: Archaludon
|-singleturn|p1b: Archaludon|Protect
|move|p2b: Incineroar|Fake Out|p1a: Swampert
|-damage|p1a: Swampert|87/100
|move|p2a: Charizard|Heat Wave|p1b: Archaludon|[spread] p1a
|-activate|p1b: Archaludon|move: Protect
|-resisted|p1a: Swampert|1
|-damage|p1a: Swampert|72/100
|
|upkeep
|turn|2
|
|t:|1783090348
|switch|p1a: Grimmsnarl|Grimmsnarl, L50, M|100/100
|detailschange|p2a: Charizard|Charizard-Mega-Y, L50, M
|-mega|p2a: Charizard|Charizard|Charizardite Y
|-weather|SunnyDay|[from] ability: Drought|[of] p2a: Charizard
|move|p2a: Charizard|Weather Ball|p1b: Archaludon
|-damage|p1b: Archaludon|13/100
|-ability|p1b: Archaludon|Stamina|boost
|-boost|p1b: Archaludon|def|1
|move|p1b: Archaludon|Dragon Pulse|p2a: Charizard
|-damage|p2a: Charizard|62/100
|move|p2b: Incineroar|Parting Shot|p1a: Grimmsnarl
|-unboost|p1a: Grimmsnarl|atk|1
|-unboost|p1a: Grimmsnarl|spa|1
|
|t:|1783090361
|switch|p2b: Garchomp|Garchomp, L50, F, shiny|100/100|[from] Parting Shot
|
|-weather|SunnyDay|[upkeep]
|-heal|p1b: Archaludon|19/100|[from] item: Leftovers
|upkeep
|turn|3
|
|t:|1783090377
|move|p1b: Archaludon|Protect|p1b: Archaludon
|-singleturn|p1b: Archaludon|Protect
|move|p1a: Grimmsnarl|Reflect|p1a: Grimmsnarl
|-sidestart|p1: eternatusgaming|Reflect
|move|p2b: Garchomp|Earthquake|p1b: Archaludon|[spread] p1a
|-activate|p1b: Archaludon|move: Protect
|-immune|p2a: Charizard
|-damage|p1a: Grimmsnarl|63/100
|-damage|p2b: Garchomp|90/100|[from] item: Life Orb
|move|p2a: Charizard|Weather Ball|p1b: Archaludon
|-activate|p1b: Archaludon|move: Protect
|
|-weather|SunnyDay|[upkeep]
|-heal|p1b: Archaludon|25/100|[from] item: Leftovers
|upkeep
|turn|4
|
|t:|1783090400
|switch|p1b: Pelipper|Pelipper, L50, F|100/100
|-weather|RainDance|[from] ability: Drizzle|[of] p1b: Pelipper
|move|p1a: Grimmsnarl|Parting Shot|p2b: Garchomp
|-unboost|p2b: Garchomp|atk|1
|-unboost|p2b: Garchomp|spa|1
|
|t:|1783090406
|switch|p1a: Swampert|Swampert, L50, M|72/100|[from] Parting Shot
|move|p2b: Garchomp|Earthquake|p1b: Pelipper|[spread] p1a
|-immune|p2a: Charizard
|-immune|p1b: Pelipper
|-damage|p1a: Swampert|47/100
|-damage|p2b: Garchomp|80/100|[from] item: Life Orb
|move|p2a: Charizard|Heat Wave|p1a: Swampert|[spread] p1b
|-miss|p2a: Charizard|p1a: Swampert
|-resisted|p1b: Pelipper|1
|-damage|p1b: Pelipper|88/100
|
|-weather|RainDance|[upkeep]
|upkeep
|turn|5
|
|t:|1783090434
|switch|p2a: Incineroar|Incineroar, L50, M, shiny|100/100
|-ability|p2a: Incineroar|Intimidate|boost
|-unboost|p1a: Swampert|atk|1
|-unboost|p1b: Pelipper|atk|1
|detailschange|p1a: Swampert|Swampert-Mega, L50, M
|-mega|p1a: Swampert|Swampert|Swampertite
|move|p1a: Swampert|Ice Punch|p2b: Garchomp
|-supereffective|p2b: Garchomp|2
|-damage|p2b: Garchomp|0 fnt
|-damage|p1a: Swampert|35/100|[from] ability: Rough Skin|[of] p2b: Garchomp
|faint|p2b: Garchomp
|move|p1b: Pelipper|Tailwind|p1b: Pelipper
|-sidestart|p1: eternatusgaming|move: Tailwind
|
|-weather|RainDance|[upkeep]
|upkeep
|
|t:|1783090443
|switch|p2b: Charizard|Charizard-Mega-Y, L50, M|62/100
|-weather|SunnyDay|[from] ability: Drought|[of] p2b: Charizard
|turn|6
|
|t:|1783090466
|switch|p1b: Grimmsnarl|Grimmsnarl, L50, M|63/100
|switch|p2b: Toxapex|Toxapex, L50, M, shiny|100/100
|move|p1a: Swampert|Protect|p1a: Swampert
|-singleturn|p1a: Swampert|Protect
|move|p2a: Incineroar|Flare Blitz|p1b: Grimmsnarl
|-damage|p1b: Grimmsnarl|12/100
|-damage|p2a: Incineroar|83/100|[from] Recoil
|
|-weather|SunnyDay|[upkeep]
|upkeep
|turn|7
|
|t:|1783090485
|switch|p1a: Archaludon|Archaludon, L50, F|25/100
|switch|p1b: Pelipper|Pelipper, L50, F|88/100
|-weather|RainDance|[from] ability: Drizzle|[of] p1b: Pelipper
|move|p2a: Incineroar|Parting Shot|p1a: Archaludon
|-unboost|p1a: Archaludon|atk|1
|-unboost|p1a: Archaludon|spa|1
|
|t:|1783090493
|switch|p2a: Charizard|Charizard-Mega-Y, L50, M|62/100|[from] Parting Shot
|-weather|SunnyDay|[from] ability: Drought|[of] p2a: Charizard
|move|p2b: Toxapex|Infestation|p1a: Archaludon
|-resisted|p1a: Archaludon|1
|-damage|p1a: Archaludon|23/100
|-activate|p1a: Archaludon|move: Infestation|[of] p2b: Toxapex
|-ability|p1a: Archaludon|Stamina|boost
|-boost|p1a: Archaludon|def|1
|
|-weather|SunnyDay|[upkeep]
|-heal|p1a: Archaludon|29/100|[from] item: Leftovers
|-damage|p1a: Archaludon|17/100|[from] move: Infestation|[partiallytrapped]
|upkeep
|turn|8
|
|t:|1783090508
|switch|p1b: Grimmsnarl|Grimmsnarl, L50, M|12/100
|switch|p2a: Incineroar|Incineroar, L50, M, shiny|83/100
|-ability|p2a: Incineroar|Intimidate|boost
|-unboost|p1a: Archaludon|atk|1
|-unboost|p1b: Grimmsnarl|atk|1
|move|p1a: Archaludon|Dragon Pulse|p2a: Incineroar
|-damage|p2a: Incineroar|59/100
|move|p2b: Toxapex|Infestation|p1b: Grimmsnarl
|-damage|p1b: Grimmsnarl|9/100
|-activate|p1b: Grimmsnarl|move: Infestation|[of] p2b: Toxapex
|
|-weather|SunnyDay|[upkeep]
|-heal|p1a: Archaludon|23/100|[from] item: Leftovers
|-damage|p1a: Archaludon|11/100|[from] move: Infestation|[partiallytrapped]
|-damage|p1b: Grimmsnarl|0 fnt|[from] move: Infestation|[partiallytrapped]
|faint|p1b: Grimmsnarl
|-sideend|p1: eternatusgaming|move: Tailwind
|upkeep
|
|t:|1783090519
|switch|p1b: Swampert|Swampert-Mega, L50, M|35/100
|turn|9
|
|t:|1783090534
|move|p1a: Archaludon|Protect|p1a: Archaludon
|-singleturn|p1a: Archaludon|Protect
|move|p2a: Incineroar|Fake Out|p1b: Swampert
|-damage|p1b: Swampert|28/100
|cant|p1b: Swampert|flinch
|move|p2b: Toxapex|Infestation|p1a: Archaludon
|-activate|p1a: Archaludon|move: Protect
|
|-weather|SunnyDay|[upkeep]
|-heal|p1a: Archaludon|17/100|[from] item: Leftovers
|-damage|p1a: Archaludon|5/100|[from] move: Infestation|[partiallytrapped]
|upkeep
|turn|10
|
|t:|1783090568
|move|p1b: Swampert|Wave Crash|p2a: Incineroar
|-supereffective|p2a: Incineroar|1
|-damage|p2a: Incineroar|0 fnt
|faint|p2a: Incineroar
|-damage|p1b: Swampert|5/100|[from] Recoil
|move|p1a: Archaludon|Dragon Pulse|p2b: Toxapex
|-damage|p2b: Toxapex|78/100
|move|p2b: Toxapex|Infestation|p1b: Swampert
|-crit|p1b: Swampert
|-damage|p1b: Swampert|1/100
|-activate|p1b: Swampert|move: Infestation|[of] p2b: Toxapex
|
|-weather|SunnyDay|[upkeep]
|-heal|p1a: Archaludon|11/100|[from] item: Leftovers
|-heal|p2b: Toxapex|84/100|[from] item: Leftovers
|-damage|p1b: Swampert|0 fnt|[from] move: Infestation|[partiallytrapped]
|faint|p1b: Swampert
|-damage|p1a: Archaludon|0 fnt|[from] move: Infestation|[partiallytrapped]
|faint|p1a: Archaludon
|-sideend|p1: eternatusgaming|Reflect
|upkeep
|
|t:|1783090576
|switch|p1b: Pelipper|Pelipper, L50, F|88/100
|switch|p2a: Charizard|Charizard-Mega-Y, L50, M|62/100
|-weather|RainDance|[from] ability: Drizzle|[of] p1b: Pelipper
|turn|11
|
|t:|1783090581
|move|p2a: Charizard|Weather Ball|p1b: Pelipper
|-resisted|p1b: Pelipper|1
|-damage|p1b: Pelipper|51/100
|move|p1b: Pelipper|Hurricane|p2b: Toxapex
|-damage|p2b: Toxapex|45/100
|move|p2b: Toxapex|Infestation|p1b: Pelipper
|-resisted|p1b: Pelipper|1
|-damage|p1b: Pelipper|49/100
|-activate|p1b: Pelipper|move: Infestation|[of] p2b: Toxapex
|-enditem|p1b: Pelipper|Sitrus Berry|[eat]
|-heal|p1b: Pelipper|74/100|[from] item: Sitrus Berry
|
|-weather|RainDance|[upkeep]
|-heal|p2b: Toxapex|50/100g|[from] item: Leftovers
|-damage|p1b: Pelipper|62/100|[from] move: Infestation|[partiallytrapped]
|upkeep
|turn|12
|
|t:|1783090594
|move|p2a: Charizard|Protect|p2a: Charizard
|-singleturn|p2a: Charizard|Protect
|move|p2b: Toxapex|Baneful Bunker|p2b: Toxapex
|-singleturn|p2b: Toxapex|move: Protect
|move|p1b: Pelipper|Weather Ball|p2a: Charizard
|-activate|p2a: Charizard|move: Protect
|
|-weather|RainDance|[upkeep]
|-heal|p2b: Toxapex|56/100|[from] item: Leftovers
|-damage|p1b: Pelipper|50/100y|[from] move: Infestation|[partiallytrapped]
|upkeep
|turn|13
|
|t:|1783090607
|move|p2a: Charizard|Weather Ball|p1b: Pelipper
|-resisted|p1b: Pelipper|1
|-damage|p1b: Pelipper|16/100
|move|p1b: Pelipper|Hurricane|p2b: Toxapex
|-damage|p2b: Toxapex|17/100
|-start|p2b: Toxapex|confusion
|-activate|p2b: Toxapex|confusion
|move|p2b: Toxapex|Toxic|p1b: Pelipper
|-status|p1b: Pelipper|tox
|
|-weather|RainDance|[upkeep]
|-heal|p2b: Toxapex|23/100|[from] item: Leftovers
|-damage|p1b: Pelipper|10/100 tox|[from] psn
|-damage|p1b: Pelipper|0 fnt|[from] move: Infestation|[partiallytrapped]
|faint|p1b: Pelipper
|
|win|Midnight Crimsonn
|inactive|eternatusgaming has 30 seconds to confirm battle start!
|inactive|Midnight Crimsonn has 30 seconds to confirm battle start!
|c|â˜†Midnight Crimsonn|weather ball still doing that much tho
|c|â˜†Midnight Crimsonn|christ
||Midnight Crimsonn is ready for game 3.
|inactive|eternatusgaming has 20 seconds to confirm battle start!
|c|â˜†eternatusgaming|crazy sp.atk
||eternatusgaming is ready for game 3.
|uhtml|next|Next: Game 3 of 3
