|j|☆0Zeru
|j|☆AnIcePancake
|html|0ZeruAnIcePancake    
|uhtml|bestof|Game 1 of a best-of-3
|t:|1785865762
|gametype|doubles
|player|p1|0Zeru|battlegirl-gen4|1105
|player|p2|AnIcePancake|janitor|1040
|gen|9
|tier|[Gen 9 Champions] VGC 2026 Reg M-B (Bo3)
|rated|
|rule|Species Clause: Limit one of each Pokémon
|rule|Item Clause: Limit 1 of each item
|clearpoke
|poke|p1|Basculegion, L50, M|
|poke|p1|Vivillon, L50, M|
|poke|p1|Farigiraf, L50, M|
|poke|p1|Kingambit, L50, M|
|poke|p1|Incineroar, L50, M|
|poke|p1|Floette-Eternal, L50, F|
|poke|p2|Aggron, L50, M|
|poke|p2|Incineroar, L50, M|
|poke|p2|Swampert, L50, M|
|poke|p2|Pelipper, L50, M|
|poke|p2|Basculegion, L50, M|
|poke|p2|Sinistcha, L50|
|teampreview|4
|showteam|p1|Basculegion||ChoiceScarf|Adaptability|WaveCrash,FlipTurn,AquaJet,LastRespects|Adamant||M|||50|]Vivillon||FocusSash|CompoundEyes|SleepPowder,Hurricane,Tailwind,Protect|Timid||M|||50|]Farigiraf||ColburBerry|ArmorTail|TrickRoom,Psychic,Thunderbolt,Protect|Calm||M|||50|]Kingambit||BlackGlasses|Defiant|KowtowCleave,IronHead,SuckerPunch,Protect|Adamant||M|||50|]Incineroar||SitrusBerry|Intimidate|FakeOut,FlareBlitz,ThroatChop,PartingShot|Careful||M|||50|]Floette-Eternal||Floettite|FlowerVeil|Moonblast,DazzlingGleam,LightofRuin,Protect|Modest||F|||50|
|showteam|p2|Aggron||Aggronite|Sturdy|IronDefense,BodyPress,HeavySlam,Protect|Careful||M|||50|]Incineroar||PasshoBerry|Intimidate|FakeOut,PartingShot,HelpingHand,FlareBlitz|Impish||M|||50|]Swampert||Swampertite|Torrent|WaveCrash,Earthquake,FlipTurn,RockSlide|Adamant||M|||50|]Pelipper||WacanBerry|Drizzle|Uturn,KnockOff,WideGuard,WeatherBall|Relaxed||M|||50|]Basculegion||LifeOrb|SwiftSwim|LastRespects,WaveCrash,AquaJet,Protect|Adamant||M|||50|]Sinistcha||SitrusBerry|Hospitality|RagePowder,Protect,MatchaGotcha,Scald|Bold|||||50|
|inactive|Battle timer is ON: inactive players will automatically lose when time's up. (requested by 0Zeru)
|c|☆AnIcePancake|gl and hf!
|inactive|0Zeru has 60 seconds left.
|inactive|AnIcePancake has 60 seconds left.
|
|t:|1785865818
|teamsize|p1|4
|teamsize|p2|4
|start
|switch|p1a: Vivillon|Vivillon, L50, M|100/100
|switch|p1b: Basculegion|Basculegion, L50, M|100/100
|switch|p2a: Pelipper|Pelipper, L50, M|100/100
|switch|p2b: Incineroar|Incineroar, L50, M|100/100
|-ability|p2b: Incineroar|Intimidate|boost
|-unboost|p1a: Vivillon|atk|1
|-unboost|p1b: Basculegion|atk|1
|-weather|RainDance|[from] ability: Drizzle|[of] p2a: Pelipper
|turn|1
|
|t:|1785865843
|move|p1a: Vivillon|Protect|p1a: Vivillon
|-singleturn|p1a: Vivillon|Protect
|move|p2b: Incineroar|Fake Out|p1a: Vivillon
|-activate|p1a: Vivillon|move: Protect
|move|p1b: Basculegion|Wave Crash|p2b: Incineroar
|-supereffective|p2b: Incineroar|1
|-enditem|p2b: Incineroar|Passho Berry|[eat]
|-enditem|p2b: Incineroar|Passho Berry|[weaken]
|-damage|p2b: Incineroar|46/100
|-damage|p1b: Basculegion|81/100|[from] Recoil
|move|p2a: Pelipper|Knock Off|p1b: Basculegion
|-supereffective|p1b: Basculegion|1
|-damage|p1b: Basculegion|48/100
|-enditem|p1b: Basculegion|Choice Scarf|[from] move: Knock Off|[of] p2a: Pelipper
|
|-weather|RainDance|[upkeep]
|upkeep
|turn|2
|inactive|0Zeru has 30 seconds left.
|inactive|0Zeru has 20 seconds left.
|inactive|0Zeru has 15 seconds left.
|
|t:|1785865884
|move|p1a: Vivillon|Sleep Powder|p2b: Incineroar
|-status|p2b: Incineroar|slp|[from] move: Sleep Powder
|move|p1b: Basculegion|Flip Turn|p2a: Pelipper
|-resisted|p2a: Pelipper|1
|-damage|p2a: Pelipper|85/100
|
|t:|1785865890
|switch|p1b: Floette|Floette-Eternal, L50, F|100/100|[from] Flip Turn
|cant|p2b: Incineroar|slp
|move|p2a: Pelipper|Weather Ball|p1a: Vivillon
|-damage|p1a: Vivillon|14/100
|
|-weather|RainDance|[upkeep]
|upkeep
|turn|3
|
|t:|1785865909
|detailschange|p1b: Floette|Floette-Mega, L50, F
|-mega|p1b: Floette|Floette|Floettite
|-ability|p1b: Floette|Fairy Aura
|move|p2a: Pelipper|Wide Guard|p2a: Pelipper
|-singleturn|p2a: Pelipper|Wide Guard
|move|p1a: Vivillon|Tailwind|p1a: Vivillon
|-sidestart|p1: 0Zeru|move: Tailwind
|move|p1b: Floette|Moonblast|p2a: Pelipper
|-damage|p2a: Pelipper|0 fnt
|faint|p2a: Pelipper
|-curestatus|p2b: Incineroar|slp|[msg]
|move|p2b: Incineroar|Flare Blitz|p1a: Vivillon
|-supereffective|p1a: Vivillon|1
|-damage|p1a: Vivillon|0 fnt
|faint|p1a: Vivillon
|-damage|p2b: Incineroar|42/100|[from] Recoil
|
|-weather|RainDance|[upkeep]
|upkeep
|
|t:|1785865923
|switch|p1a: Incineroar|Incineroar, L50, M|100/100
|switch|p2a: Swampert|Swampert, L50, M|100/100
|-ability|p1a: Incineroar|Intimidate|boost
|-unboost|p2a: Swampert|atk|1
|-unboost|p2b: Incineroar|atk|1
|turn|4
|
|t:|1785865938
|detailschange|p2a: Swampert|Swampert-Mega, L50, M
|-mega|p2a: Swampert|Swampert|Swampertite
|move|p2b: Incineroar|Helping Hand|p2a: Swampert
|-singleturn|p2a: Swampert|Helping Hand|[of] p2b: Incineroar
|move|p1a: Incineroar|Fake Out|p2a: Swampert
|-damage|p2a: Swampert|89/100
|move|p1b: Floette|Moonblast|p2b: Incineroar
|-damage|p2b: Incineroar|0 fnt
|faint|p2b: Incineroar
|cant|p2a: Swampert|flinch
|
|-weather|RainDance|[upkeep]
|upkeep
|
|t:|1785865944
|switch|p2b: Basculegion|Basculegion, L50, M|100/100
|turn|5
|
|t:|1785865954
|switch|p1a: Basculegion|Basculegion, L50, M|48/100
|move|p1b: Floette|Protect|p1b: Floette
|-singleturn|p1b: Floette|Protect
|move|p2b: Basculegion|Wave Crash|p1b: Floette
|-activate|p1b: Floette|move: Protect
|move|p2a: Swampert|Wave Crash|p1b: Floette
|-activate|p1b: Floette|move: Protect
|
|-weather|none
|upkeep
|turn|6
|inactive|0Zeru has 30 seconds left.
|inactive|0Zeru has 20 seconds left.
|inactive|0Zeru has 15 seconds left.
|
|t:|1785865996
|switch|p1a: Incineroar|Incineroar, L50, M|100/100
|-ability|p1a: Incineroar|Intimidate|boost
|-unboost|p2a: Swampert|atk|1
|-unboost|p2b: Basculegion|atk|1
|move|p1b: Floette|Light of Ruin|p2a: Swampert
|-damage|p2a: Swampert|0 fnt
|faint|p2a: Swampert
|-damage|p1b: Floette|47/100|[from] Recoil
|move|p2b: Basculegion|Last Respects|p1a: Incineroar
|-resisted|p1a: Incineroar|1
|-damage|p1a: Incineroar|57/100
|-damage|p2b: Basculegion|90/100|[from] item: Life Orb
|
|-sideend|p1: 0Zeru|move: Tailwind
|upkeep
|turn|7
|
|t:|1785866013
|move|p1b: Floette|Moonblast|p2b: Basculegion
|-damage|p2b: Basculegion|0 fnt
|faint|p2b: Basculegion
|
|win|0Zeru
||0Zeru is ready for game 2.
|l|☆AnIcePancake
|player|p2|
||AnIcePancake is ready for game 2.
|uhtml|next|Next: Game 2 of 3
