|j|☆chaoticfarmer
|j|☆TeyVgc
|html|chaoticfarmerTeyVgc    
|uhtml|bestof|Game 2 of a best-of-3
|t:|1756959304
|gametype|doubles
|player|p1|chaoticfarmer|norman|1334
|player|p2|TeyVgc|benga|1293
|gen|9
|tier|[Gen 9] VGC 2025 Reg H (Bo3)
|rated|
|rule|Species Clause: Limit one of each Pokémon
|rule|Item Clause: Limit 1 of each item
|clearpoke
|poke|p1|Rillaboom, L50, M|
|poke|p1|Pelipper, L50, M|
|poke|p1|Sneasler, L50, M|
|poke|p1|Cetitan, L50, M|
|poke|p1|Malamar, L50, M|
|poke|p1|Ursaluna-Bloodmoon, L50, M|
|poke|p2|Gholdengo, L50|
|poke|p2|Dragonite, L50, F|
|poke|p2|Sneasler, L50, F|
|poke|p2|Incineroar, L50, M|
|poke|p2|Indeedee, L50, M|
|poke|p2|Gastrodon, L50, F|
|teampreview|4
|showteam|p1|Rillaboom||AssaultVest|GrassySurge|FakeOut,GrassyGlide,WoodHammer,Uturn|||M|||50|,,,,,Fire]Pelipper||FocusSash|Drizzle|Tailwind,Hurricane,WideGuard,WeatherBall|||M|||50|,,,,,Fairy]Sneasler||GrassySeed|Unburden|CloseCombat,DireClaw,ThroatChop,Protect|||M|||50|,,,,,Dark]Cetitan||LifeOrb|SheerForce|IcicleCrash,Liquidation,IceShard,Protect|||M|||50|,,,,,Water]Malamar||CovertCloak|Contrary|PsychoCut,KnockOff,Superpower,TrickRoom|||M|||50|,,,,,Steel]Ursaluna-Bloodmoon||SilkScarf|MindsEye|BloodMoon,HyperVoice,EarthPower,Protect|||M|||50|,,,,,Ghost
|showteam|p2|Gholdengo||LifeOrb|GoodasGold|Protect,MakeItRain,ShadowBall,NastyPlot||||||50|,,,,,Water]Dragonite||LoadedDice|Multiscale|ScaleShot,Tailwind,Haze,Protect|||F|||50|,,,,,Fairy]Sneasler||PsychicSeed|Unburden|Protect,DireClaw,CloseCombat,ThroatChop|||F|||50|,,,,,Dark]Incineroar||SafetyGoggles|Intimidate|KnockOff,PartingShot,FlareBlitz,FakeOut|||M|||50|,,,,,Ghost]Indeedee||FocusSash|PsychicSurge|ExpandingForce,TrickRoom,Imprison,TeraBlast|||M|||50|,,,,,Fighting]Gastrodon||Leftovers|StormDrain|EarthPower,Yawn,Recover,IceBeam|||F|||50|,,,,,Poison
|inactive|Battle timer is ON: inactive players will automatically lose when time's up. (requested by chaoticfarmer)
|inactive|chaoticfarmer has 60 seconds left.
|inactive|TeyVgc has 60 seconds left.
|inactive|TeyVgc has 30 seconds left.
|
|t:|1756959374
|teamsize|p1|4
|teamsize|p2|4
|start
|switch|p1a: Malamar|Malamar, L50, M|100/100
|switch|p1b: Sneasler|Sneasler, L50, M|100/100
|switch|p2a: Sneasler|Sneasler, L50, F|100/100
|switch|p2b: Indeedee|Indeedee, L50, M|100/100
|-fieldstart|move: Psychic Terrain|[from] ability: Psychic Surge|[of] p2b: Indeedee
|-enditem|p2a: Sneasler|Psychic Seed
|-boost|p2a: Sneasler|spd|1|[from] item: Psychic Seed
|turn|1
|inactive|chaoticfarmer has 30 seconds left.
|inactive|chaoticfarmer has 20 seconds left.
|inactive|chaoticfarmer has 15 seconds left.
|
|t:|1756959414
|-terastallize|p2b: Indeedee|Fighting
|move|p2a: Sneasler|Close Combat|p1a: Malamar
|-damage|p1a: Malamar|41/100
|-unboost|p2a: Sneasler|def|1
|-unboost|p2a: Sneasler|spd|1
|move|p1b: Sneasler|Dire Claw|p2a: Sneasler
|-resisted|p2a: Sneasler
|-damage|p2a: Sneasler|40/100
|move|p2b: Indeedee|Tera Blast|p1a: Malamar|[anim] Tera Blast Fighting
|-damage|p1a: Malamar|3/100
|move|p1a: Malamar|Knock Off|p2b: Indeedee
|-resisted|p2b: Indeedee
|-damage|p2b: Indeedee|63/100
|-enditem|p2b: Indeedee|Focus Sash|[from] move: Knock Off|[of] p1a: Malamar
|
|upkeep
|turn|2
|inactive|chaoticfarmer has 30 seconds left.
|inactive|chaoticfarmer has 20 seconds left.
|
|t:|1756959450
|move|p2a: Sneasler|Dire Claw|p1a: Malamar
|-damage|p1a: Malamar|0 fnt
|faint|p1a: Malamar
|move|p1b: Sneasler|Dire Claw|p2b: Indeedee
|-damage|p2b: Indeedee|0 fnt
|faint|p2b: Indeedee
|
|upkeep
|
|t:|1756959459
|switch|p2b: Dragonite|Dragonite, L50, F|100/100
|switch|p1a: Rillaboom|Rillaboom, L50, M|100/100
|-fieldstart|move: Grassy Terrain|[from] ability: Grassy Surge|[of] p1a: Rillaboom
|-enditem|p1b: Sneasler|Grassy Seed
|-boost|p1b: Sneasler|def|1|[from] item: Grassy Seed
|turn|3
|
|t:|1756959476
|move|p2a: Sneasler|Protect|p2a: Sneasler
|-singleturn|p2a: Sneasler|Protect
|move|p2b: Dragonite|Protect|p2b: Dragonite
|-singleturn|p2b: Dragonite|Protect
|move|p1a: Rillaboom|Fake Out|p2b: Dragonite
|-activate|p2b: Dragonite|move: Protect
|move|p1b: Sneasler|Dire Claw|p2a: Sneasler
|-activate|p2a: Sneasler|move: Protect
|
|-heal|p2a: Sneasler|46/100|[from] Grassy Terrain
|upkeep
|turn|4
|inactive|TeyVgc has 30 seconds left.
|
|t:|1756959504
|switch|p2a: Gholdengo|Gholdengo, L50|100/100
|move|p1a: Rillaboom|Grassy Glide|p2b: Dragonite
|-resisted|p2b: Dragonite
|-damage|p2b: Dragonite|95/100
|move|p1b: Sneasler|Dire Claw|p2b: Dragonite
|-damage|p2b: Dragonite|40/100
|-status|p2b: Dragonite|par
|move|p2b: Dragonite|Scale Shot|p1b: Sneasler
|-damage|p1b: Sneasler|82/100
|-damage|p1b: Sneasler|63/100
|-damage|p1b: Sneasler|46/100
|-damage|p1b: Sneasler|28/100
|-damage|p1b: Sneasler|11/100
|-hitcount|p1b: Sneasler|5
|-unboost|p2b: Dragonite|def|1
|-boost|p2b: Dragonite|spe|1
|
|-heal|p1b: Sneasler|17/100|[from] Grassy Terrain
|upkeep
|turn|5
|inactive|chaoticfarmer has 30 seconds left.
|inactive|TeyVgc has 30 seconds left.
|
|t:|1756959536
|move|p1b: Sneasler|Protect|p1b: Sneasler
|-singleturn|p1b: Sneasler|Protect
|move|p2a: Gholdengo|Nasty Plot|p2a: Gholdengo
|-boost|p2a: Gholdengo|spa|2
|move|p1a: Rillaboom|Wood Hammer|p2a: Gholdengo
|-resisted|p2a: Gholdengo
|-damage|p2a: Gholdengo|60/100
|-damage|p1a: Rillaboom|88/100|[from] Recoil
|move|p2b: Dragonite|Tailwind|p2b: Dragonite
|-sidestart|p2: TeyVgc|move: Tailwind
|
|-heal|p1b: Sneasler|23/100|[from] Grassy Terrain
|-heal|p2a: Gholdengo|66/100|[from] Grassy Terrain
|-heal|p1a: Rillaboom|94/100|[from] Grassy Terrain
|upkeep
|turn|6
|inactive|TeyVgc has 30 seconds left.
|
|t:|1756959561
|-terastallize|p1b: Sneasler|Dark
|move|p2a: Gholdengo|Protect|p2a: Gholdengo
|-singleturn|p2a: Gholdengo|Protect
|move|p1b: Sneasler|Throat Chop|p2a: Gholdengo
|-activate|p2a: Gholdengo|move: Protect
|move|p2b: Dragonite|Scale Shot|p1b: Sneasler
|-damage|p1b: Sneasler|6/100
|-damage|p1b: Sneasler|0 fnt
|faint|p1b: Sneasler
|-hitcount|p1: Sneasler|2
|-unboost|p2b: Dragonite|def|1
|-boost|p2b: Dragonite|spe|1
|move|p1a: Rillaboom|Wood Hammer|p2b: Dragonite
|-resisted|p2b: Dragonite
|-damage|p2b: Dragonite|0 fnt
|faint|p2b: Dragonite
|-damage|p1a: Rillaboom|82/100|[from] Recoil
|
|-heal|p2a: Gholdengo|72/100|[from] Grassy Terrain
|-heal|p1a: Rillaboom|88/100|[from] Grassy Terrain
|upkeep
|
|t:|1756959580
|switch|p1b: Ursaluna|Ursaluna-Bloodmoon, L50, M|100/100
|switch|p2b: Sneasler|Sneasler, L50, F|46/100
|turn|7
|inactive|chaoticfarmer has 30 seconds left.
|inactive|TeyVgc has 30 seconds left.
|inactive|chaoticfarmer has 20 seconds left.
|inactive|TeyVgc has 20 seconds left.
|inactive|chaoticfarmer has 15 seconds left.
|inactive|TeyVgc has 15 seconds left.
|inactive|TeyVgc has 10 seconds left.
|inactive|TeyVgc has 5 seconds left.
|
|t:|1756959631
|move|p1a: Rillaboom|Grassy Glide|p2b: Sneasler
|-resisted|p2b: Sneasler
|-damage|p2b: Sneasler|15/100
|move|p2b: Sneasler|Close Combat|p1b: Ursaluna
|-supereffective|p1b: Ursaluna
|-damage|p1b: Ursaluna|7/100
|-unboost|p2b: Sneasler|def|1
|-unboost|p2b: Sneasler|spd|1
|move|p2a: Gholdengo|Make It Rain|p1a: Rillaboom|[spread] p1a,p1b
|-damage|p1a: Rillaboom|3/100
|-damage|p1b: Ursaluna|0 fnt
|-unboost|p2a: Gholdengo|spa|1
|faint|p1b: Ursaluna
|-damage|p2a: Gholdengo|63/100|[from] item: Life Orb
|
|-heal|p2b: Sneasler|21/100|[from] Grassy Terrain
|-heal|p2a: Gholdengo|69/100|[from] Grassy Terrain
|-heal|p1a: Rillaboom|8/100|[from] Grassy Terrain
|-fieldend|move: Grassy Terrain
|upkeep
|turn|8
|-message|chaoticfarmer forfeited.
|
|win|TeyVgc
|l|☆chaoticfarmer
|player|p1|
