|j|☆ToxicMini
|j|☆EsperGaymer
|html|ToxicMiniEsperGaymer    
|uhtml|bestof|Game 1 of a best-of-3
|t:|1786112560
|gametype|doubles
|player|p1|ToxicMini|byron|1005
|player|p2|EsperGaymer|clown|1114
|gen|9
|tier|[Gen 9 Champions] VGC 2026 Reg M-B (Bo3)
|rated|
|rule|Species Clause: Limit one of each Pokémon
|rule|Item Clause: Limit 1 of each item
|clearpoke
|poke|p1|Charizard, L50, F|
|poke|p1|Venusaur, L50, F|
|poke|p1|Aerodactyl, L50, F|
|poke|p1|Kingambit, L50, F|
|poke|p1|Sableye, L50, M|
|poke|p1|Blaziken, L50, M|
|poke|p2|Dragonite, L50, M|
|poke|p2|Sneasler, L50, M|
|poke|p2|Basculegion, L50, M|
|poke|p2|Ninetales-Alola, L50, F|
|poke|p2|Kingambit, L50, F|
|poke|p2|Froslass, L50, F|
|teampreview|4
|showteam|p1|Charizard||CharizarditeY|SolarPower|HeatWave,Protect,SolarBeam,Overheat|Timid||F|||50|]Venusaur||WideLens|Chlorophyll|SleepPowder,SludgeBomb,EnergyBall,Protect|Modest||F|||50|]Aerodactyl||WacanBerry|Unnerve|Tailwind,WideGuard,RockSlide,Taunt|Serious||F|||50|]Kingambit||BlackGlasses|Defiant|SuckerPunch,IronHead,KowtowCleave,LowKick|Adamant||F|||50|]Sableye||FocusSash|Prankster|FakeOut,Encore,Disable,SunnyDay|Sassy||M|||50|]Blaziken||Blazikenite|SpeedBoost|Protect,CloseCombat,BlazeKick,SwordsDance|Jolly||M|||50|
|showteam|p2|Dragonite||Dragoninite|Multiscale|DragonPulse,HeatWave,ExtremeSpeed,Tailwind|Modest||M|||50|]Sneasler||FocusSash|Unburden|RockSlide,CloseCombat,DireClaw,FakeOut|Adamant||M|||50|]Basculegion||SitrusBerry|Adaptability|Protect,WaveCrash,AquaJet,LastRespects|Adamant||M|||50|]Ninetales-Alola||NeverMeltIce|SnowWarning|Blizzard,FreezeDry,RainDance,AuroraVeil|Timid||F|||50|]Kingambit||ChopleBerry|Defiant|KowtowCleave,SuckerPunch,IronHead,LowKick|Adamant||F|||50|]Froslass||Froslassite|SnowCloak|Blizzard,FrostBreath,ShadowBall,AuroraVeil|Timid||F|||50|
|inactive|Battle timer is ON: inactive players will automatically lose when time's up. (requested by ToxicMini)
|l|☆EsperGaymer
|inactive|EsperGaymer disconnected and has a minute to reconnect!
|player|p2|
|inactive|EsperGaymer has 30 seconds to reconnect!
|j|☆EsperGaymer
|inactive|EsperGaymer reconnected and has 50 seconds left.
|player|p2|EsperGaymer|clown|
|inactive|EsperGaymer has 30 seconds left.
|
|t:|1786112629
|teamsize|p1|4
|teamsize|p2|4
|start
|switch|p1a: Sableye|Sableye, L50, M|100/100
|switch|p1b: Aerodactyl|Aerodactyl, L50, F|100/100
|switch|p2a: Sneasler|Sneasler, L50, M|100/100
|switch|p2b: Dragonite|Dragonite, L50, M|100/100
|-ability|p1b: Aerodactyl|Unnerve
|turn|1
|inactive|EsperGaymer has 30 seconds left.
|
|t:|1786112659
|detailschange|p2b: Dragonite|Dragonite-Mega, L50, M
|-mega|p2b: Dragonite|Dragonite|Dragoninite
|move|p2a: Sneasler|Fake Out|p1b: Aerodactyl
|-resisted|p1b: Aerodactyl|1
|-damage|p1b: Aerodactyl|88/100
|move|p1a: Sableye|Fake Out|p2b: Dragonite
|-damage|p2b: Dragonite|96/100
|cant|p1b: Aerodactyl|flinch
|cant|p2b: Dragonite|flinch
|
|upkeep
|turn|2
|
|t:|1786112672
|move|p1a: Sableye|Encore|p2a: Sneasler
|-start|p2a: Sneasler|Encore
|move|p2a: Sneasler|Fake Out||[still]
|-hint|Fake Out only works on your first turn out.
|-fail|p2a: Sneasler
|move|p1b: Aerodactyl|Tailwind|p1b: Aerodactyl
|-sidestart|p1: ToxicMini|move: Tailwind
|move|p2b: Dragonite|Tailwind|p2b: Dragonite
|-sidestart|p2: EsperGaymer|move: Tailwind
|
|upkeep
|turn|3
|
|t:|1786112690
|switch|p2a: Basculegion|Basculegion, L50, M|100/100
|move|p1a: Sableye|Encore|p2b: Dragonite
|-start|p2b: Dragonite|Encore
|move|p1b: Aerodactyl|Rock Slide|p2b: Dragonite|[spread] p2a
|-miss|p1b: Aerodactyl|p2b: Dragonite
|-damage|p2a: Basculegion|76/100
|move|p2b: Dragonite|Tailwind||[still]
|-fail|p2b: Dragonite
|
|upkeep
|turn|4
|inactive|EsperGaymer has 30 seconds left.
|
|t:|1786112716
|switch|p2b: Sneasler|Sneasler, L50, M|100/100
|move|p2a: Basculegion|Aqua Jet|p1b: Aerodactyl
|-supereffective|p1b: Aerodactyl|1
|-damage|p1b: Aerodactyl|10/100
|move|p1a: Sableye|Sunny Day|p1a: Sableye
|-weather|SunnyDay
|move|p1b: Aerodactyl|Rock Slide|p2b: Sneasler|[spread] p2a,p2b
|-resisted|p2b: Sneasler|1
|-damage|p2a: Basculegion|50/100g
|-damage|p2b: Sneasler|78/100
|
|-weather|SunnyDay|[upkeep]
|upkeep
|turn|5
|inactive|EsperGaymer has 30 seconds left.
|inactive|EsperGaymer has 20 seconds left.
|
|t:|1786112752
|move|p2a: Basculegion|Aqua Jet|p1a: Sableye
|-crit|p1a: Sableye
|-damage|p1a: Sableye|80/100
|move|p1a: Sableye|Encore|p2a: Basculegion
|-start|p2a: Basculegion|Encore
|move|p1b: Aerodactyl|Rock Slide|p2a: Basculegion|[spread] p2a,p2b
|-resisted|p2b: Sneasler|1
|-damage|p2a: Basculegion|26/100
|-damage|p2b: Sneasler|56/100
|cant|p2b: Sneasler|flinch
|
|-weather|SunnyDay|[upkeep]
|-sideend|p2: EsperGaymer|move: Tailwind
|-sideend|p1: ToxicMini|move: Tailwind
|upkeep
|turn|6
|
|t:|1786112773
|move|p2a: Basculegion|Aqua Jet|p1a: Sableye
|-damage|p1a: Sableye|66/100
|move|p1a: Sableye|Disable|p2a: Basculegion
|-start|p2a: Basculegion|Disable|Aqua Jet
|move|p1b: Aerodactyl|Rock Slide|p2b: Sneasler|[spread] p2a,p2b
|-resisted|p2b: Sneasler|1
|-damage|p2a: Basculegion|4/100
|-damage|p2b: Sneasler|35/100
|move|p2b: Sneasler|Rock Slide|p1a: Sableye|[spread] p1a,p1b
|-supereffective|p1b: Aerodactyl|1
|-damage|p1a: Sableye|40/100
|-damage|p1b: Aerodactyl|0 fnt
|-enditem|p2a: Basculegion|Sitrus Berry|[eat]
|-heal|p2a: Basculegion|29/100|[from] item: Sitrus Berry
|faint|p1b: Aerodactyl
|
|-weather|SunnyDay|[upkeep]
|upkeep
|
|t:|1786112779
|switch|p1b: Charizard|Charizard, L50, F|100/100
|turn|7
|
|t:|1786112800
|switch|p2a: Dragonite|Dragonite-Mega, L50, M|96/100
|detailschange|p1b: Charizard|Charizard-Mega-Y, L50, F
|-mega|p1b: Charizard|Charizard|Charizardite Y
|move|p1a: Sableye|Disable|p2b: Sneasler
|-start|p2b: Sneasler|Disable|Rock Slide
|cant|p2b: Sneasler|Disable|Rock Slide
|move|p1b: Charizard|Heat Wave|p2b: Sneasler|[spread] p2a,p2b
|-resisted|p2a: Dragonite|1
|-damage|p2a: Dragonite|70/100
|-damage|p2b: Sneasler|0 fnt
|faint|p2b: Sneasler
|
|-weather|SunnyDay|[upkeep]
|upkeep
|
|t:|1786112816
|switch|p2b: Basculegion|Basculegion, L50, M|29/100
|turn|8
|
|t:|1786112829
|switch|p1a: Blaziken|Blaziken, L50, M|100/100
|move|p1b: Charizard|Protect|p1b: Charizard
|-singleturn|p1b: Charizard|Protect
|move|p2a: Dragonite|Extreme Speed|p1b: Charizard
|-activate|p1b: Charizard|move: Protect
|move|p2b: Basculegion|Last Respects|p1a: Blaziken
|-crit|p1a: Blaziken
|-damage|p1a: Blaziken|0 fnt
|faint|p1a: Blaziken
|
|-weather|none
|upkeep
|
|t:|1786112843
|switch|p1a: Sableye|Sableye, L50, M|40/100
|turn|9
|
|t:|1786112858
|move|p1a: Sableye|Sunny Day|p1a: Sableye
|-weather|SunnyDay
|move|p1b: Charizard|Heat Wave|p2a: Dragonite|[spread] p2a,p2b
|-resisted|p2a: Dragonite|1
|-resisted|p2b: Basculegion|1
|-damage|p2a: Dragonite|47/100
|-damage|p2b: Basculegion|0 fnt
|faint|p2b: Basculegion
|move|p2a: Dragonite|Dragon Pulse|p1a: Sableye
|-damage|p1a: Sableye|0 fnt
|faint|p1a: Sableye
|
|-weather|SunnyDay|[upkeep]
|upkeep
|
|t:|1786112868
|switch|p2b: Kingambit|Kingambit, L50, F|100/100
|turn|10
|
|t:|1786112884
|move|p2a: Dragonite|Extreme Speed|p1b: Charizard
|-damage|p1b: Charizard|73/100
|move|p2b: Kingambit|Sucker Punch|p1b: Charizard
|-damage|p1b: Charizard|17/100
|move|p1b: Charizard|Heat Wave|p2b: Kingambit|[spread] p2a,p2b
|-resisted|p2a: Dragonite|1
|-supereffective|p2b: Kingambit|1
|-damage|p2a: Dragonite|23/100
|-damage|p2b: Kingambit|0 fnt
|faint|p2b: Kingambit
|
|-weather|SunnyDay|[upkeep]
|upkeep
|turn|11
|
|t:|1786112898
|move|p2a: Dragonite|Extreme Speed|p1b: Charizard
|-damage|p1b: Charizard|0 fnt
|faint|p1b: Charizard
|
|win|EsperGaymer
||ToxicMini is ready for game 2.
