|j|☆grendel zolga
|j|‽7triplo7sette7
|html|grendel zolga7triplo7sette7    
|uhtml|bestof|Game 3 of a best-of-3
|t:|1756729690
|gametype|doubles
|player|p1|grendel zolga|265|1039
|player|p2|7triplo7sette7|giovanni|1032
|gen|9
|tier|[Gen 9] VGC 2025 Reg H (Bo3)
|rated|
|rule|Species Clause: Limit one of each Pokémon
|rule|Item Clause: Limit 1 of each item
|clearpoke
|poke|p1|Gyarados, L50, M|
|poke|p1|Sneasler, L50, F|
|poke|p1|Indeedee, L50, M|
|poke|p1|Volcarona, L50, F|
|poke|p1|Ursaluna-Bloodmoon, L50, M|
|poke|p1|Tyranitar, L50, M|
|poke|p2|Tyranitar, L50, F|
|poke|p2|Garchomp, L50, F|
|poke|p2|Corviknight, L50, F|
|poke|p2|Indeedee-F, L50, F|
|poke|p2|Gallade, L50, M|
|poke|p2|Amoonguss, L50, F|
|teampreview|4
|showteam|p1|Gyarados||SafetyGoggles|Intimidate|Taunt,ThunderWave,Waterfall,Protect|||M|||50|,,,,,Steel]Sneasler||PsychicSeed|Unburden|CloseCombat,DireClaw,ThroatChop,Protect|||F|||50|,,,,,Dark]Indeedee||ChoiceScarf|PsychicSurge|ExpandingForce,TeraBlast,Trick,Protect|||M|||50|,,,,,Psychic]Volcarona||SitrusBerry|FlameBody|Overheat,StruggleBug,RagePowder,Tailwind|||F|||50|,,,,,Grass]Ursaluna-Bloodmoon||LifeOrb|MindsEye|HyperVoice,BloodMoon,EarthPower,Protect|||M|||50|,,,,,Normal]Tyranitar||AssaultVest|SandStream|LowKick,TeraBlast,KnockOff,RockSlide|||M|||50|,,,,,Flying
|showteam|p2|Tyranitar||AssaultVest|SandStream|TeraBlast,StoneEdge,Crunch,BodyPress|||F|||50|,,,,,Flying]Garchomp||BrightPowder|SandVeil|DragonClaw,Protect,SwordsDance,Earthquake|||F|||50|,,,,,Steel]Corviknight||LifeOrb|MirrorArmor|Tailwind,Roost,IronHead,BraveBird|||F|||50|,,,,,Fairy]Indeedee-F||RockyHelmet|PsychicSurge|FollowMe,HelpingHand,TrickRoom,DazzlingGleam|||F|||50|,,,,,Psychic]Gallade||ClearAmulet|Sharpness|PsychoCut,KnockOff,Protect,CloseCombat|||M|||50|,,,,,Dark]Amoonguss||SitrusBerry|Regenerator|Spore,RagePowder,Protect,PollenPuff|||F|||50|,,,,,Grass
|
|t:|1756729714
|teamsize|p1|4
|teamsize|p2|4
|start
|switch|p1a: Gyarados|Gyarados, L50, M, shiny|100/100
|switch|p1b: Ursaluna|Ursaluna-Bloodmoon, L50, M|100/100
|switch|p2a: Tyranitar|Tyranitar, L50, F|100/100
|switch|p2b: Amoonguss|Amoonguss, L50, F|100/100
|-ability|p1a: Gyarados|Intimidate|boost
|-unboost|p2a: Tyranitar|atk|1
|-unboost|p2b: Amoonguss|atk|1
|-weather|Sandstorm|[from] ability: Sand Stream|[of] p2a: Tyranitar
|turn|1
|inactive|Battle timer is ON: inactive players will automatically lose when time's up. (requested by 7triplo7sette7)
|inactive|grendel zolga has 60 seconds left.
|inactive|grendel zolga has 30 seconds left.
|
|t:|1756729783
|-terastallize|p1b: Ursaluna|Normal
|move|p1a: Gyarados|Taunt|p2b: Amoonguss
|-start|p2b: Amoonguss|move: Taunt
|move|p1b: Ursaluna|Blood Moon|p2a: Tyranitar
|-resisted|p2a: Tyranitar
|-damage|p2a: Tyranitar|75/100
|-damage|p1b: Ursaluna|91/100|[from] item: Life Orb
|move|p2a: Tyranitar|Stone Edge|p1a: Gyarados
|-supereffective|p1a: Gyarados
|-damage|p1a: Gyarados|30/100
|cant|p2b: Amoonguss|move: Taunt|Spore
|
|-weather|Sandstorm|[upkeep]
|-damage|p1b: Ursaluna|85/100|[from] Sandstorm
|-damage|p2b: Amoonguss|95/100|[from] Sandstorm
|upkeep
|turn|2
|inactive|grendel zolga has 30 seconds left.
|
|t:|1756729809
|-terastallize|p2a: Tyranitar|Flying
|move|p1a: Gyarados|Waterfall|p2a: Tyranitar
|-damage|p2a: Tyranitar|42/100
|move|p1b: Ursaluna|Hyper Voice|p2a: Tyranitar|[spread] p2a,p2b
|-crit|p2b: Amoonguss
|-damage|p2a: Tyranitar|8/100
|-damage|p2b: Amoonguss|4/100
|-enditem|p2b: Amoonguss|Sitrus Berry|[eat]
|-heal|p2b: Amoonguss|29/100|[from] item: Sitrus Berry
|-damage|p1b: Ursaluna|76/100|[from] item: Life Orb
|move|p2a: Tyranitar|Body Press|p1b: Ursaluna
|-supereffective|p1b: Ursaluna
|-damage|p1b: Ursaluna|42/100
|move|p2b: Amoonguss|Pollen Puff|p2a: Tyranitar
|-heal|p2a: Tyranitar|58/100
|
|-weather|Sandstorm|[upkeep]
|-damage|p1b: Ursaluna|36/100|[from] Sandstorm
|-damage|p2a: Tyranitar|52/100|[from] Sandstorm
|-damage|p2b: Amoonguss|23/100|[from] Sandstorm
|upkeep
|turn|3
|inactive|grendel zolga has 30 seconds left.
|inactive|7triplo7sette7 has 30 seconds left.
|inactive|grendel zolga has 20 seconds left.
|
|t:|1756729848
|switch|p2b: Corviknight|Corviknight, L50, F|100/100
|move|p1a: Gyarados|Waterfall|p2a: Tyranitar
|-damage|p2a: Tyranitar|15/100
|move|p1b: Ursaluna|Hyper Voice|p2a: Tyranitar|[spread] p2a,p2b
|-resisted|p2b: Corviknight
|-damage|p2a: Tyranitar|0 fnt
|-damage|p2b: Corviknight|66/100
|faint|p2a: Tyranitar
|-damage|p1b: Ursaluna|26/100|[from] item: Life Orb
|
|-weather|Sandstorm|[upkeep]
|-damage|p1b: Ursaluna|21/100|[from] Sandstorm
|upkeep
|
|t:|1756729866
|switch|p2a: Garchomp|Garchomp, L50, F|100/100
|turn|4
|inactive|grendel zolga has 30 seconds left.
|inactive|7triplo7sette7 has 30 seconds left.
|inactive|grendel zolga has 20 seconds left.
|inactive|grendel zolga has 15 seconds left.
|inactive|grendel zolga has 10 seconds left.
|
|t:|1756729912
|move|p1b: Ursaluna|Protect|p1b: Ursaluna
|-singleturn|p1b: Ursaluna|Protect
|move|p2a: Garchomp|Dragon Claw|p1a: Gyarados
|-damage|p1a: Gyarados|0 fnt
|faint|p1a: Gyarados
|move|p2b: Corviknight|Tailwind|p2b: Corviknight
|-sidestart|p2: 7triplo7sette7|move: Tailwind
|
|-weather|Sandstorm|[upkeep]
|-damage|p1b: Ursaluna|15/100|[from] Sandstorm
|upkeep
|
|t:|1756729921
|switch|p1a: Indeedee|Indeedee, L50, M, shiny|100/100
|-fieldstart|move: Psychic Terrain|[from] ability: Psychic Surge|[of] p1a: Indeedee
|turn|5
|
|t:|1756729941
|move|p2a: Garchomp|Earthquake|p1a: Indeedee|[spread] p1a,p1b
|-immune|p2b: Corviknight
|-damage|p1a: Indeedee|16/100
|-damage|p1b: Ursaluna|0 fnt
|faint|p1b: Ursaluna
|move|p1a: Indeedee|Expanding Force|p2a: Garchomp|[spread] p2a,p2b
|-resisted|p2b: Corviknight
|-damage|p2a: Garchomp|43/100
|-damage|p2b: Corviknight|39/100
|move|p2b: Corviknight|Brave Bird|p1a: Indeedee
|-damage|p1a: Indeedee|0 fnt
|faint|p1a: Indeedee
|-damage|p2b: Corviknight|36/100|[from] Recoil
|-damage|p2b: Corviknight|26/100|[from] item: Life Orb
|
|-weather|none
|upkeep
|
|t:|1756729949
|switch|p1b: Sneasler|Sneasler, L50, F|100/100
|-enditem|p1b: Sneasler|Psychic Seed
|-boost|p1b: Sneasler|spd|1|[from] item: Psychic Seed
|turn|6
|
|t:|1756729967
|move|p1b: Sneasler|Protect|p1b: Sneasler
|-singleturn|p1b: Sneasler|Protect
|move|p2a: Garchomp|Earthquake|p1b: Sneasler|[spread] 
|-activate|p1b: Sneasler|move: Protect
|-immune|p2b: Corviknight
|move|p2b: Corviknight|Brave Bird|p1b: Sneasler
|-activate|p1b: Sneasler|move: Protect
|
|upkeep
|turn|7
|inactive|grendel zolga has 30 seconds left.
|
|t:|1756729993
|move|p1b: Sneasler|Throat Chop|p2b: Corviknight
|-damage|p2b: Corviknight|2/100
|-start|p2b: Corviknight|Throat Chop|[silent]
|move|p2a: Garchomp|Earthquake|p1b: Sneasler|[spread] p1b
|-immune|p2b: Corviknight
|-supereffective|p1b: Sneasler
|-damage|p1b: Sneasler|0 fnt
|faint|p1b: Sneasler
|
|win|7triplo7sette7
|raw|grendel zolga's rating: 1039 → 1023(-16 for losing)
|raw|7triplo7sette7's rating: 1032 → 1068(+36 for winning)
|l|‽7triplo7sette7
|player|p2|
