|j|☆mikodex
|j|☆mil0battles
|html|mikodexmil0battles    
|uhtml|bestof|Game 1 of a best-of-3
|t:|1756598690
|gametype|doubles
|player|p1|mikodex|2|1080
|player|p2|mil0battles|pokemonranger-gen4|1112
|gen|9
|tier|[Gen 9] VGC 2025 Reg H (Bo3)
|rated|
|rule|Species Clause: Limit one of each Pokémon
|rule|Item Clause: Limit 1 of each item
|clearpoke
|poke|p1|Ninetales-Alola, L50, M|
|poke|p1|Dragonite, L50, F|
|poke|p1|Sneasler, L50, M|
|poke|p1|Kingambit, L50, M|
|poke|p1|Amoonguss, L50, F|
|poke|p1|Garchomp, L50, F|
|poke|p2|Incineroar, L50, F|
|poke|p2|Primarina, L50, F|
|poke|p2|Gholdengo, L50|
|poke|p2|Sneasler, L50, F|
|poke|p2|Kilowattrel, L50, F|
|poke|p2|Rillaboom, L50, F|
|teampreview|4
|showteam|p1|Ninetales-Alola||LightClay|SnowWarning|Blizzard,Moonblast,AuroraVeil,Protect|||M|||50|,,,,,Ghost]Dragonite||LoadedDice|Multiscale|TeraBlast,ExtremeSpeed,ScaleShot,Protect|||F|||50|,,,,,Flying]Sneasler||FocusSash|PoisonTouch|DireClaw,CloseCombat,Coaching,FakeOut|||M|||50|,,,,,Flying]Kingambit||AssaultVest|Defiant|KowtowCleave,IronHead,SuckerPunch,TeraBlast|||M|||50|,,,,,Flying]Amoonguss||CovertCloak|Regenerator|PollenPuff,Protect,RagePowder,Spore|||F|||50|,,,,,Dark]Garchomp||LifeOrb|RoughSkin|StompingTantrum,Earthquake,DragonClaw,Protect|||F|||50|,,,,,Steel
|showteam|p2|Incineroar||SafetyGoggles|Intimidate|FakeOut,KnockOff,PartingShot,FlareBlitz|||F|||50|,,,,,Ghost]Primarina||ThroatSpray|LiquidVoice|HyperVoice,Moonblast,Haze,Protect|||F|||50|,,,,,Poison]Gholdengo||LifeOrb|GoodasGold|NastyPlot,MakeItRain,ShadowBall,Protect||||||50|,,,,,Water]Sneasler||WhiteHerb|Unburden|DireClaw,CloseCombat,FakeOut,Protect|||F|||50|,,,,,Stellar]Kilowattrel||FocusSash|Competitive|AirSlash,Thunderbolt,Tailwind,Protect|||F|||50|,,,,,Ghost]Rillaboom||AssaultVest|GrassySurge|GrassyGlide,WoodHammer,FakeOut,Uturn|||F|||50|,,,,,Fire
|inactive|Battle timer is ON: inactive players will automatically lose when time's up. (requested by mikodex)
|
|t:|1756598724
|teamsize|p1|4
|teamsize|p2|4
|start
|switch|p1a: icela|Ninetales-Alola, L50, M|100/100
|switch|p1b: knox|Kingambit, L50, M|100/100
|switch|p2a: Sneasler|Sneasler, L50, F|100/100
|switch|p2b: Kilowattrel|Kilowattrel, L50, F|100/100
|-weather|Snowscape|[from] ability: Snow Warning|[of] p1a: icela
|turn|1
|inactive|mikodex has 30 seconds left.
|
|t:|1756598753
|-terastallize|p1b: knox|Flying
|move|p2b: Kilowattrel|Thunderbolt|p1b: knox
|-supereffective|p1b: knox
|-damage|p1b: knox|43/100
|move|p1a: icela|Blizzard|p2a: Sneasler|[spread] p2a,p2b
|-supereffective|p2b: Kilowattrel
|-damage|p2a: Sneasler|59/100
|-enditem|p2b: Kilowattrel|Focus Sash
|-damage|p2b: Kilowattrel|1/100
|move|p2a: Sneasler|Close Combat|p1b: knox
|-resisted|p1b: knox
|-damage|p1b: knox|16/100
|-unboost|p2a: Sneasler|def|1
|-unboost|p2a: Sneasler|spd|1
|-enditem|p2a: Sneasler|White Herb
|-clearnegativeboost|p2a: Sneasler|[silent]
|move|p1b: knox|Tera Blast|p2a: Sneasler|[anim] Tera Blast Flying
|-supereffective|p2a: Sneasler
|-damage|p2a: Sneasler|0 fnt
|faint|p2a: Sneasler
|
|-weather|Snowscape|[upkeep]
|upkeep
|
|t:|1756598774
|switch|p2a: Primarina|Primarina, L50, F|100/100
|turn|2
|
|t:|1756598786
|move|p1b: knox|Sucker Punch||[still]
|-fail|p1b: knox
|move|p2b: Kilowattrel|Tailwind|p2b: Kilowattrel
|-sidestart|p2: mil0battles|move: Tailwind
|move|p2a: Primarina|Hyper Voice|p1a: icela|[spread] p1a,p1b
|-damage|p1a: icela|61/100
|-damage|p1b: knox|0 fnt
|faint|p1b: knox
|-enditem|p2a: Primarina|Throat Spray
|-boost|p2a: Primarina|spa|1|[from] item: Throat Spray
|move|p1a: icela|Aurora Veil|p1a: icela
|-sidestart|p1: mikodex|move: Aurora Veil
|
|-weather|Snowscape|[upkeep]
|upkeep
|
|t:|1756598803
|switch|p1b: serapina|Sneasler, L50, M|100/100
|turn|3
|inactive|mikodex has 30 seconds left.
|
|t:|1756598836
|-terastallize|p2a: Primarina|Poison
|move|p2b: Kilowattrel|Protect|p2b: Kilowattrel
|-singleturn|p2b: Kilowattrel|Protect
|move|p1b: serapina|Fake Out|p2b: Kilowattrel
|-activate|p2b: Kilowattrel|move: Protect
|move|p2a: Primarina|Hyper Voice|p1a: icela|[spread] p1a,p1b
|-damage|p1a: icela|19/100
|-damage|p1b: serapina|51/100
|move|p1a: icela|Blizzard|p2a: Primarina|[spread] p2a
|-activate|p2b: Kilowattrel|move: Protect
|-damage|p2a: Primarina|77/100
|
|-weather|Snowscape|[upkeep]
|upkeep
|turn|4
|inactive|mikodex has 30 seconds left.
|
|t:|1756598870
|switch|p1b: mac|Dragonite, L50, F|100/100
|move|p1a: icela|Protect|p1a: icela
|-singleturn|p1a: icela|Protect
|move|p2b: Kilowattrel|Air Slash|p1b: mac
|-damage|p1b: mac|90/100
|move|p2a: Primarina|Hyper Voice|p1a: icela|[spread] p1b
|-activate|p1a: icela|move: Protect
|-resisted|p1b: mac
|-damage|p1b: mac|72/100
|
|-weather|Snowscape|[upkeep]
|upkeep
|turn|5
|inactive|mikodex has 30 seconds left.
|inactive|mikodex has 20 seconds left.
|inactive|mikodex has 15 seconds left.
|
|t:|1756598914
|switch|p2b: Gholdengo|Gholdengo, L50|100/100
|move|p1b: mac|Extreme Speed|p2a: Primarina
|-damage|p2a: Primarina|42/100
|move|p2a: Primarina|Hyper Voice|p1b: mac|[spread] p1a,p1b
|-resisted|p1b: mac
|-damage|p1a: icela|0 fnt
|-damage|p1b: mac|55/100
|faint|p1a: icela
|
|-weather|none
|-sideend|p2: mil0battles|move: Tailwind
|upkeep
|
|t:|1756598929
|switch|p1a: serapina|Sneasler, L50, M|51/100
|turn|6
|inactive|mikodex has 30 seconds left.
|inactive|mikodex has 20 seconds left.
|inactive|mikodex has 15 seconds left.
|inactive|mikodex has 10 seconds left.
|inactive|mikodex has 5 seconds left.
|
|t:|1756598979
|move|p1a: serapina|Coaching|p1b: mac
|-boost|p1b: mac|atk|1
|-boost|p1b: mac|def|1
|move|p2b: Gholdengo|Make It Rain|p1a: serapina|[spread] p1a,p1b
|-damage|p1a: serapina|0 fnt
|-damage|p1b: mac|16/100
|-unboost|p2b: Gholdengo|spa|1
|faint|p1a: serapina
|-damage|p2b: Gholdengo|91/100|[from] item: Life Orb
|move|p1b: mac|Scale Shot|p2a: Primarina|[miss]
|-miss|p1b: mac|p2a: Primarina
|move|p2a: Primarina|Moonblast|p1b: mac
|-supereffective|p1b: mac
|-damage|p1b: mac|0 fnt
|faint|p1b: mac
|
|win|mil0battles
