|j|☆SuprEpcGuy
|j|☆soohzabimaru
|html|SuprEpcGuysoohzabimaru    
|uhtml|bestof|Game 3 of a best-of-3
|t:|1784915476
|gametype|doubles
|player|p1|SuprEpcGuy|shauntal|1139
|player|p2|soohzabimaru|benga|1083
|gen|9
|tier|[Gen 9 Champions] VGC 2026 Reg M-B (Bo3)
|rated|
|rule|Species Clause: Limit one of each Pokémon
|rule|Item Clause: Limit 1 of each item
|clearpoke
|poke|p1|Zoroark-Hisui, L50, F|
|poke|p1|Torkoal, L50, M|
|poke|p1|Farigiraf, L50, M|
|poke|p1|Floette-Eternal, L50, F|
|poke|p1|Aerodactyl, L50, M|
|poke|p1|Incineroar, L50, F|
|poke|p2|Mawile, L50, M|
|poke|p2|Charizard, L50, F|
|poke|p2|Venusaur, L50, M|
|poke|p2|Torkoal, L50, M|
|poke|p2|Farigiraf, L50, M|
|poke|p2|Incineroar, L50, M|
|teampreview|4
|showteam|p1|Zoroark-Hisui||ChoiceScarf|Illusion|IcyWind,BitterMalice,HyperVoice,Extrasensory|Timid||F|||50|]Torkoal||Charcoal|Drought|Eruption,WeatherBall,EarthPower,Protect|Quiet||M|||50|]Farigiraf||ColburBerry|ArmorTail|Psychic,HyperVoice,TrickRoom,HelpingHand|Quiet||M|||50|]Floette-Eternal||Floettite|FlowerVeil|Moonblast,DazzlingGleam,LightofRuin,Protect|Timid||F|||50|]Aerodactyl||LifeOrb|Unnerve|RockSlide,IceFang,DualWingbeat,Protect|Jolly||M|||50|]Incineroar||SitrusBerry|Intimidate|FakeOut,DarkestLariat,FlareBlitz,PartingShot|Adamant||F|||50|
|showteam|p2|Mawile||Mawilite|HyperCutter|Protect,PlayRough,SuckerPunch,IronHead|Brave||M|||50|]Charizard||CharizarditeY|Blaze|Protect,HeatWave,SolarBeam,WeatherBall|Modest||F|||50|]Venusaur||FocusSash|Chlorophyll|Protect,SleepPowder,SludgeBomb,EarthPower|Modest||M|||50|]Torkoal||Charcoal|Drought|Protect,Eruption,EarthPower,WeatherBall|Quiet||M|||50|]Farigiraf||SitrusBerry|ArmorTail|Psychic,HelpingHand,TrickRoom,Thunderbolt|Bold||M|||50|]Incineroar||PasshoBerry|Intimidate|FakeOut,FlareBlitz,ThroatChop,PartingShot|Impish||M|||50|
|inactive|Battle timer is ON: inactive players will automatically lose when time's up. (requested by SuprEpcGuy)
|inactive|SuprEpcGuy has 60 seconds left.
|
|t:|1784915511
|teamsize|p1|4
|teamsize|p2|4
|start
|switch|p1a: Steve|Aerodactyl, L50, M|100/100
|switch|p1b: Big Purr|Incineroar, L50, F|100/100
|switch|p2a: Mawile|Mawile, L50, M|100/100
|switch|p2b: Incineroar|Incineroar, L50, M|100/100
|-ability|p1a: Steve|Unnerve
|-ability|p2b: Incineroar|Intimidate|boost
|-unboost|p1a: Steve|atk|1
|-unboost|p1b: Big Purr|atk|1
|-ability|p1b: Big Purr|Intimidate|boost
|-fail|p2a: Mawile|unboost|Attack|[from] ability: Hyper Cutter|[of] p2a: Mawile
|-unboost|p2b: Incineroar|atk|1
|turn|1
|inactive|SuprEpcGuy has 30 seconds left.
|
|t:|1784915536
|move|p1a: Steve|Protect|p1a: Steve
|-singleturn|p1a: Steve|Protect
|move|p2a: Mawile|Protect|p2a: Mawile
|-singleturn|p2a: Mawile|Protect
|move|p1b: Big Purr|Fake Out|p2b: Incineroar
|-damage|p2b: Incineroar|93/100
|cant|p2b: Incineroar|flinch
|
|upkeep
|turn|2
|
|t:|1784915561
|switch|p2a: Farigiraf|Farigiraf, L50, M|100/100
|move|p1a: Steve|Rock Slide|p2a: Farigiraf|[spread] p2a,p2b
|-supereffective|p2b: Incineroar|1
|-damage|p2a: Farigiraf|83/100
|-damage|p2b: Incineroar|62/100
|-damage|p1a: Steve|90/100|[from] item: Life Orb
|move|p1b: Big Purr|Flare Blitz|p2a: Farigiraf
|-damage|p2a: Farigiraf|51/100
|-damage|p1b: Big Purr|89/100|[from] Recoil
|move|p2b: Incineroar|Parting Shot|p1a: Steve
|-unboost|p1a: Steve|atk|1
|-unboost|p1a: Steve|spa|1
|
|t:|1784915574
|switch|p2b: Mawile|Mawile, L50, M|100/100|[from] Parting Shot
|
|upkeep
|turn|3
|inactive|SuprEpcGuy has 30 seconds left.
|inactive|SuprEpcGuy has 20 seconds left.
|inactive|SuprEpcGuy has 15 seconds left.
|
|t:|1784915618
|detailschange|p2b: Mawile|Mawile-Mega, L50, M
|-mega|p2b: Mawile|Mawile|Mawilite
|move|p1a: Steve|Protect|p1a: Steve
|-singleturn|p1a: Steve|Protect
|move|p1b: Big Purr|Parting Shot|p2b: Mawile
|-unboost|p2b: Mawile|atk|1
|-unboost|p2b: Mawile|spa|1
|
|t:|1784915625
|switch|p1b: Mortar|Torkoal, L50, M|100/100|[from] Parting Shot
|-weather|SunnyDay|[from] ability: Drought|[of] p1b: Mortar
|move|p2b: Mawile|Play Rough|p1b: Mortar|[miss]
|-miss|p2b: Mawile|p1b: Mortar
|move|p2a: Farigiraf|Trick Room|p2a: Farigiraf
|-fieldstart|move: Trick Room|[of] p2a: Farigiraf
|
|-weather|SunnyDay|[upkeep]
|upkeep
|turn|4
|
|t:|1784915642
|switch|p1a: Big Purr|Incineroar, L50, F|89/100
|-ability|p1a: Big Purr|Intimidate|boost
|-unboost|p2a: Farigiraf|atk|1
|-unboost|p2b: Mawile|atk|1
|move|p2b: Mawile|Protect|p2b: Mawile
|-singleturn|p2b: Mawile|Protect
|move|p1b: Mortar|Eruption|p2b: Mawile|[spread] p2a
|-activate|p2b: Mawile|move: Protect
|-damage|p2a: Farigiraf|0 fnt
|faint|p2a: Farigiraf
|
|-weather|SunnyDay|[upkeep]
|upkeep
|
|t:|1784915646
|switch|p2a: Torkoal|Torkoal, L50, M|100/100
|turn|5
|
|t:|1784915663
|switch|p2b: Incineroar|Incineroar, L50, M|62/100
|-ability|p2b: Incineroar|Intimidate|boost
|-unboost|p1a: Big Purr|atk|1
|-unboost|p1b: Mortar|atk|1
|move|p2a: Torkoal|Protect|p2a: Torkoal
|-singleturn|p2a: Torkoal|Protect
|move|p1a: Big Purr|Fake Out|p2a: Torkoal
|-activate|p2a: Torkoal|move: Protect
|move|p1b: Mortar|Eruption|p2b: Incineroar|[spread] p2b
|-activate|p2a: Torkoal|move: Protect
|-resisted|p2b: Incineroar|1
|-damage|p2b: Incineroar|23/100
|
|-weather|SunnyDay|[upkeep]
|upkeep
|turn|6
|
|t:|1784915684
|move|p1b: Mortar|Protect|p1b: Mortar
|-singleturn|p1b: Mortar|Protect
|move|p2b: Incineroar|Fake Out|p1a: Big Purr
|-damage|p1a: Big Purr|79/100
|move|p2a: Torkoal|Earth Power|p1b: Mortar
|-activate|p1b: Mortar|move: Protect
|cant|p1a: Big Purr|flinch
|
|-weather|SunnyDay|[upkeep]
|upkeep
|turn|7
|
|t:|1784915708
|move|p2a: Torkoal|Earth Power|p1b: Mortar
|-supereffective|p1b: Mortar|1
|-damage|p1b: Mortar|32/100
|move|p1b: Mortar|Eruption|p2b: Incineroar|[spread] p2a,p2b
|-resisted|p2a: Torkoal|1
|-resisted|p2b: Incineroar|1
|-damage|p2a: Torkoal|83/100
|-damage|p2b: Incineroar|11/100
|move|p1a: Big Purr|Darkest Lariat|p2a: Torkoal
|-damage|p2a: Torkoal|61/100
|move|p2b: Incineroar|Parting Shot|p1a: Big Purr
|-unboost|p1a: Big Purr|atk|1
|-unboost|p1a: Big Purr|spa|1
|
|t:|1784915720
|switch|p2b: Mawile|Mawile-Mega, L50, M|100/100|[from] Parting Shot
|
|-weather|none
|-fieldend|move: Trick Room
|upkeep
|turn|8
|inactive|SuprEpcGuy has 30 seconds left.
|
|t:|1784915750
|switch|p1a: Steve|Aerodactyl, L50, M|90/100
|-ability|p1a: Steve|Unnerve
|move|p2b: Mawile|Play Rough|p1b: Mortar
|-resisted|p1b: Mortar|1
|-damage|p1b: Mortar|0 fnt
|faint|p1b: Mortar
|move|p2a: Torkoal|Earth Power|p1a: Steve
|-immune|p1a: Steve
|
|upkeep
|
|t:|1784915761
|switch|p1b: Big Purr|Incineroar, L50, F|79/100
|-ability|p1b: Big Purr|Intimidate|boost
|-unboost|p2a: Torkoal|atk|1
|-unboost|p2b: Mawile|atk|1
|turn|9
|
|t:|1784915774
|switch|p2b: Incineroar|Incineroar, L50, M|11/100
|-ability|p2b: Incineroar|Intimidate|boost
|-unboost|p1a: Steve|atk|1
|-unboost|p1b: Big Purr|atk|1
|move|p2a: Torkoal|Protect|p2a: Torkoal
|-singleturn|p2a: Torkoal|Protect
|move|p1b: Big Purr|Fake Out|p2b: Incineroar
|-damage|p2b: Incineroar|4/100
|move|p1a: Steve|Rock Slide|p2b: Incineroar|[spread] p2b
|-activate|p2a: Torkoal|move: Protect
|-supereffective|p2b: Incineroar|1
|-damage|p2b: Incineroar|0 fnt
|faint|p2b: Incineroar
|-damage|p1a: Steve|80/100|[from] item: Life Orb
|
|upkeep
|
|t:|1784915778
|switch|p2b: Mawile|Mawile-Mega, L50, M|100/100
|turn|10
|
|t:|1784915793
|move|p2b: Mawile|Protect|p2b: Mawile
|-singleturn|p2b: Mawile|Protect
|move|p1a: Steve|Rock Slide|p2a: Torkoal|[spread] p2a
|-activate|p2b: Mawile|move: Protect
|-supereffective|p2a: Torkoal|1
|-damage|p2a: Torkoal|28/100
|-damage|p1a: Steve|71/100|[from] item: Life Orb
|move|p1b: Big Purr|Flare Blitz|p2b: Mawile
|-activate|p2b: Mawile|move: Protect
|move|p2a: Torkoal|Earth Power|p1b: Big Purr
|-supereffective|p1b: Big Purr|1
|-damage|p1b: Big Purr|31/100
|-enditem|p1b: Big Purr|Sitrus Berry|[eat]
|-heal|p1b: Big Purr|56/100|[from] item: Sitrus Berry
|
|upkeep
|turn|11
|inactive|soohzabimaru has 30 seconds left.
|
|t:|1784915825
|move|p2b: Mawile|Sucker Punch|p1a: Steve
|-damage|p1a: Steve|0 fnt
|faint|p1a: Steve
|move|p1b: Big Purr|Flare Blitz|p2b: Mawile
|-supereffective|p2b: Mawile|1
|-damage|p2b: Mawile|12/100
|-damage|p1b: Big Purr|33/100|[from] Recoil
|move|p2a: Torkoal|Earth Power|p1b: Big Purr
|-supereffective|p1b: Big Purr|1
|-damage|p1b: Big Purr|0 fnt
|faint|p1b: Big Purr
|
|upkeep
|
|t:|1784915839
|switch|p1a: Floette|Floette-Eternal, L50, F|100/100
|turn|12
|
|t:|1784915860
|detailschange|p1a: Floette|Floette-Mega, L50, F
|-mega|p1a: Floette|Floette|Floettite
|-ability|p1a: Floette|Fairy Aura
|move|p2b: Mawile|Sucker Punch|p1a: Floette
|-resisted|p1a: Floette|1
|-damage|p1a: Floette|68/100
|move|p1a: Floette|Dazzling Gleam|p2b: Mawile|[spread] p2a,p2b
|-resisted|p2a: Torkoal|1
|-resisted|p2b: Mawile|1
|-damage|p2a: Torkoal|0 fnt
|-damage|p2b: Mawile|0 fnt
|faint|p2a: Torkoal
|faint|p2b: Mawile
|
|win|SuprEpcGuy
|raw|SuprEpcGuy's rating: 1139 → 1160(+21 for winning)
|raw|soohzabimaru's rating: 1083 → 1064(-19 for losing)
