|j|☆artyowls
|j|☆pokedinoboy
|html|artyowlspokedinoboy    
|uhtml|bestof|Game 2 of a best-of-3
|t:|1756844661
|gametype|doubles
|player|p1|artyowls|plasmagrunt|1100
|player|p2|pokedinoboy|169|1000
|gen|9
|tier|[Gen 9] VGC 2025 Reg H (Bo3)
|rated|
|rule|Species Clause: Limit one of each Pokémon
|rule|Item Clause: Limit 1 of each item
|clearpoke
|poke|p1|Dragonite, L50, F|
|poke|p1|Ursaluna-Bloodmoon, L50, M|
|poke|p1|Gholdengo, L50|
|poke|p1|Volcarona, L50, M|
|poke|p1|Amoonguss, L50, F|
|poke|p1|Incineroar, L50, F|
|poke|p2|Archaludon, L50, F|
|poke|p2|Incineroar, L50, F|
|poke|p2|Amoonguss, L50, F|
|poke|p2|Dragonite, L50, M|
|poke|p2|Pelipper, L50, F|
|poke|p2|Basculegion, L50, M|
|teampreview|4
|showteam|p1|Dragonite||AssaultVest|Multiscale|ExtremeSpeed,StompingTantrum,IceSpinner,ThunderPunch|||F|||50|,,,,,Electric]Ursaluna-Bloodmoon||ChopleBerry|MindsEye|Protect,VacuumWave,BloodMoon,EarthPower|||M|||50|,,,,,Steel]Gholdengo||FocusSash|GoodasGold|Protect,NastyPlot,MakeItRain,ShadowBall||||||50|,,,,,Steel]Volcarona||Charcoal|FlameBody|Tailwind,RagePowder,StruggleBug,HeatWave|||M|||50|,,,,,Fairy]Amoonguss||CobaBerry|Regenerator|Protect,RagePowder,Spore,PollenPuff|||F|||50|,,,,,Water]Incineroar||SitrusBerry|Intimidate|PartingShot,FakeOut,FlareBlitz,KnockOff|||F|||50|,,,,,Ghost
|showteam|p2|Archaludon||AssaultVest|Stamina|FlashCannon,ElectroShot,DragonPulse,BodyPress|||F|||50|,,,,,Grass]Incineroar||SafetyGoggles|Blaze|FakeOut,PartingShot,WillOWisp,KnockOff|||F|||50|,,,,,Bug]Amoonguss||RockyHelmet|Regenerator|Spore,Protect,RagePowder,PollenPuff|||F|||50|,,,,,Dark]Dragonite||ClearAmulet|Multiscale|ExtremeSpeed,ScaleShot,Protect,Haze|||M|||50|,,,,,Fairy]Pelipper||FocusSash|Drizzle|Hurricane,WeatherBall,Tailwind,WideGuard|||F|||50|,,,,,Ground]Basculegion||LifeOrb|SwiftSwim|WaveCrash,LastRespects,Protect,AquaJet|||M|||50|,,,,,Water
|inactive|Battle timer is ON: inactive players will automatically lose when time's up. (requested by pokedinoboy)
|
|t:|1756844688
|teamsize|p1|4
|teamsize|p2|4
|start
|switch|p1a: Ursaluna|Ursaluna-Bloodmoon, L50, M|100/100
|switch|p1b: Gholdengo|Gholdengo, L50|100/100
|switch|p2a: Incineroar|Incineroar, L50, F|100/100
|switch|p2b: Dragonite|Dragonite, L50, M|100/100
|turn|1
|inactive|artyowls has 30 seconds left.
|
|t:|1756844717
|switch|p1a: Incineroar|Incineroar, L50, F|100/100
|-ability|p1a: Incineroar|Intimidate|boost
|-unboost|p2a: Incineroar|atk|1
|-fail|p2b: Dragonite|unboost|[from] item: Clear Amulet|[of] p2b: Dragonite
|move|p2a: Incineroar|Fake Out|p1a: Incineroar
|-damage|p1a: Incineroar|94/100
|move|p1b: Gholdengo|Nasty Plot|p1b: Gholdengo
|-boost|p1b: Gholdengo|spa|2
|move|p2b: Dragonite|Scale Shot|p1b: Gholdengo
|-resisted|p1b: Gholdengo
|-damage|p1b: Gholdengo|93/100
|-resisted|p1b: Gholdengo
|-damage|p1b: Gholdengo|83/100
|-resisted|p1b: Gholdengo
|-damage|p1b: Gholdengo|74/100
|-hitcount|p1b: Gholdengo|3
|-unboost|p2b: Dragonite|def|1
|-boost|p2b: Dragonite|spe|1
|
|upkeep
|turn|2
|inactive|artyowls has 30 seconds left.
|
|t:|1756844751
|-terastallize|p1b: Gholdengo|Steel
|move|p2b: Dragonite|Protect|p2b: Dragonite
|-singleturn|p2b: Dragonite|Protect
|move|p1a: Incineroar|Fake Out|p2b: Dragonite
|-activate|p2b: Dragonite|move: Protect
|move|p1b: Gholdengo|Make It Rain|p2a: Incineroar|[spread] p2a
|-activate|p2b: Dragonite|move: Protect
|-resisted|p2a: Incineroar
|-damage|p2a: Incineroar|42/100
|-unboost|p1b: Gholdengo|spa|1
|move|p2a: Incineroar|Knock Off|p1b: Gholdengo
|-damage|p1b: Gholdengo|44/100
|-enditem|p1b: Gholdengo|Focus Sash|[from] move: Knock Off|[of] p2a: Incineroar
|
|upkeep
|turn|3
|inactive|artyowls has 30 seconds left.
|inactive|pokedinoboy has 30 seconds left.
|
|t:|1756844782
|move|p2b: Dragonite|Scale Shot|p1a: Incineroar
|-damage|p1a: Incineroar|80/100
|-damage|p1a: Incineroar|66/100
|-damage|p1a: Incineroar|52/100
|-hitcount|p1a: Incineroar|3
|-unboost|p2b: Dragonite|def|1
|-boost|p2b: Dragonite|spe|1
|move|p1b: Gholdengo|Make It Rain|p2b: Dragonite|[spread] p2a,p2b
|-resisted|p2a: Incineroar
|-damage|p2a: Incineroar|4/100
|-damage|p2b: Dragonite|54/100
|-unboost|p1b: Gholdengo|spa|1
|move|p2a: Incineroar|Knock Off|p1a: Incineroar
|-resisted|p1a: Incineroar
|-damage|p1a: Incineroar|41/100
|-enditem|p1a: Incineroar|Sitrus Berry|[from] move: Knock Off|[of] p2a: Incineroar
|move|p1a: Incineroar|Knock Off|p2b: Dragonite
|-damage|p2b: Dragonite|0 fnt
|-enditem|p2b: Dragonite|Clear Amulet|[from] move: Knock Off|[of] p1a: Incineroar
|faint|p2b: Dragonite
|
|upkeep
|
|t:|1756844804
|switch|p2b: Basculegion|Basculegion, L50, M|100/100
|turn|4
|
|t:|1756844828
|move|p1b: Gholdengo|Make It Rain|p2a: Incineroar|[spread] p2a,p2b
|-resisted|p2a: Incineroar
|-resisted|p2b: Basculegion
|-damage|p2a: Incineroar|0 fnt
|-damage|p2b: Basculegion|66/100
|-unboost|p1b: Gholdengo|spa|1
|faint|p2a: Incineroar
|move|p2b: Basculegion|Wave Crash|p1a: Incineroar
|-supereffective|p1a: Incineroar
|-damage|p1a: Incineroar|0 fnt
|faint|p1a: Incineroar
|-damage|p2b: Basculegion|53/100|[from] Recoil
|-damage|p2b: Basculegion|43/100|[from] item: Life Orb
|
|upkeep
|
|t:|1756844839
|switch|p2a: Archaludon|Archaludon, L50, F|100/100
|switch|p1a: Ursaluna|Ursaluna-Bloodmoon, L50, M|100/100
|turn|5
|inactive|artyowls has 30 seconds left.
|
|t:|1756844876
|-terastallize|p2b: Basculegion|Water
|move|p1b: Gholdengo|Shadow Ball|p2b: Basculegion
|-damage|p2b: Basculegion|9/100
|-unboost|p2b: Basculegion|spd|1
|move|p2b: Basculegion|Wave Crash|p1a: Ursaluna
|-supereffective|p1a: Ursaluna
|-damage|p1a: Ursaluna|0 fnt
|faint|p1a: Ursaluna
|-damage|p2b: Basculegion|0 fnt|[from] Recoil
|faint|p2b: Basculegion
|move|p2a: Archaludon|Body Press|p1b: Gholdengo
|-supereffective|p1b: Gholdengo
|-damage|p1b: Gholdengo|0 fnt
|faint|p1b: Gholdengo
|
|upkeep
|
|t:|1756844888
|switch|p1b: Amoonguss|Amoonguss, L50, F|100/100
|turn|6
|inactive|artyowls has 30 seconds left.
|
|t:|1756844915
|move|p2a: Archaludon|Dragon Pulse|p1b: Amoonguss
|-damage|p1b: Amoonguss|65/100
|move|p1b: Amoonguss|Spore|p2a: Archaludon
|-status|p2a: Archaludon|slp|[from] move: Spore
|
|upkeep
|turn|7
|inactive|artyowls has 30 seconds left.
|
|t:|1756844940
|cant|p2a: Archaludon|slp
|move|p1b: Amoonguss|Pollen Puff|p2a: Archaludon
|-resisted|p2a: Archaludon
|-damage|p2a: Archaludon|93/100 slp
|-ability|p2a: Archaludon|Stamina|boost
|-boost|p2a: Archaludon|def|1
|
|upkeep
|turn|8
|inactive|artyowls has 30 seconds left.
|
|t:|1756844968
|cant|p2a: Archaludon|slp
|move|p1b: Amoonguss|Pollen Puff|p2a: Archaludon
|-resisted|p2a: Archaludon
|-damage|p2a: Archaludon|86/100 slp
|-ability|p2a: Archaludon|Stamina|boost
|-boost|p2a: Archaludon|def|1
|
|upkeep
|turn|9
|inactive|artyowls has 30 seconds left.
|
|t:|1756844995
|cant|p2a: Archaludon|slp
|move|p1b: Amoonguss|Pollen Puff|p2a: Archaludon
|-resisted|p2a: Archaludon
|-damage|p2a: Archaludon|79/100 slp
|-ability|p2a: Archaludon|Stamina|boost
|-boost|p2a: Archaludon|def|1
|
|upkeep
|turn|10
|inactive|artyowls has 30 seconds left.
|
|t:|1756845022
|-curestatus|p2a: Archaludon|slp|[msg]
|move|p2a: Archaludon|Dragon Pulse|p1b: Amoonguss
|-damage|p1b: Amoonguss|32/100
|move|p1b: Amoonguss|Spore|p2a: Archaludon
|-status|p2a: Archaludon|slp|[from] move: Spore
|
|upkeep
|turn|11
|inactive|artyowls has 30 seconds left.
|
|t:|1756845049
|cant|p2a: Archaludon|slp
|move|p1b: Amoonguss|Pollen Puff|p2a: Archaludon
|-resisted|p2a: Archaludon
|-damage|p2a: Archaludon|72/100 slp
|-ability|p2a: Archaludon|Stamina|boost
|-boost|p2a: Archaludon|def|1
|
|upkeep
|turn|12
|inactive|artyowls has 30 seconds left.
|
|t:|1756845077
|-curestatus|p2a: Archaludon|slp|[msg]
|move|p2a: Archaludon|Dragon Pulse|p1b: Amoonguss
|-damage|p1b: Amoonguss|0 fnt
|faint|p1b: Amoonguss
|
|win|pokedinoboy
