|j|☆nbadrose2
|j|☆actuary97
|html|nbadrose2actuary97    
|uhtml|bestof|Game 2 of a best-of-3
|t:|1757795207
|gametype|doubles
|player|p1|nbadrose2|bea|1400
|player|p2|actuary97|sabrina-frlg|1470
|gen|9
|tier|[Gen 9] VGC 2025 Reg H (Bo3)
|rated|
|rule|Species Clause: Limit one of each Pokémon
|rule|Item Clause: Limit 1 of each item
|clearpoke
|poke|p1|Rillaboom, L50, F|
|poke|p1|Gholdengo, L50|
|poke|p1|Sneasler, L50, F|
|poke|p1|Dragonite, L50, M|
|poke|p1|Maushold, L50|
|poke|p1|Ursaluna-Bloodmoon, L50, M|
|poke|p2|Whimsicott, L50, F|
|poke|p2|Gallade, L50, M|
|poke|p2|Malamar, L50, F|
|poke|p2|Indeedee, L50, M|
|poke|p2|Drifblim, L50, M|
|poke|p2|Archaludon, L50, F|
|teampreview|4
|showteam|p1|Rillaboom||AssaultVest|GrassySurge|FakeOut,DrumBeating,Uturn,WoodHammer|||F|||50|,,,,,Fire]Gholdengo||LifeOrb|GoodasGold|MakeItRain,ShadowBall,NastyPlot,Protect||||||50|,,,,,Water]Sneasler||WhiteHerb|Unburden|CloseCombat,DireClaw,Coaching,Protect|||F|||50|,,,,,Ghost]Dragonite||LoadedDice|Multiscale|ScaleShot,Tailwind,ExtremeSpeed,Protect|||M|||50|,,,,,Fairy]Maushold||SafetyGoggles|FriendGuard|FollowMe,SuperFang,Taunt,Protect||||||50|,,,,,Ghost]Ursaluna-Bloodmoon||Leftovers|MindsEye|BloodMoon,EarthPower,CalmMind,Protect|||M|||50|,,,,,Ghost
|showteam|p2|Whimsicott||FocusSash|Prankster|Moonblast,BeatUp,Taunt,Tailwind|||F|||50|,,,,,Ghost]Gallade||ScopeLens|Sharpness|PsychoCut,SacredSword,LeafBlade,Protect|||M|||50|,,,,,Grass]Malamar||SitrusBerry|Contrary|Superpower,KnockOff,TrickRoom,TopsyTurvy|||F|||50|,,,,,Fire]Indeedee||ChoiceSpecs|PsychicSurge|ExpandingForce,DazzlingGleam,TeraBlast,Trick|||M|||50|,,,,,Fire]Drifblim||PsychicSeed|Unburden|AirSlash,IcyWind,StrengthSap,WillOWisp|||M|||50|,,,,,Flying]Archaludon||AssaultVest|Stamina|ElectroShot,FlashCannon,Snarl,BodyPress|||F|||50|,,,,,Grass
|inactive|Battle timer is ON: inactive players will automatically lose when time's up. (requested by nbadrose2)
|
|t:|1757795259
|teamsize|p1|4
|teamsize|p2|4
|start
|switch|p1a: Gholdengo|Gholdengo, L50|100/100
|switch|p1b: Rillaboom|Rillaboom, L50, F|100/100
|switch|p2a: Whimsicott|Whimsicott, L50, F, shiny|100/100
|switch|p2b: Gallade|Gallade, L50, M, shiny|100/100
|-fieldstart|move: Grassy Terrain|[from] ability: Grassy Surge|[of] p1b: Rillaboom
|turn|1
|inactive|nbadrose2 has 30 seconds left.
|inactive|nbadrose2 has 20 seconds left.
|
|t:|1757795296
|switch|p2a: Indeedee|Indeedee, L50, M, shiny|100/100
|-fieldstart|move: Psychic Terrain|[from] ability: Psychic Surge|[of] p2a: Indeedee
|move|p1b: Rillaboom|U-turn|p2b: Gallade
|-damage|p2b: Gallade|65/100
|
|t:|1757795302
|switch|p1b: Dragonite|Dragonite, L50, M|100/100|[from] U-turn
|move|p2b: Gallade|Psycho Cut|p1b: Dragonite
|-damage|p1b: Dragonite|60/100
|move|p1a: Gholdengo|Nasty Plot|p1a: Gholdengo
|-boost|p1a: Gholdengo|spa|2
|
|upkeep
|turn|2
|
|t:|1757795324
|switch|p2b: Bridget|Archaludon, L50, F, shiny|100/100
|-terastallize|p2a: Indeedee|Fire
|move|p1a: Gholdengo|Protect|p1a: Gholdengo
|-singleturn|p1a: Gholdengo|Protect
|move|p2a: Indeedee|Tera Blast|p1a: Gholdengo|[anim] Tera Blast Fire
|-activate|p1a: Gholdengo|move: Protect
|move|p1b: Dragonite|Scale Shot|p2a: Indeedee
|-damage|p2a: Indeedee|67/100
|-damage|p2a: Indeedee|34/100
|-damage|p2a: Indeedee|5/100
|-damage|p2a: Indeedee|0 fnt
|faint|p2a: Indeedee
|-hitcount|p2: Indeedee|4
|-unboost|p1b: Dragonite|def|1
|-boost|p1b: Dragonite|spe|1
|
|upkeep
|
|t:|1757795331
|switch|p2a: Whimsicott|Whimsicott, L50, F, shiny|100/100
|turn|3
|
|t:|1757795348
|move|p2a: Whimsicott|Tailwind|p2a: Whimsicott
|-sidestart|p2: actuary97|move: Tailwind
|move|p2b: Bridget|Snarl|p1b: Dragonite|[spread] p1a,p1b
|-supereffective|p1a: Gholdengo
|-damage|p1a: Gholdengo|72/100
|-damage|p1b: Dragonite|48/100
|-unboost|p1a: Gholdengo|spa|1
|-unboost|p1b: Dragonite|spa|1
|move|p1b: Dragonite|Tailwind|p1b: Dragonite
|-sidestart|p1: nbadrose2|move: Tailwind
|move|p1a: Gholdengo|Nasty Plot|p1a: Gholdengo
|-boost|p1a: Gholdengo|spa|2
|
|upkeep
|turn|4
|
|t:|1757795362
|switch|p1b: Rillaboom|Rillaboom, L50, F|100/100
|-fieldstart|move: Grassy Terrain|[from] ability: Grassy Surge|[of] p1b: Rillaboom
|move|p1a: Gholdengo|Protect|p1a: Gholdengo
|-singleturn|p1a: Gholdengo|Protect
|move|p2a: Whimsicott|Moonblast|p1b: Rillaboom
|-damage|p1b: Rillaboom|74/100
|-unboost|p1b: Rillaboom|spa|1
|move|p2b: Bridget|Snarl|p1a: Gholdengo|[spread] p1b
|-activate|p1a: Gholdengo|move: Protect
|-damage|p1b: Rillaboom|64/100
|-unboost|p1b: Rillaboom|spa|1
|
|-heal|p1b: Rillaboom|69/100|[from] Grassy Terrain
|-heal|p1a: Gholdengo|78/100|[from] Grassy Terrain
|upkeep
|turn|5
|inactive|nbadrose2 has 30 seconds left.
|inactive|nbadrose2 has 20 seconds left.
|
|t:|1757795402
|move|p2a: Whimsicott|Beat Up|p2b: Bridget
|-damage|p2b: Bridget|99/100
|-ability|p2b: Bridget|Stamina|boost
|-boost|p2b: Bridget|def|1
|-damage|p2b: Bridget|97/100
|-ability|p2b: Bridget|Stamina|boost
|-boost|p2b: Bridget|def|1
|-damage|p2b: Bridget|96/100
|-ability|p2b: Bridget|Stamina|boost
|-boost|p2b: Bridget|def|1
|-hitcount|p2b: Bridget|3
|move|p1b: Rillaboom|Drum Beating|p2a: Whimsicott
|-resisted|p2a: Whimsicott
|-damage|p2a: Whimsicott|66/100
|-unboost|p2a: Whimsicott|spe|1
|move|p1a: Gholdengo|Shadow Ball|p2b: Bridget
|-damage|p2b: Bridget|0 fnt
|faint|p2b: Bridget
|-damage|p1a: Gholdengo|68/100|[from] item: Life Orb
|
|-heal|p1b: Rillaboom|75/100|[from] Grassy Terrain
|-heal|p2a: Whimsicott|72/100|[from] Grassy Terrain
|-heal|p1a: Gholdengo|74/100|[from] Grassy Terrain
|upkeep
|
|t:|1757795408
|switch|p2b: Gallade|Gallade, L50, M, shiny|65/100
|turn|6
|
|t:|1757795418
|move|p1b: Rillaboom|Drum Beating|p2a: Whimsicott
|-resisted|p2a: Whimsicott
|-damage|p2a: Whimsicott|37/100
|-unboost|p2a: Whimsicott|spe|1
|move|p2b: Gallade|Psycho Cut|p1b: Rillaboom
|-damage|p1b: Rillaboom|22/100
|move|p1a: Gholdengo|Make It Rain|p2b: Gallade|[spread] p2a,p2b
|-supereffective|p2a: Whimsicott
|-damage|p2a: Whimsicott|0 fnt
|-damage|p2b: Gallade|0 fnt
|-unboost|p1a: Gholdengo|spa|1
|faint|p2a: Whimsicott
|faint|p2b: Gallade
|-damage|p1a: Gholdengo|65/100|[from] item: Life Orb
|
|win|nbadrose2
||nbadrose2 is ready for game 3.
||actuary97 is ready for game 3.
|uhtml|next|Next: Game 3 of 3
|l|☆nbadrose2
|player|p1|
