|j|☆The PWC Luigi
|j|☆Le P VGC
|html|The PWC LuigiLe P VGC    
|uhtml|bestof|Game 2 of a best-of-3
|t:|1756916456
|gametype|doubles
|player|p1|The PWC Luigi|cheren-gen5bw2|1063
|player|p2|Le P VGC|lucian|1169
|gen|9
|tier|[Gen 9] VGC 2025 Reg H (Bo3)
|rated|
|rule|Species Clause: Limit one of each Pokémon
|rule|Item Clause: Limit 1 of each item
|clearpoke
|poke|p1|Tyranitar, L50, M|
|poke|p1|Excadrill, L50, F|
|poke|p1|Sinistcha-Masterpiece, L50|
|poke|p1|Salamence, L50, F|
|poke|p1|Blaziken, L50, M|
|poke|p1|Bruxish, L50, F|
|poke|p2|Volcarona, L50, F|
|poke|p2|Kingambit, L50, M|
|poke|p2|Dragonite, L50, F|
|poke|p2|Sneasler, L50, M|
|poke|p2|Rillaboom, L50, M|
|poke|p2|Electabuzz, L50, F|
|teampreview|4
|showteam|p1|Tyranitar||ClearAmulet|SandStream|RockSlide,KnockOff,DragonDance,Protect|||M|||50|,,,,,Grass]Excadrill||AssaultVest|SandRush|Earthquake,IronHead,HighHorsepower,RockSlide|||F|||50|,,,,,Ghost]Sinistcha-Masterpiece||SitrusBerry|Hospitality|ShadowBall,MatchaGotcha,RagePowder,Protect||||||50|,,,,,Dark]Salamence||LifeOrb|Intimidate|DracoMeteor,AirSlash,Protect,Tailwind|||F|||50|,,,,,Ghost]Blaziken||CovertCloak|SpeedBoost|AuraSphere,HeatWave,Coaching,WillOWisp|||M|||50|,,,,,Dragon]Bruxish||ChoiceScarf|Dazzling|PsychicFangs,WaveCrash,FlipTurn,SuperFang|||F|||50|,,,,,Water
|showteam|p2|Volcarona||CovertCloak|FlameBody|HeatWave,TeraBlast,QuiverDance,Protect|||F|||50|,,,,,Fairy]Kingambit||BlackGlasses|Defiant|KowtowCleave,SuckerPunch,SwordsDance,Protect|||M|||50|,,,,,Dark]Dragonite||LoadedDice|Multiscale|ScaleShot,ExtremeSpeed,Haze,Protect|||F|||50|,,,,,Steel]Sneasler||FocusSash|PoisonTouch|CloseCombat,DireClaw,FakeOut,Coaching|||M|||50|,,,,,Stellar]Rillaboom||AssaultVest|GrassySurge|WoodHammer,GrassyGlide,HighHorsepower,FakeOut|||M|||50|,,,,,Fire]Electabuzz||Eviolite|VitalSpirit|Electroweb,Taunt,FollowMe,Protect|||F|||50|,,,,,Ghost
|inactive|Battle timer is ON: inactive players will automatically lose when time's up. (requested by Le P VGC)
|
|t:|1756916489
|teamsize|p1|4
|teamsize|p2|4
|start
|switch|p1a: Bruxish|Bruxish, L50, F|100/100
|switch|p1b: Excadrill|Excadrill, L50, F|100/100
|switch|p2a: Rillaboom|Rillaboom, L50, M|100/100
|switch|p2b: Kingambit|Kingambit, L50, M|100/100
|-fieldstart|move: Grassy Terrain|[from] ability: Grassy Surge|[of] p2a: Rillaboom
|turn|1
|
|t:|1756916513
|-terastallize|p2b: Kingambit|Dark
|move|p1a: Bruxish|Flip Turn|p2a: Rillaboom
|-resisted|p2a: Rillaboom
|-damage|p2a: Rillaboom|86/100
|
|t:|1756916522
|switch|p1a: Salamence|Salamence, L50, F|100/100|[from] Flip Turn
|-ability|p1a: Salamence|Intimidate|boost
|-unboost|p2a: Rillaboom|atk|1
|-unboost|p2b: Kingambit|atk|1
|-ability|p2b: Kingambit|Defiant|boost
|-boost|p2b: Kingambit|atk|2
|move|p1b: Excadrill|High Horsepower|p2b: Kingambit
|-damage|p2b: Kingambit|55/100
|move|p2a: Rillaboom|Wood Hammer|p1a: Salamence
|-resisted|p1a: Salamence
|-damage|p1a: Salamence|82/100
|-damage|p2a: Rillaboom|81/100|[from] Recoil
|move|p2b: Kingambit|Kowtow Cleave|p1b: Excadrill
|-damage|p1b: Excadrill|0 fnt
|faint|p1b: Excadrill
|
|-heal|p2a: Rillaboom|87/100|[from] Grassy Terrain
|-heal|p2b: Kingambit|60/100|[from] Grassy Terrain
|upkeep
|
|t:|1756916544
|switch|p1b: Bruxish|Bruxish, L50, F|100/100
|turn|2
|
|t:|1756916556
|switch|p2a: Sneasler|Sneasler, L50, M|100/100
|move|p2b: Kingambit|Protect|p2b: Kingambit
|-singleturn|p2b: Kingambit|Protect
|move|p1b: Bruxish|Super Fang|p2a: Sneasler
|-damage|p2a: Sneasler|51/100
|move|p1a: Salamence|Air Slash|p2a: Sneasler
|-supereffective|p2a: Sneasler
|-damage|p2a: Sneasler|0 fnt
|faint|p2a: Sneasler
|-damage|p1a: Salamence|72/100|[from] item: Life Orb
|
|-heal|p2b: Kingambit|66/100|[from] Grassy Terrain
|upkeep
|
|t:|1756916566
|switch|p2a: Electabuzz|Electabuzz, L50, F|100/100
|turn|3
|inactive|The PWC Luigi has 30 seconds left.
|
|t:|1756916593
|switch|p1a: Tyranitar|Tyranitar, L50, M|100/100
|-weather|Sandstorm|[from] ability: Sand Stream|[of] p1a: Tyranitar
|move|p2a: Electabuzz|Follow Me|p2a: Electabuzz
|-singleturn|p2a: Electabuzz|move: Follow Me
|move|p1b: Bruxish|Super Fang|p2a: Electabuzz
|-damage|p2a: Electabuzz|51/100
|move|p2b: Kingambit|Kowtow Cleave|p1b: Bruxish
|-supereffective|p1b: Bruxish
|-damage|p1b: Bruxish|0 fnt
|faint|p1b: Bruxish
|
|-weather|Sandstorm|[upkeep]
|-damage|p2a: Electabuzz|45/100|[from] Sandstorm
|-damage|p2b: Kingambit|60/100|[from] Sandstorm
|-heal|p2a: Electabuzz|51/100|[from] Grassy Terrain
|-heal|p2b: Kingambit|66/100|[from] Grassy Terrain
|upkeep
|
|t:|1756916613
|switch|p1b: Salamence|Salamence, L50, F|72/100
|-ability|p1b: Salamence|Intimidate|boost
|-unboost|p2a: Electabuzz|atk|1
|-unboost|p2b: Kingambit|atk|1
|-ability|p2b: Kingambit|Defiant|boost
|-boost|p2b: Kingambit|atk|2
|turn|4
|
|t:|1756916632
|move|p1b: Salamence|Protect|p1b: Salamence
|-singleturn|p1b: Salamence|Protect
|move|p2b: Kingambit|Protect|p2b: Kingambit
|-singleturn|p2b: Kingambit|Protect
|move|p2a: Electabuzz|Electroweb|p1a: Tyranitar|[spread] p1a
|-activate|p1b: Salamence|move: Protect
|-damage|p1a: Tyranitar|90/100
|move|p1a: Tyranitar|Rock Slide|p2a: Electabuzz|[spread] p2a
|-activate|p2b: Kingambit|move: Protect
|-damage|p2a: Electabuzz|26/100
|
|-weather|Sandstorm|[upkeep]
|-damage|p1b: Salamence|67/100|[from] Sandstorm
|-damage|p2a: Electabuzz|20/100|[from] Sandstorm
|-damage|p2b: Kingambit|60/100|[from] Sandstorm
|-heal|p2a: Electabuzz|26/100|[from] Grassy Terrain
|-heal|p1a: Tyranitar|97/100|[from] Grassy Terrain
|-heal|p2b: Kingambit|66/100|[from] Grassy Terrain
|upkeep
|turn|5
|inactive|The PWC Luigi has 30 seconds left.
|
|t:|1756916662
|move|p2a: Electabuzz|Follow Me|p2a: Electabuzz
|-singleturn|p2a: Electabuzz|move: Follow Me
|move|p2b: Kingambit|Sucker Punch||[still]
|-fail|p2b: Kingambit
|move|p1b: Salamence|Tailwind|p1b: Salamence
|-sidestart|p1: The PWC Luigi|move: Tailwind
|move|p1a: Tyranitar|Rock Slide|p2a: Electabuzz|[spread] p2a,p2b
|-damage|p2a: Electabuzz|0 fnt
|-damage|p2b: Kingambit|41/100
|faint|p2a: Electabuzz
|
|-weather|Sandstorm|[upkeep]
|-damage|p1b: Salamence|61/100|[from] Sandstorm
|-damage|p2b: Kingambit|36/100|[from] Sandstorm
|-heal|p1a: Tyranitar|100/100|[from] Grassy Terrain
|-heal|p2b: Kingambit|41/100|[from] Grassy Terrain
|-fieldend|move: Grassy Terrain
|upkeep
|
|t:|1756916672
|switch|p2a: Rillaboom|Rillaboom, L50, M|87/100
|-fieldstart|move: Grassy Terrain|[from] ability: Grassy Surge|[of] p2a: Rillaboom
|turn|6
|
|t:|1756916695
|move|p1b: Salamence|Protect|p1b: Salamence
|-singleturn|p1b: Salamence|Protect
|move|p1a: Tyranitar|Protect|p1a: Tyranitar
|-singleturn|p1a: Tyranitar|Protect
|move|p2a: Rillaboom|Fake Out|p1b: Salamence
|-activate|p1b: Salamence|move: Protect
|move|p2b: Kingambit|Kowtow Cleave|p1a: Tyranitar
|-activate|p1a: Tyranitar|move: Protect
|
|-weather|Sandstorm|[upkeep]
|-damage|p1b: Salamence|55/100|[from] Sandstorm
|-damage|p2a: Rillaboom|81/100|[from] Sandstorm
|-damage|p2b: Kingambit|36/100|[from] Sandstorm
|-heal|p2a: Rillaboom|87/100|[from] Grassy Terrain
|-heal|p2b: Kingambit|41/100|[from] Grassy Terrain
|upkeep
|turn|7
|inactive|The PWC Luigi has 30 seconds left.
|
|t:|1756916728
|-terastallize|p1a: Tyranitar|Grass
|move|p1b: Salamence|Protect||[still]
|-fail|p1b: Salamence
|move|p2b: Kingambit|Sucker Punch||[still]
|-fail|p2b: Kingambit
|move|p1a: Tyranitar|Rock Slide|p2a: Rillaboom|[spread] p2a,p2b
|-damage|p2a: Rillaboom|55/100
|-damage|p2b: Kingambit|19/100
|move|p2a: Rillaboom|Wood Hammer|p1a: Tyranitar
|-resisted|p1a: Tyranitar
|-damage|p1a: Tyranitar|61/100
|-damage|p2a: Rillaboom|43/100|[from] Recoil
|
|-weather|none
|-heal|p1a: Tyranitar|67/100|[from] Grassy Terrain
|-heal|p2a: Rillaboom|49/100|[from] Grassy Terrain
|-heal|p2b: Kingambit|25/100|[from] Grassy Terrain
|upkeep
|turn|8
|inactive|The PWC Luigi has 30 seconds left.
|inactive|Le P VGC has 30 seconds left.
|
|t:|1756916762
|move|p2b: Kingambit|Sucker Punch|p1a: Tyranitar
|-damage|p1a: Tyranitar|0 fnt
|faint|p1a: Tyranitar
|move|p1b: Salamence|Air Slash|p2b: Kingambit
|-damage|p2b: Kingambit|0 fnt
|faint|p2b: Kingambit
|-damage|p1b: Salamence|45/100|[from] item: Life Orb
|move|p2a: Rillaboom|Wood Hammer|p1b: Salamence
|-resisted|p1b: Salamence
|-damage|p1b: Salamence|22/100
|-damage|p2a: Rillaboom|42/100|[from] Recoil
|
|-heal|p2a: Rillaboom|48/100|[from] Grassy Terrain
|-sideend|p1: The PWC Luigi|move: Tailwind
|upkeep
|turn|9
|
|t:|1756916775
|move|p1b: Salamence|Air Slash|p2a: Rillaboom
|-supereffective|p2a: Rillaboom
|-damage|p2a: Rillaboom|0 fnt
|faint|p2a: Rillaboom
|-damage|p1b: Salamence|12/100|[from] item: Life Orb
|
|win|The PWC Luigi
|raw|The PWC Luigi's rating: 1063 → 1103(+40 for winning)
|raw|Le P VGC's rating: 1169 → 1137(-32 for losing)
|l|☆Le P VGC
|player|p2|
