|j|‽xGSx3ntr0py
|j|☆Dah_tobster
|html|xGSx3ntr0pyDah_tobster    
|uhtml|bestof|Game 2 of a best-of-3
|t:|1757040703
|gametype|doubles
|player|p1|xGSx3ntr0py|266|1119
|player|p2|Dah_tobster|266|1118
|gen|9
|tier|[Gen 9] VGC 2025 Reg H (Bo3)
|rated|
|rule|Species Clause: Limit one of each Pokémon
|rule|Item Clause: Limit 1 of each item
|clearpoke
|poke|p1|Volcarona, L50, M|
|poke|p1|Rillaboom, L50, M|
|poke|p1|Incineroar, L50, M|
|poke|p1|Dragonite, L50, F|
|poke|p1|Smeargle, L50, F|
|poke|p1|Gholdengo, L50|
|poke|p2|Grimmsnarl, L50, M|
|poke|p2|Dragonite, L50, M|
|poke|p2|Gholdengo, L50|
|poke|p2|Annihilape, L50, M|
|poke|p2|Maushold-Four, L50|
|poke|p2|Rillaboom, L50, F|
|teampreview|4
|showteam|p1|Volcarona||GrassySeed|FlameBody|FieryDance,GigaDrain,QuiverDance,Protect|||M|||50|,,,,,Grass]Rillaboom||AssaultVest|GrassySurge|FakeOut,GrassyGlide,WoodHammer,Uturn|||M|||50|,,,,,Fire]Incineroar||SafetyGoggles|Intimidate|FakeOut,FlareBlitz,KnockOff,PartingShot|||M|||50|,,,,,Water]Dragonite||LoadedDice|InnerFocus|ExtremeSpeed,ScaleShot,Tailwind,DragonDance|||F|||50|,,,,,Fairy]Smeargle||FocusSash|Moody|Spore,FollowMe,WideGuard,SpikyShield|||F|||50|,,,,,Ghost]Gholdengo||SitrusBerry|GoodasGold|MakeItRain,ShadowBall,NastyPlot,Protect||||||50|,,,,,Water
|showteam|p2|Grimmsnarl||LightClay|Prankster|SpiritBreak,Reflect,LightScreen,ThunderWave|||M|||50|,,,,,Steel]Dragonite||LoadedDice|Multiscale|ScaleShot,ExtremeSpeed,Tailwind,Protect|||M|||50|,,,,,Steel]Gholdengo||LifeOrb|GoodasGold|MakeItRain,NastyPlot,ShadowBall,Protect||||||50|,,,,,Water]Annihilape||Leftovers|Defiant|RageFist,DrainPunch,BulkUp,Protect|||M|||50|,,,,,Fire]Maushold-Four||FocusSash|FriendGuard|SuperFang,FollowMe,BeatUp,Protect||||||50|,,,,,Ghost]Rillaboom||AssaultVest|GrassySurge|FakeOut,WoodHammer,HighHorsepower,GrassyGlide|||F|||50|,,,,,Fire
|inactive|Battle timer is ON: inactive players will automatically lose when time's up. (requested by Dah_tobster)
|inactive|Dah_tobster has 60 seconds left.
|inactive|Dah_tobster has 30 seconds left.
|inactive|Dah_tobster has 20 seconds left.
|inactive|Dah_tobster has 15 seconds left.
|
|t:|1757040778
|teamsize|p1|4
|teamsize|p2|4
|start
|switch|p1a: Gholdengo|Gholdengo, L50|100/100
|switch|p1b: Smeargle|Smeargle, L50, F|100/100
|switch|p2a: Annihilape|Annihilape, L50, M|100/100
|switch|p2b: Maushold|Maushold-Four, L50|100/100
|turn|1
|inactive|Dah_tobster has 30 seconds left.
|inactive|Dah_tobster has 20 seconds left.
|
|t:|1757040817
|-terastallize|p2a: Annihilape|Fire
|move|p1b: Smeargle|Follow Me|p1b: Smeargle
|-singleturn|p1b: Smeargle|move: Follow Me
|move|p2b: Maushold|Beat Up|p1b: Smeargle
|-damage|p1b: Smeargle|93/100
|-damage|p1b: Smeargle|88/100
|-damage|p1b: Smeargle|81/100
|-damage|p1b: Smeargle|76/100
|-hitcount|p1b: Smeargle|4
|move|p1a: Gholdengo|Nasty Plot|p1a: Gholdengo
|-boost|p1a: Gholdengo|spa|2
|move|p2a: Annihilape|Bulk Up|p2a: Annihilape
|-boost|p2a: Annihilape|atk|1
|-boost|p2a: Annihilape|def|1
|
|-ability|p1b: Smeargle|Moody|boost
|-boost|p1b: Smeargle|atk|2
|-unboost|p1b: Smeargle|def|1
|upkeep
|turn|2
|inactive|Dah_tobster has 30 seconds left.
|
|t:|1757040846
|move|p1b: Smeargle|Follow Me|p1b: Smeargle
|-singleturn|p1b: Smeargle|move: Follow Me
|move|p2b: Maushold|Beat Up|p1b: Smeargle
|-damage|p1b: Smeargle|67/100
|-damage|p1b: Smeargle|59/100
|-damage|p1b: Smeargle|48/100
|-damage|p1b: Smeargle|42/100
|-hitcount|p1b: Smeargle|4
|move|p1a: Gholdengo|Shadow Ball|p2a: Annihilape
|-damage|p2a: Annihilape|55/100
|-unboost|p2a: Annihilape|spd|1
|-ability|p2a: Annihilape|Defiant|boost
|-boost|p2a: Annihilape|atk|2
|move|p2a: Annihilape|Rage Fist|p1b: Smeargle
|-immune|p1b: Smeargle
|
|-heal|p2a: Annihilape|62/100|[from] item: Leftovers
|-ability|p1b: Smeargle|Moody|boost
|-boost|p1b: Smeargle|spe|2
|-unboost|p1b: Smeargle|def|1
|upkeep
|turn|3
|inactive|xGSx3ntr0py has 30 seconds left.
|
|t:|1757040877
|move|p2b: Maushold|Follow Me|p2b: Maushold
|-singleturn|p2b: Maushold|move: Follow Me
|move|p1b: Smeargle|Spore|p2b: Maushold
|-status|p2b: Maushold|slp|[from] move: Spore
|move|p1a: Gholdengo|Shadow Ball|p2b: Maushold
|-immune|p2b: Maushold
|move|p2a: Annihilape|Rage Fist|p1a: Gholdengo
|-supereffective|p1a: Gholdengo
|-damage|p1a: Gholdengo|0 fnt
|faint|p1a: Gholdengo
|
|-heal|p2a: Annihilape|68/100|[from] item: Leftovers
|-ability|p1b: Smeargle|Moody|boost
|-boost|p1b: Smeargle|spd|2
|-unboost|p1b: Smeargle|spa|1
|upkeep
|
|t:|1757040890
|switch|p1a: Volcarona|Volcarona, L50, M|100/100
|turn|4
|
|t:|1757040910
|move|p2a: Annihilape|Protect|p2a: Annihilape
|-singleturn|p2a: Annihilape|Protect
|move|p1b: Smeargle|Spore|p2a: Annihilape
|-activate|p2a: Annihilape|move: Protect
|cant|p2b: Maushold|slp
|move|p1a: Volcarona|Quiver Dance|p1a: Volcarona
|-boost|p1a: Volcarona|spa|1
|-boost|p1a: Volcarona|spd|1
|-boost|p1a: Volcarona|spe|1
|
|-heal|p2a: Annihilape|74/100|[from] item: Leftovers
|-ability|p1b: Smeargle|Moody|boost
|-boost|p1b: Smeargle|atk|2
|-unboost|p1b: Smeargle|spa|1
|upkeep
|turn|5
|
|t:|1757040926
|move|p1b: Smeargle|Follow Me|p1b: Smeargle
|-singleturn|p1b: Smeargle|move: Follow Me
|cant|p2b: Maushold|slp
|move|p1a: Volcarona|Fiery Dance|p2a: Annihilape
|-resisted|p2a: Annihilape
|-damage|p2a: Annihilape|50/100
|move|p2a: Annihilape|Rage Fist|p1b: Smeargle
|-immune|p1b: Smeargle
|
|-heal|p2a: Annihilape|56/100|[from] item: Leftovers
|-ability|p1b: Smeargle|Moody|boost
|-boost|p1b: Smeargle|spa|2
|-unboost|p1b: Smeargle|def|1
|upkeep
|turn|6
|
|t:|1757040945
|move|p1b: Smeargle|Follow Me|p1b: Smeargle
|-singleturn|p1b: Smeargle|move: Follow Me
|cant|p2b: Maushold|slp
|move|p1a: Volcarona|Fiery Dance|p2b: Maushold
|-damage|p2b: Maushold|29/100 slp
|move|p2a: Annihilape|Drain Punch|p1b: Smeargle
|-supereffective|p1b: Smeargle
|-damage|p1b: Smeargle|0 fnt
|-heal|p2a: Annihilape|70/100|[from] drain|[of] p1b: Smeargle
|faint|p1b: Smeargle
|
|-heal|p2a: Annihilape|76/100|[from] item: Leftovers
|upkeep
|
|t:|1757040955
|switch|p1b: Dragonite|Dragonite, L50, F|100/100
|turn|7
|
|t:|1757040966
|move|p1a: Volcarona|Protect|p1a: Volcarona
|-singleturn|p1a: Volcarona|Protect
|-curestatus|p2b: Maushold|slp|[msg]
|move|p2b: Maushold|Follow Me|p2b: Maushold
|-singleturn|p2b: Maushold|move: Follow Me
|move|p1b: Dragonite|Dragon Dance|p1b: Dragonite
|-boost|p1b: Dragonite|atk|1
|-boost|p1b: Dragonite|spe|1
|move|p2a: Annihilape|Rage Fist|p1b: Dragonite
|-damage|p1b: Dragonite|0 fnt
|faint|p1b: Dragonite
|
|-heal|p2a: Annihilape|83/100|[from] item: Leftovers
|upkeep
|turn|8
|-message|xGSx3ntr0py forfeited.
|
|win|Dah_tobster
|raw|xGSx3ntr0py's rating: 1119 → 1094(-25 for losing)
|raw|Dah_tobster's rating: 1118 → 1143(+25 for winning)
|l|‽xGSx3ntr0py
|player|p1|
