|j|☆irishshyguy
|j|☆xto80
|html|irishshyguyxto80    
|uhtml|bestof|Game 1 of a best-of-3
|t:|1782515857
|gametype|doubles
|player|p1|irishshyguy|policeman-gen4|
|player|p2|xto80|fisherman-gen4|
|gen|9
|tier|[Gen 9 Champions] VGC 2026 Reg M-B (Bo3)
|rule|Species Clause: Limit one of each Pokémon
|rule|Item Clause: Limit 1 of each item
|clearpoke
|poke|p1|Floette-Eternal, L50, F|
|poke|p1|Sneasler, L50, F|
|poke|p1|Talonflame, L50, F|
|poke|p1|Appletun, L50, F|
|poke|p1|Mr. Rime, L50, F|
|poke|p1|Zoroark, L50, M|
|poke|p2|Aggron, L50, M|
|poke|p2|Araquanid, L50, F|
|poke|p2|Greninja, L50, M|
|poke|p2|Crabominable, L50, M|
|poke|p2|Raichu-Alola, L50, F|
|poke|p2|Glalie, L50, M|
|teampreview|4
|showteam|p1|Floette-Eternal||Floettite|FlowerVeil|EnergyBall,Moonblast,Protect,PollenPuff|Timid||F|||50|]Sneasler|||PoisonTouch|CloseCombat,DireClaw,FakeOut,Acrobatics|Jolly||F|||50|]Talonflame||ChartiBerry|GaleWings|BraveBird,Roost,Tailwind,Flamethrower|Jolly||F|||50|]Appletun||ShucaBerry|ThickFat|AppleAcid,EnergyBall,SuckerPunch,HighHorsepower|Quiet||F|||50|]Mr. Rime||FocusSash|TangledFeet|FakeOut,FoulPlay,Thunderbolt,StompingTantrum|Brave||F|||50|]Zoroark||BlackGlasses|Illusion|FoulPlay,GrassKnot,Toxic,Uturn|Hasty||M|||50|
|showteam|p2|Aggron||MentalHerb|Sturdy|HydroPump,Flamethrower,Crunch,FireBlast|Quiet||M|||50|]Araquanid||Charcoal|WaterBubble|Endeavor,XScissor,Crunch,BugBuzz|Brave||F|||50|]Greninja||MysticWater|Protean|GunkShot,Surf,SludgeWave,ShadowSneak|Hasty||M|||50|]Crabominable||Crabominite|IronFist|Earthquake,Blizzard,BodySlam,Crabhammer|Brave||M|||50|]Raichu-Alola||Leftovers|SurgeSurfer|ExpandingForce,Discharge,FakeOut,Nuzzle|Hasty||F|||50|]Glalie||ChilanBerry|IceBody|FoulPlay,Taunt,FreezeDry,ShadowBall|Timid||M|||50|
|
|t:|1782516001
|teamsize|p1|4
|teamsize|p2|4
|start
|switch|p1a: Talonflame|Talonflame, L50, F|100/100
|switch|p1b: Sneasler|Sneasler, L50, F|100/100
|switch|p2a: Aggron|Aggron, L50, M|100/100
|switch|p2b: Crabominable|Crabominable, L50, M|100/100
|turn|1
|
|t:|1782516053
|detailschange|p2b: Crabominable|Crabominable-Mega, L50, M
|-mega|p2b: Crabominable|Crabominable|Crabominite
|move|p1a: Talonflame|Tailwind|p1a: Talonflame
|-sidestart|p1: irishshyguy|move: Tailwind
|move|p1b: Sneasler|Close Combat|p2a: Aggron
|-supereffective|p2a: Aggron|2
|-ability|p2a: Aggron|Sturdy
|-damage|p2a: Aggron|1/100
|-unboost|p1b: Sneasler|def|1
|-unboost|p1b: Sneasler|spd|1
|move|p2a: Aggron|Fire Blast|p1b: Sneasler
|-damage|p1b: Sneasler|41/100
|move|p2b: Crabominable|Blizzard|p1a: Talonflame|[spread] 
|-miss|p2b: Crabominable|p1a: Talonflame
|-miss|p2b: Crabominable|p1b: Sneasler
|
|upkeep
|turn|2
|
|t:|1782516136
|move|p1a: Talonflame|Flamethrower|p2b: Crabominable
|-supereffective|p2b: Crabominable|1
|-damage|p2b: Crabominable|64/100
|move|p1b: Sneasler|Close Combat|p2a: Aggron
|-supereffective|p2a: Aggron|2
|-damage|p2a: Aggron|0 fnt
|-unboost|p1b: Sneasler|def|1
|-unboost|p1b: Sneasler|spd|1
|faint|p2a: Aggron
|move|p2b: Crabominable|Crabhammer|p1b: Sneasler
|-damage|p1b: Sneasler|0 fnt
|faint|p1b: Sneasler
|
|upkeep
|
|t:|1782516175
|switch|p1b: Floette|Floette-Eternal, L50, F|100/100
|switch|p2a: Raichu|Raichu-Alola, L50, F|100/100
|turn|3
|
|t:|1782516210
|detailschange|p1b: Floette|Floette-Mega, L50, F
|-mega|p1b: Floette|Floette|Floettite
|-ability|p1b: Floette|Fairy Aura
|move|p1a: Talonflame|Flamethrower|p2b: Crabominable
|-supereffective|p2b: Crabominable|1
|-damage|p2b: Crabominable|28/100
|move|p1b: Floette|Moonblast|p2b: Crabominable
|-supereffective|p2b: Crabominable|1
|-damage|p2b: Crabominable|0 fnt
|faint|p2b: Crabominable
|move|p2a: Raichu|Discharge|p1a: Talonflame|[spread] p1a,p1b
|-supereffective|p1a: Talonflame|1
|-damage|p1a: Talonflame|17/100
|-damage|p1b: Floette|79/100
|
|upkeep
|
|t:|1782516234
|switch|p2b: Greninja|Greninja, L50, M|100/100
|turn|4
|
|t:|1782516266
|switch|p1a: Appletun|Appletun, L50, F|100/100
|move|p1b: Floette|Moonblast|p2b: Greninja
|-supereffective|p2b: Greninja|1
|-damage|p2b: Greninja|0 fnt
|faint|p2b: Greninja
|move|p2a: Raichu|Discharge|p1b: Floette|[spread] p1a,p1b
|-resisted|p1a: Appletun|2
|-damage|p1a: Appletun|93/100
|-damage|p1b: Floette|57/100
|
|-sideend|p1: irishshyguy|move: Tailwind
|upkeep
|turn|5
|
|t:|1782516311
|move|p2a: Raichu|Expanding Force|p1a: Appletun
|-damage|p1a: Appletun|61/100
|move|p1b: Floette|Moonblast|p2a: Raichu
|-damage|p2a: Raichu|0 fnt
|faint|p2a: Raichu
|
|win|irishshyguy
|inactive|irishshyguy has 30 seconds to confirm battle start!
|inactive|xto80 has 30 seconds to confirm battle start!
||xto80 is ready for game 2.
|inactive|irishshyguy has 20 seconds to confirm battle start!
||irishshyguy is ready for game 2.
|uhtml|next|Next: Game 2 of 3
