|j|☆Metallicmadness
|j|☆takeshivgc-test
|html|Metallicmadnesstakeshivgc-test    
|uhtml|bestof|Game 3 of a best-of-3
|t:|1754715321
|gametype|doubles
|player|p1|Metallicmadness|byron|1344
|player|p2|takeshivgc-test|101|1195
|gen|9
|tier|[Gen 9] VGC 2025 Reg H (Bo3)
|rated|
|rule|Species Clause: Limit one of each Pokémon
|rule|Item Clause: Limit 1 of each item
|clearpoke
|poke|p1|Volcarona, L50, F|
|poke|p1|Kilowattrel, L50, F|
|poke|p1|Kingambit, L50, M|
|poke|p1|Politoed, L50, F|
|poke|p1|Rillaboom, L50, M|
|poke|p1|Archaludon, L50, M|
|poke|p2|Armarouge, L50, M|
|poke|p2|Indeedee-F, L50, F|
|poke|p2|Torkoal, L50, F|
|poke|p2|Lilligant-Hisui, L50, F|
|poke|p2|Gallade, L50, M|
|poke|p2|Ursaluna, L50, F|
|teampreview|4
|showteam|p1|Volcarona||CovertCloak|FlameBody|HeatWave,QuiverDance,TeraBlast,RagePowder|||F|||50|,,,,,Fairy]Kilowattrel||FocusSash|Competitive|Hurricane,Tailwind,Discharge,Protect|||F|||50|,,,,,Electric]Kingambit||BlackGlasses|Defiant|KowtowCleave,SwordsDance,SuckerPunch,Protect|||M|||50|,,,,,Dark]Politoed||SitrusBerry|Drizzle|MuddyWater,IceBeam,Protect,EarthPower|||F|||50|,,,,,Ground]Rillaboom||LoadedDice|GrassySurge|FakeOut,BulletSeed,HighHorsepower,GrassyGlide|||M|||50|,,,,,Stellar]Archaludon||AssaultVest|Stamina|BodyPress,DragonPulse,ElectroShot,FlashCannon|||M|||50|,,,,,Grass
|showteam|p2|Armarouge||PowerHerb|FlashFire|ArmorCannon,ExpandingForce,TrickRoom,MeteorBeam|||M|||50|,,,,,Grass]Indeedee-F||PsychicSeed|PsychicSurge|Psychic,HelpingHand,TrickRoom,FollowMe|||F|||50|,,,,,Fairy]Torkoal||Charcoal|Drought|Eruption,Protect,WeatherBall,HeatWave|||F|||50|,,,,,Fire]Lilligant-Hisui||FocusSash|Chlorophyll|CloseCombat,SolarBlade,SleepPowder,AfterYou|||F|||50|,,,,,Ghost]Gallade||ClearAmulet|Sharpness|PsychoCut,SacredSword,TrickRoom,WideGuard|||M|||50|,,,,,Fire]Ursaluna||FlameOrb|Guts|Facade,HeadlongRush,Earthquake,Protect|||F|||50|,,,,,Ghost
|inactive|Battle timer is ON: inactive players will automatically lose when time's up. (requested by Metallicmadness)
|
|t:|1754715346
|teamsize|p1|4
|teamsize|p2|4
|start
|switch|p1a: Politoed|Politoed, L50, F|100/100
|switch|p1b: Kilowattrel|Kilowattrel, L50, F|100/100
|switch|p2a: Indeedee|Indeedee-F, L50, F|100/100
|switch|p2b: Gallade|Gallade, L50, M|100/100
|-fieldstart|move: Psychic Terrain|[from] ability: Psychic Surge|[of] p2a: Indeedee
|-enditem|p2a: Indeedee|Psychic Seed
|-boost|p2a: Indeedee|spd|1|[from] item: Psychic Seed
|-weather|RainDance|[from] ability: Drizzle|[of] p1a: Politoed
|turn|1
|inactive|takeshivgc-test has 30 seconds left.
|
|t:|1754715377
|-terastallize|p2b: Gallade|Fire
|move|p2b: Gallade|Wide Guard|p2b: Gallade
|-singleturn|p2b: Gallade|Wide Guard
|move|p1b: Kilowattrel|Hurricane|p2b: Gallade
|-damage|p2b: Gallade|54/100
|-start|p2b: Gallade|confusion
|move|p1a: Politoed|Muddy Water|p2a: Indeedee|[spread] 
|-activate|p2a: Indeedee|move: Wide Guard
|-activate|p2b: Gallade|move: Wide Guard
|move|p2a: Indeedee|Trick Room|p2a: Indeedee
|-fieldstart|move: Trick Room|[of] p2a: Indeedee
|
|-weather|RainDance|[upkeep]
|upkeep
|turn|2
|
|t:|1754715393
|switch|p1a: Archaludon|Archaludon, L50, M|100/100
|-activate|p2b: Gallade|confusion
|-damage|p2b: Gallade|34/100|[from] confusion
|move|p2a: Indeedee|Psychic|p1b: Kilowattrel
|-damage|p1b: Kilowattrel|26/100
|move|p1b: Kilowattrel|Discharge|p2a: Indeedee|[spread] p1a,p2a,p2b
|-resisted|p1a: Archaludon
|-damage|p1a: Archaludon|91/100
|-damage|p2a: Indeedee|82/100
|-damage|p2b: Gallade|10/100
|-status|p1a: Archaludon|par
|-status|p2b: Gallade|par
|-ability|p1a: Archaludon|Stamina|boost
|-boost|p1a: Archaludon|def|1
|
|-weather|RainDance|[upkeep]
|upkeep
|turn|3
|
|t:|1754715422
|switch|p1b: Rillaboom|Rillaboom, L50, M|100/100
|-fieldstart|move: Grassy Terrain|[from] ability: Grassy Surge|[of] p1b: Rillaboom
|-activate|p2b: Gallade|confusion
|cant|p2b: Gallade|par
|cant|p1a: Archaludon|par
|move|p2a: Indeedee|Psychic|p1b: Rillaboom
|-damage|p1b: Rillaboom|60/100
|
|-weather|RainDance|[upkeep]
|-heal|p2b: Gallade|16/100 par|[from] Grassy Terrain
|-heal|p1a: Archaludon|97/100 par|[from] Grassy Terrain
|-heal|p2a: Indeedee|88/100|[from] Grassy Terrain
|-heal|p1b: Rillaboom|66/100|[from] Grassy Terrain
|upkeep
|turn|4
|
|t:|1754715441
|switch|p2a: Torkoal|Torkoal, L50, F|100/100
|-weather|SunnyDay|[from] ability: Drought|[of] p2a: Torkoal
|move|p1b: Rillaboom|Fake Out|p2a: Torkoal
|-damage|p2a: Torkoal|89/100
|-end|p2b: Gallade|confusion
|move|p2b: Gallade|Sacred Sword|p1a: Archaludon
|-supereffective|p1a: Archaludon
|-damage|p1a: Archaludon|0 fnt
|faint|p1a: Archaludon
|
|-weather|SunnyDay|[upkeep]
|-heal|p2a: Torkoal|95/100|[from] Grassy Terrain
|-heal|p2b: Gallade|22/100 par|[from] Grassy Terrain
|-heal|p1b: Rillaboom|72/100|[from] Grassy Terrain
|upkeep
|
|t:|1754715453
|switch|p1a: Politoed|Politoed, L50, F|100/100
|-weather|RainDance|[from] ability: Drizzle|[of] p1a: Politoed
|turn|5
|
|t:|1754715471
|switch|p2a: Indeedee|Indeedee-F, L50, F|88/100
|-fieldstart|move: Psychic Terrain|[from] ability: Psychic Surge|[of] p2a: Indeedee
|move|p2b: Gallade|Wide Guard|p2b: Gallade
|-singleturn|p2b: Gallade|Wide Guard
|move|p1a: Politoed|Muddy Water|p2a: Indeedee|[spread] 
|-activate|p2a: Indeedee|move: Wide Guard
|-activate|p2b: Gallade|move: Wide Guard
|move|p1b: Rillaboom|Bullet Seed|p2a: Indeedee
|-damage|p2a: Indeedee|74/100
|-damage|p2a: Indeedee|60/100
|-damage|p2a: Indeedee|47/100
|-crit|p2a: Indeedee
|-damage|p2a: Indeedee|26/100
|-hitcount|p2a: Indeedee|4
|
|-weather|RainDance|[upkeep]
|-fieldend|move: Trick Room
|upkeep
|turn|6
|
|t:|1754715495
|move|p2a: Indeedee|Follow Me|p2a: Indeedee
|-singleturn|p2a: Indeedee|move: Follow Me
|move|p1b: Rillaboom|High Horsepower|p2a: Indeedee
|-damage|p2a: Indeedee|0 fnt
|faint|p2a: Indeedee
|move|p1a: Politoed|Earth Power|p2b: Gallade
|-supereffective|p2b: Gallade
|-damage|p2b: Gallade|0 fnt
|faint|p2b: Gallade
|
|-weather|RainDance|[upkeep]
|upkeep
|
|t:|1754715504
|switch|p2b: Torkoal|Torkoal, L50, F|95/100
|switch|p2a: Ursaluna|Ursaluna, L50, F|100/100
|-weather|SunnyDay|[from] ability: Drought|[of] p2b: Torkoal
|turn|7
|
|t:|1754715518
|switch|p1a: Kilowattrel|Kilowattrel, L50, F|26/100
|move|p2a: Ursaluna|Protect|p2a: Ursaluna
|-singleturn|p2a: Ursaluna|Protect
|move|p1b: Rillaboom|High Horsepower|p2b: Torkoal
|-supereffective|p2b: Torkoal
|-damage|p2b: Torkoal|38/100
|move|p2b: Torkoal|Weather Ball|p1b: Rillaboom
|-supereffective|p1b: Rillaboom
|-damage|p1b: Rillaboom|0 fnt
|faint|p1b: Rillaboom
|
|-weather|SunnyDay|[upkeep]
|-status|p2a: Ursaluna|brn|[from] item: Flame Orb
|upkeep
|
|t:|1754715529
|switch|p1b: Politoed|Politoed, L50, F|100/100
|-weather|RainDance|[from] ability: Drizzle|[of] p1b: Politoed
|turn|8
|
|t:|1754715540
|move|p1a: Kilowattrel|Hurricane|p2b: Torkoal
|-damage|p2b: Torkoal|0 fnt
|faint|p2b: Torkoal
|move|p1b: Politoed|Muddy Water|p2a: Ursaluna
|-supereffective|p2a: Ursaluna
|-damage|p2a: Ursaluna|0 fnt
|faint|p2a: Ursaluna
|
|win|Metallicmadness
|raw|Metallicmadness's rating: 1344 → 1356(+12 for winning)
|raw|takeshivgc-test's rating: 1195 → 1180(-15 for losing)
|l|☆Metallicmadness
|player|p1|
