|j|☆la cabra1
|j|☆al.fo1234
|html|la cabra1al.fo1234    
|uhtml|bestof|Game 1 of a best-of-3
|t:|1783083190
|gametype|doubles
|player|p1|la cabra1|volkner|1293
|player|p2|al.fo1234|acetrainer-gen4dp|1204
|gen|9
|tier|[Gen 9 Champions] VGC 2026 Reg M-B (Bo3)
|rated|
|rule|Species Clause: Limit one of each Pokémon
|rule|Item Clause: Limit 1 of each item
|clearpoke
|poke|p1|Aerodactyl, L50, F|
|poke|p1|Garchomp, L50, M|
|poke|p1|Kingambit, L50, M|
|poke|p1|Charizard, L50, F|
|poke|p1|Sylveon, L50, M|
|poke|p1|Farigiraf, L50, M|
|poke|p2|Swampert, L50, F|
|poke|p2|Pelipper, L50, F|
|poke|p2|Venusaur, L50, F|
|poke|p2|Archaludon, L50, M|
|poke|p2|Basculegion, L50, M|
|poke|p2|Sableye, L50, M|
|teampreview|4
|showteam|p1|Aerodactyl||Aerodactylite|Unnerve|IceFang,RockSlide,Tailwind,DualWingbeat|Jolly||F|||50|]Garchomp||LifeOrb|RoughSkin|DragonClaw,StompingTantrum,Earthquake,Protect|Jolly||M|||50|]Kingambit||FocusSash|Defiant|SuckerPunch,KowtowCleave,IronHead,LowKick|Adamant||M|||50|]Charizard||CharizarditeY|SolarPower|Protect,HeatWave,SolarBeam,WeatherBall|Modest||F|||50|]Sylveon||FairyFeather|Pixilate|Protect,HyperVoice,HyperBeam,QuickAttack|Modest||M|||50|]Farigiraf||SitrusBerry|ArmorTail|TrickRoom,Thunderbolt,Psychic,Roar|Bold||M|||50|
|showteam|p2|Swampert||Swampertite|Torrent|WaveCrash,Protect,Earthquake,IcePunch|Serious||F|||50|]Pelipper||FocusSash|Drizzle|WeatherBall,Protect,Hurricane,Tailwind|Serious||F|||50|]Venusaur||Venusaurite|Overgrow|GigaDrain,SludgeBomb,EarthPower,Protect|Bold||F|||50|]Archaludon||Leftovers|Stamina|ElectroShot,DragonPulse,FlashCannon,Protect|Bold||M|||50|]Basculegion||ChoiceScarf|SwiftSwim|AquaJet,FlipTurn,WaveCrash,LastRespects|Adamant||M|||50|]Sableye||RoseliBerry|Prankster|LightScreen,Reflect,WillOWisp,RainDance|Careful||M|||50|
|inactive|Battle timer is ON: inactive players will automatically lose when time's up. (requested by la cabra1)
|inactive|al.fo1234 has 60 seconds left.
|
|t:|1783083240
|teamsize|p1|4
|teamsize|p2|4
|start
|switch|p1a: Sylveon|Sylveon, L50, M|100/100
|switch|p1b: Farigiraf|Farigiraf, L50, M|100/100
|switch|p2a: Sableye|Sableye, L50, M|100/100
|switch|p2b: Basculegion|Basculegion, L50, M|100/100
|turn|1
|
|t:|1783083261
|move|p1a: Sylveon|Protect|p1a: Sylveon
|-singleturn|p1a: Sylveon|Protect
|move|p2a: Sableye|Light Screen|p2a: Sableye
|-sidestart|p2: al.fo1234|move: Light Screen
|move|p2b: Basculegion|Wave Crash|p1a: Sylveon
|-activate|p1a: Sylveon|move: Protect
|move|p1b: Farigiraf|Trick Room|p1b: Farigiraf
|-fieldstart|move: Trick Room|[of] p1b: Farigiraf
|
|upkeep
|turn|2
|inactive|al.fo1234 has 30 seconds left.
|
|t:|1783083291
|move|p2a: Sableye|Rain Dance|p2a: Sableye
|-weather|RainDance
|move|p1b: Farigiraf|Thunderbolt|p2b: Basculegion
|-supereffective|p2b: Basculegion|1
|-damage|p2b: Basculegion|66/100
|move|p1a: Sylveon|Hyper Beam|p2b: Basculegion
|-damage|p2b: Basculegion|0 fnt
|-mustrecharge|p1a: Sylveon
|faint|p2b: Basculegion
|
|-weather|RainDance|[upkeep]
|upkeep
|
|t:|1783083299
|switch|p2b: Swampert|Swampert, L50, F|100/100
|turn|3
|
|t:|1783083308
|switch|p2a: Pelipper|Pelipper, L50, F|100/100
|detailschange|p2b: Swampert|Swampert-Mega, L50, F
|-mega|p2b: Swampert|Swampert|Swampertite
|move|p1b: Farigiraf|Psychic|p2b: Swampert
|-damage|p2b: Swampert|82/100
|cant|p1a: Sylveon|recharge
|move|p2b: Swampert|Earthquake|p1a: Sylveon|[spread] p1a,p1b
|-immune|p2a: Pelipper
|-crit|p1b: Farigiraf
|-damage|p1a: Sylveon|50/100g
|-damage|p1b: Farigiraf|55/100
|
|-weather|RainDance|[upkeep]
|upkeep
|turn|4
|
|t:|1783083326
|switch|p2a: Sableye|Sableye, L50, M|100/100
|move|p2b: Swampert|Protect|p2b: Swampert
|-singleturn|p2b: Swampert|Protect
|move|p1b: Farigiraf|Thunderbolt|p2a: Sableye
|-damage|p2a: Sableye|85/100
|move|p1a: Sylveon|Hyper Beam|p2a: Sableye
|-supereffective|p2a: Sableye|1
|-enditem|p2a: Sableye|Roseli Berry|[eat]
|-enditem|p2a: Sableye|Roseli Berry|[weaken]
|-damage|p2a: Sableye|14/100
|-mustrecharge|p1a: Sylveon
|
|-weather|RainDance|[upkeep]
|upkeep
|turn|5
|
|t:|1783083343
|move|p2a: Sableye|Will-O-Wisp||[still]
|cant|p1b: Farigiraf|ability: Armor Tail|Will-O-Wisp|[of] p2a: Sableye
|move|p1b: Farigiraf|Thunderbolt|p2a: Sableye
|-damage|p2a: Sableye|0 fnt
|faint|p2a: Sableye
|cant|p1a: Sylveon|recharge
|move|p2b: Swampert|Earthquake|p1b: Farigiraf|[spread] p1a,p1b
|-damage|p1a: Sylveon|7/100
|-damage|p1b: Farigiraf|24/100
|-enditem|p1b: Farigiraf|Sitrus Berry|[eat]
|-heal|p1b: Farigiraf|49/100|[from] item: Sitrus Berry
|
|-weather|RainDance|[upkeep]
|-sideend|p2: al.fo1234|move: Light Screen
|-fieldend|move: Trick Room
|upkeep
|
|t:|1783083355
|switch|p2a: Pelipper|Pelipper, L50, F|100/100
|turn|6
|
|t:|1783083365
|move|p1a: Sylveon|Quick Attack|p2a: Pelipper
|-damage|p2a: Pelipper|82/100
|move|p2b: Swampert|Earthquake|p1a: Sylveon|[spread] p1a,p1b
|-immune|p2a: Pelipper
|-damage|p1a: Sylveon|0 fnt
|-damage|p1b: Farigiraf|20/100y
|faint|p1a: Sylveon
|move|p2a: Pelipper|Tailwind|p2a: Pelipper
|-sidestart|p2: al.fo1234|move: Tailwind
|move|p1b: Farigiraf|Thunderbolt|p2a: Pelipper
|-supereffective|p2a: Pelipper|2
|-damage|p2a: Pelipper|0 fnt
|faint|p2a: Pelipper
|
|-weather|none
|upkeep
|
|t:|1783083370
|switch|p1a: Charizard|Charizard, L50, F|100/100
|turn|7
|
|t:|1783083375
|detailschange|p1a: Charizard|Charizard-Mega-Y, L50, F
|-mega|p1a: Charizard|Charizard|Charizardite Y
|-weather|SunnyDay|[from] ability: Drought|[of] p1a: Charizard
|move|p2b: Swampert|Wave Crash|p1a: Charizard
|-supereffective|p1a: Charizard|1
|-damage|p1a: Charizard|36/100
|-damage|p2b: Swampert|63/100|[from] Recoil
|move|p1a: Charizard|Solar Beam||[still]
|-prepare|p1a: Charizard|Solar Beam
|-anim|p1a: Charizard|Solar Beam|p2b: Swampert
|-supereffective|p2b: Swampert|2
|-damage|p2b: Swampert|0 fnt
|faint|p2b: Swampert
|
|win|la cabra1
||al.fo1234 is ready for game 2.
||la cabra1 is ready for game 2.
|uhtml|next|Next: Game 2 of 3
