|j|☆PandaMXL
|j|☆goodfish6211
|html|PandaMXLgoodfish6211    
|uhtml|bestof|Game 2 of a best-of-3
|t:|1784796319
|gametype|doubles
|player|p1|PandaMXL|chuck|1082
|player|p2|goodfish6211|102|1104
|gen|9
|tier|[Gen 9 Champions] VGC 2026 Reg M-B (Bo3)
|rated|
|rule|Species Clause: Limit one of each Pokémon
|rule|Item Clause: Limit 1 of each item
|clearpoke
|poke|p1|Swampert, L50, M, shiny|
|poke|p1|Basculegion, L50, M, shiny|
|poke|p1|Pelipper, L50, M, shiny|
|poke|p1|Politoed, L50, M, shiny|
|poke|p1|Sneasler, L50, F, shiny|
|poke|p1|Cofagrigus, L50, M, shiny|
|poke|p2|Incineroar, L50, M|
|poke|p2|Sneasler, L50, F, shiny|
|poke|p2|Whimsicott, L50, M|
|poke|p2|Sinistcha-Masterpiece, L50|
|poke|p2|Sylveon, L50, M, shiny|
|poke|p2|Tyranitar, L50, M|
|teampreview|4
|showteam|p1|Swampert||Swampertite|Torrent|Earthquake,IcePunch,PoisonJab,Protect|Jolly||M|||50|]Basculegion||LifeOrb|SwiftSwim|PsychicFangs,LastRespects,Liquidation,Protect|Adamant||M|||50|]Pelipper||SharpBeak|Drizzle|Hurricane,Tailwind,Surf,Protect|Bold||M|||50|]Politoed||SitrusBerry|Drizzle|Encore,WeatherBall,IcyWind,Protect|Calm||M|||50|]Sneasler||WhiteHerb|PoisonTouch|FakeOut,CloseCombat,DireClaw,Protect|Jolly||F|||50|]Cofagrigus||Leftovers|Mummy|BodyPress,WillOWisp,Hex,IronDefense|Bold||M|||50|
|showteam|p2|Incineroar||PasshoBerry|Intimidate|FakeOut,FlareBlitz,DarkestLariat,PartingShot|Adamant||M|||50|]Sneasler||WhiteHerb|Unburden|CloseCombat,FakeOut,DireClaw,Protect|Adamant||F|||50|]Whimsicott||FocusSash|Prankster|Tailwind,Moonblast,Encore,Protect|Timid||M|||50|]Sinistcha-Masterpiece||SitrusBerry|Hospitality|MatchaGotcha,TrickRoom,RagePowder,Protect|Bold|||||50|]Sylveon||LifeOrb|Pixilate|HyperVoice,QuickAttack,DrainingKiss,Protect|Modest||M|||50|]Tyranitar||Tyranitarite|SandStream|KnockOff,RockSlide,DragonDance,Protect|Adamant||M|||50|
|inactive|Battle timer is ON: inactive players will automatically lose when time's up. (requested by goodfish6211)
|inactive|PandaMXL also wants the timer to be on.
|inactive|goodfish6211 has 60 seconds left.
|
|t:|1784796371
|teamsize|p1|4
|teamsize|p2|4
|start
|switch|p1a: Politoed|Politoed, L50, M, shiny|100/100
|switch|p1b: Sneasler|Sneasler, L50, F, shiny|100/100
|switch|p2a: Whimsicott|Whimsicott, L50, M|100/100
|switch|p2b: Sylveon|Sylveon, L50, M, shiny|100/100
|-weather|RainDance|[from] ability: Drizzle|[of] p1a: Politoed
|turn|1
|
|t:|1784796392
|move|p2a: Whimsicott|Protect|p2a: Whimsicott
|-singleturn|p2a: Whimsicott|Protect
|move|p2b: Sylveon|Protect|p2b: Sylveon
|-singleturn|p2b: Sylveon|Protect
|move|p1b: Sneasler|Dire Claw|p2b: Sylveon
|-activate|p2b: Sylveon|move: Protect
|move|p1a: Politoed|Weather Ball|p2b: Sylveon
|-activate|p2b: Sylveon|move: Protect
|
|-weather|RainDance|[upkeep]
|upkeep
|turn|2
|inactive|PandaMXL has 30 seconds left.
|inactive|goodfish6211 has 30 seconds left.
|
|t:|1784796424
|move|p2a: Whimsicott|Tailwind|p2a: Whimsicott
|-sidestart|p2: goodfish6211|move: Tailwind
|move|p2b: Sylveon|Hyper Voice|p1a: Politoed|[spread] p1a,p1b
|-damage|p1a: Politoed|55/100
|-damage|p1b: Sneasler|30/100
|-damage|p2b: Sylveon|90/100|[from] item: Life Orb
|move|p1b: Sneasler|Dire Claw|p2a: Whimsicott
|-supereffective|p2a: Whimsicott|2
|-enditem|p2a: Whimsicott|Focus Sash
|-damage|p2a: Whimsicott|1/100
|-status|p2a: Whimsicott|psn
|move|p1a: Politoed|Icy Wind|p2a: Whimsicott|[spread] p2a,p2b
|-supereffective|p2a: Whimsicott|1
|-damage|p2a: Whimsicott|0 fnt
|-damage|p2b: Sylveon|81/100
|-unboost|p2b: Sylveon|spe|1
|faint|p2a: Whimsicott
|
|-weather|RainDance|[upkeep]
|upkeep
|
|t:|1784796436
|switch|p2a: Sneasler|Sneasler, L50, F, shiny|100/100
|turn|3
|
|t:|1784796449
|move|p1b: Sneasler|Protect|p1b: Sneasler
|-singleturn|p1b: Sneasler|Protect
|move|p1a: Politoed|Protect|p1a: Politoed
|-singleturn|p1a: Politoed|Protect
|move|p2a: Sneasler|Close Combat|p1b: Sneasler
|-activate|p1b: Sneasler|move: Protect
|move|p2b: Sylveon|Hyper Voice|p1b: Sneasler|[spread] 
|-activate|p1a: Politoed|move: Protect
|-activate|p1b: Sneasler|move: Protect
|
|-weather|RainDance|[upkeep]
|upkeep
|turn|4
|
|t:|1784796468
|switch|p1b: Pelipper|Pelipper, L50, M, shiny|100/100
|switch|p2b: Tyranitar|Tyranitar, L50, M|100/100
|-weather|Sandstorm|[from] ability: Sand Stream|[of] p2b: Tyranitar
|move|p2a: Sneasler|Close Combat|p1a: Politoed
|-crit|p1a: Politoed
|-damage|p1a: Politoed|0 fnt
|-unboost|p2a: Sneasler|def|1
|-unboost|p2a: Sneasler|spd|1
|faint|p1a: Politoed
|-enditem|p2a: Sneasler|White Herb
|-clearnegativeboost|p2a: Sneasler|[silent]
|
|-weather|Sandstorm|[upkeep]
|-damage|p2a: Sneasler|94/100|[from] Sandstorm
|-damage|p1b: Pelipper|94/100|[from] Sandstorm
|upkeep
|
|t:|1784796485
|switch|p1a: Sneasler|Sneasler, L50, F, shiny|30/100
|turn|5
|inactive|goodfish6211 has 30 seconds left.
|inactive|goodfish6211 has 20 seconds left.
|inactive|goodfish6211 has 15 seconds left.
|inactive|PandaMXL has 30 seconds left.
|
|t:|1784796535
|detailschange|p2b: Tyranitar|Tyranitar-Mega, L50, M
|-mega|p2b: Tyranitar|Tyranitar|Tyranitarite
|move|p2a: Sneasler|Close Combat|p1a: Sneasler
|-resisted|p1a: Sneasler|1
|-damage|p1a: Sneasler|0 fnt
|-unboost|p2a: Sneasler|def|1
|-unboost|p2a: Sneasler|spd|1
|faint|p1a: Sneasler
|move|p2b: Tyranitar|Dragon Dance|p2b: Tyranitar
|-boost|p2b: Tyranitar|atk|1
|-boost|p2b: Tyranitar|spe|1
|move|p1b: Pelipper|Tailwind|p1b: Pelipper
|-sidestart|p1: PandaMXL|move: Tailwind
|
|-weather|Sandstorm|[upkeep]
|-damage|p2a: Sneasler|88/100|[from] Sandstorm
|-damage|p1b: Pelipper|88/100|[from] Sandstorm
|-sideend|p2: goodfish6211|move: Tailwind
|upkeep
|
|t:|1784796549
|switch|p1a: Swampert|Swampert, L50, M, shiny|100/100
|turn|6
|
|t:|1784796564
|switch|p2a: Sylveon|Sylveon, L50, M, shiny|81/100
|detailschange|p1a: Swampert|Swampert-Mega, L50, M, shiny
|-mega|p1a: Swampert|Swampert|Swampertite
|move|p2b: Tyranitar|Protect|p2b: Tyranitar
|-singleturn|p2b: Tyranitar|Protect
|move|p1a: Swampert|Earthquake|p2b: Tyranitar|[spread] p2a
|-activate|p2b: Tyranitar|move: Protect
|-immune|p1b: Pelipper
|-crit|p2a: Sylveon
|-damage|p2a: Sylveon|0 fnt
|faint|p2a: Sylveon
|move|p1b: Pelipper|Hurricane|p2b: Tyranitar
|-activate|p2b: Tyranitar|move: Protect
|
|-weather|Sandstorm|[upkeep]
|-damage|p1b: Pelipper|83/100|[from] Sandstorm
|upkeep
|
|t:|1784796572
|switch|p2a: Sneasler|Sneasler, L50, F, shiny|88/100
|turn|7
|
|t:|1784796584
|move|p1a: Swampert|Protect|p1a: Swampert
|-singleturn|p1a: Swampert|Protect
|move|p2a: Sneasler|Fake Out|p1a: Swampert
|-activate|p1a: Swampert|move: Protect
|move|p2b: Tyranitar|Dragon Dance|p2b: Tyranitar
|-boost|p2b: Tyranitar|atk|1
|-boost|p2b: Tyranitar|spe|1
|move|p1b: Pelipper|Surf|p2b: Tyranitar|[spread] p2a,p2b
|-activate|p1a: Swampert|move: Protect
|-supereffective|p2b: Tyranitar|1
|-damage|p2a: Sneasler|53/100
|-damage|p2b: Tyranitar|69/100
|
|-weather|Sandstorm|[upkeep]
|-damage|p2a: Sneasler|47/100|[from] Sandstorm
|-damage|p1b: Pelipper|77/100|[from] Sandstorm
|upkeep
|turn|8
|
|t:|1784796601
|move|p1a: Swampert|Earthquake|p2b: Tyranitar|[spread] p2a,p2b
|-immune|p1b: Pelipper
|-supereffective|p2a: Sneasler|1
|-supereffective|p2b: Tyranitar|1
|-damage|p2a: Sneasler|0 fnt
|-damage|p2b: Tyranitar|2/100
|faint|p2a: Sneasler
|move|p2b: Tyranitar|Knock Off|p1a: Swampert
|-damage|p1a: Swampert|13/100
|move|p1b: Pelipper|Surf|p2b: Tyranitar|[spread] p1a,p2b
|-supereffective|p2b: Tyranitar|1
|-damage|p1a: Swampert|0 fnt
|-damage|p2b: Tyranitar|0 fnt
|faint|p1a: Swampert
|faint|p2b: Tyranitar
|
|win|PandaMXL
||goodfish6211 is ready for game 3.
|inactive|PandaMXL has 30 seconds to confirm battle start!
||PandaMXL is ready for game 3.
|uhtml|next|Next: Game 3 of 3
|l|☆PandaMXL
|player|p1|
