|j|☆johnyg13nb
|j|☆freudianbreath
|html|johnyg13nbfreudianbreath    
|uhtml|bestof|Game 1 of a best-of-3
|t:|1782339291
|gametype|doubles
|player|p1|johnyg13nb|170|1026
|player|p2|freudianbreath|2|1106
|gen|9
|tier|[Gen 9 Champions] VGC 2026 Reg M-B (Bo3)
|rated|
|rule|Species Clause: Limit one of each Pokémon
|rule|Item Clause: Limit 1 of each item
|clearpoke
|poke|p1|Raichu, L50, F|
|poke|p1|Espathra, L50, F, shiny|
|poke|p1|Eelektross, L50, F|
|poke|p1|Garchomp, L50, M|
|poke|p1|Whimsicott, L50, F, shiny|
|poke|p1|Incineroar, L50, F|
|poke|p2|Staraptor, L50, M|
|poke|p2|Meganium, L50, F|
|poke|p2|Rotom-Heat, L50|
|poke|p2|Gholdengo, L50|
|poke|p2|Clefable, L50, F|
|poke|p2|Tyranitar, L50, M|
|teampreview|4
|showteam|p1|Raichu||WiseGlasses|LightningRod|Thunderbolt,GrassKnot,FakeOut,Protect|Serious||F|||50|]Espathra||MentalHerb|SpeedBoost|Protect,CalmMind,StoredPower,BatonPass|Bold||F|||50|]Eelektross||Eelektrossite|Levitate|Discharge,Protect,Flamethrower,FlashCannon|Timid||F|||50|]Garchomp||LifeOrb|RoughSkin|Earthquake,RockSlide,Protect,DragonClaw|Jolly||M|||50|]Whimsicott||FocusSash|Prankster|Tailwind,Encore,Moonblast,WorrySeed|Bold||F|||50|]Incineroar||ChopleBerry|Intimidate|FakeOut,PartingShot,FlareBlitz,DarkestLariat|Adamant||F|||50|
|showteam|p2|Staraptor||ChoiceScarf|Intimidate|Uturn,CloseCombat,BraveBird,Tailwind|Jolly||M|||50|]Meganium||Meganiumite|Overgrow|Protect,SolarBeam,DazzlingGleam,WeatherBall|Timid||F|||50|]Rotom-Heat||SitrusBerry|Levitate|WillOWisp,VoltSwitch,LightScreen,Overheat|Timid|||||50|]Gholdengo||LifeOrb|GoodasGold|MakeItRain,NastyPlot,Protect,ShadowBall|Timid|||||50|]Clefable||Leftovers|Unaware|HelpingHand,FollowMe,Moonblast,FakeTears|Calm||F|||50|]Tyranitar||Tyranitarite|SandStream|RockSlide,KnockOff,LowKick,DragonDance|Adamant||M|||50|
|c|☆freudianbreath|I never learned what mega eelektross's ability does actually
|c|☆freudianbreath|Guess I'll find out
|c|☆johnyg13nb|basically levitate plus beast boost
|
|t:|1782339429
|teamsize|p1|4
|teamsize|p2|4
|start
|switch|p1a: Espathra|Espathra, L50, F, shiny|100/100
|switch|p1b: Raichu|Raichu, L50, F|100/100
|switch|p2a: Tyranitar|Tyranitar, L50, M|100/100
|switch|p2b: Staraptor|Staraptor, L50, M|100/100
|-ability|p2b: Staraptor|Intimidate|boost
|-unboost|p1a: Espathra|atk|1
|-unboost|p1b: Raichu|atk|1
|-weather|Sandstorm|[from] ability: Sand Stream|[of] p2a: Tyranitar
|turn|1
|
|t:|1782339503
|switch|p2b: Rotom|Rotom-Heat, L50|100/100
|move|p1b: Raichu|Fake Out|p2a: Tyranitar
|-resisted|p2a: Tyranitar|1
|-damage|p2a: Tyranitar|97/100
|move|p1a: Espathra|Calm Mind|p1a: Espathra
|-boost|p1a: Espathra|spa|1
|-boost|p1a: Espathra|spd|1
|cant|p2a: Tyranitar|flinch
|
|-weather|Sandstorm|[upkeep]
|-damage|p2b: Rotom|93/100|[from] Sandstorm
|-damage|p1b: Raichu|94/100|[from] Sandstorm
|-damage|p1a: Espathra|94/100|[from] Sandstorm
|-ability|p1a: Espathra|Speed Boost|boost
|-boost|p1a: Espathra|spe|1
|upkeep
|turn|2
|
|t:|1782339537
|move|p1a: Espathra|Baton Pass|p1a: Espathra
|
|t:|1782339538
|switch|p1a: Eelektross|Eelektross, L50, F|100/100|[from] Baton Pass
|move|p2b: Rotom|Light Screen|p2b: Rotom
|-sidestart|p2: freudianbreath|move: Light Screen
|move|p1b: Raichu|Grass Knot|p2a: Tyranitar
|-supereffective|p2a: Tyranitar|1
|-damage|p2a: Tyranitar|71/100
|move|p2a: Tyranitar|Dragon Dance|p2a: Tyranitar
|-boost|p2a: Tyranitar|atk|1
|-boost|p2a: Tyranitar|spe|1
|
|-weather|Sandstorm|[upkeep]
|-damage|p1a: Eelektross|93/100|[from] Sandstorm
|-damage|p2b: Rotom|87/100|[from] Sandstorm
|-damage|p1b: Raichu|88/100|[from] Sandstorm
|upkeep
|turn|3
|
|t:|1782339599
|detailschange|p2a: Tyranitar|Tyranitar-Mega, L50, M
|-mega|p2a: Tyranitar|Tyranitar|Tyranitarite
|move|p2a: Tyranitar|Rock Slide|p1b: Raichu|[spread] p1a,p1b
|-crit|p1b: Raichu
|-damage|p1a: Eelektross|19/100
|-damage|p1b: Raichu|0 fnt
|faint|p1b: Raichu
|move|p1a: Eelektross|Discharge|p2a: Tyranitar|[spread] p2a,p2b
|-resisted|p2b: Rotom|1
|-damage|p2a: Tyranitar|55/100
|-damage|p2b: Rotom|70/100
|-status|p2a: Tyranitar|par
|move|p2b: Rotom|Overheat|p1a: Eelektross
|-damage|p1a: Eelektross|0 fnt
|-unboost|p2b: Rotom|spa|2
|faint|p1a: Eelektross
|
|-weather|Sandstorm|[upkeep]
|-damage|p2b: Rotom|64/100|[from] Sandstorm
|upkeep
|
|t:|1782339613
|switch|p1b: Garchomp|Garchomp, L50, M|100/100
|switch|p1a: Espathra|Espathra, L50, F, shiny|94/100
|turn|4
|c|☆freudianbreath|Oo I like mega tytanitar LMAO
|c|☆johnyg13nb|lotta damage
|
|t:|1782339665
|move|p1a: Espathra|Protect|p1a: Espathra
|-singleturn|p1a: Espathra|Protect
|move|p1b: Garchomp|Rock Slide|p2b: Rotom|[spread] p2a,p2b
|-supereffective|p2b: Rotom|1
|-damage|p2a: Tyranitar|37/100 par
|-damage|p2b: Rotom|1/100
|-enditem|p2b: Rotom|Sitrus Berry|[eat]
|-heal|p2b: Rotom|25/100|[from] item: Sitrus Berry
|-damage|p1b: Garchomp|90/100|[from] item: Life Orb
|cant|p2b: Rotom|flinch
|cant|p2a: Tyranitar|flinch
|
|-weather|Sandstorm|[upkeep]
|-damage|p2b: Rotom|19/100|[from] Sandstorm
|-damage|p1a: Espathra|88/100|[from] Sandstorm
|-ability|p1a: Espathra|Speed Boost|boost
|-boost|p1a: Espathra|spe|1
|upkeep
|turn|5
|
|t:|1782339717
|move|p1a: Espathra|Stored Power|p2b: Rotom
|-damage|p2b: Rotom|6/100
|move|p1b: Garchomp|Dragon Claw|p2a: Tyranitar
|-damage|p2a: Tyranitar|0 fnt
|faint|p2a: Tyranitar
|-damage|p1b: Garchomp|80/100|[from] item: Life Orb
|move|p2b: Rotom|Will-O-Wisp|p1b: Garchomp
|-status|p1b: Garchomp|brn
|
|-weather|none
|-damage|p1b: Garchomp|74/100 brn|[from] brn
|-ability|p1a: Espathra|Speed Boost|boost
|-boost|p1a: Espathra|spe|1
|upkeep
|
|t:|1782339758
|switch|p2a: Staraptor|Staraptor, L50, M|100/100
|-ability|p2a: Staraptor|Intimidate|boost
|-unboost|p1a: Espathra|atk|1
|-unboost|p1b: Garchomp|atk|1
|turn|6
|
|t:|1782339795
|move|p2a: Staraptor|Brave Bird|p1a: Espathra
|-damage|p1a: Espathra|19/100
|-damage|p2a: Staraptor|71/100|[from] Recoil
|move|p1a: Espathra|Calm Mind|p1a: Espathra
|-boost|p1a: Espathra|spa|1
|-boost|p1a: Espathra|spd|1
|move|p1b: Garchomp|Rock Slide|p2b: Rotom|[spread] p2a,p2b
|-supereffective|p2a: Staraptor|1
|-supereffective|p2b: Rotom|1
|-damage|p2a: Staraptor|47/100
|-damage|p2b: Rotom|0 fnt
|faint|p2b: Rotom
|-damage|p1b: Garchomp|64/100 brn|[from] item: Life Orb
|
|-damage|p1b: Garchomp|58/100 brn|[from] brn
|-sideend|p2: freudianbreath|move: Light Screen
|-ability|p1a: Espathra|Speed Boost|boost
|-boost|p1a: Espathra|spe|1
|upkeep
|
|t:|1782339808
|switch|p2b: Gholdengo|Gholdengo, L50|100/100
|turn|7
|
|t:|1782339853
|move|p1a: Espathra|Stored Power|p2a: Staraptor
|-damage|p2a: Staraptor|0 fnt
|faint|p2a: Staraptor
|move|p1b: Garchomp|Rock Slide|p2b: Gholdengo
|-resisted|p2b: Gholdengo|1
|-damage|p2b: Gholdengo|93/100
|-damage|p1b: Garchomp|49/100 brn|[from] item: Life Orb
|move|p2b: Gholdengo|Make It Rain|p1b: Garchomp|[spread] p1a,p1b
|-damage|p1a: Espathra|0 fnt
|-damage|p1b: Garchomp|0 fnt
|-unboost|p2b: Gholdengo|spa|2
|faint|p1a: Espathra
|faint|p1b: Garchomp
|-damage|p2b: Gholdengo|84/100|[from] item: Life Orb
|
|win|freudianbreath
|inactive|johnyg13nb has 30 seconds to confirm battle start!
|inactive|freudianbreath has 30 seconds to confirm battle start!
|c|☆johnyg13nb|Gg
|inactive|johnyg13nb has 20 seconds to confirm battle start!
|inactive|freudianbreath has 20 seconds to confirm battle start!
|c|☆johnyg13nb|ill give the set i gotta go tinker with this team
|l|☆freudianbreath
|player|p2|
|l|☆johnyg13nb
|player|p1|
|inactive|johnyg13nb has 10 seconds to confirm battle start!
|inactive|freudianbreath has 10 seconds to confirm battle start!
|raw|johnyg13nb's rating: 1026 → 1015(-11 for losing)
|raw|freudianbreath's rating: 1106 → 1125(+19 for winning)
|j|☆freudianbreath
|player|p2|freudianbreath|2|
