|j|☆freudianbreath
|j|☆GitGud243
|html|freudianbreathGitGud243    
|uhtml|bestof|Game 1 of a best-of-3
|t:|1784491385
|gametype|doubles
|player|p1|freudianbreath|265|1127
|player|p2|GitGud243|bruno|1040
|gen|9
|tier|[Gen 9 Champions] VGC 2026 Reg M-B (Bo3)
|rated|
|rule|Species Clause: Limit one of each Pokémon
|rule|Item Clause: Limit 1 of each item
|clearpoke
|poke|p1|Pyroar, L50, M|
|poke|p1|Vileplume, L50, F|
|poke|p1|Torkoal, L50, M|
|poke|p1|Incineroar, L50, F|
|poke|p1|Floette-Eternal, L50, F|
|poke|p1|Farigiraf, L50, M|
|poke|p2|Chesnaught, L50, F|
|poke|p2|Rotom-Wash, L50|
|poke|p2|Incineroar, L50, M|
|poke|p2|Excadrill, L50, F|
|poke|p2|Farigiraf, L50, M|
|poke|p2|Tyranitar, L50, M|
|teampreview|4
|showteam|p1|Pyroar||Pyroarite|Unnerve|Protect,Overheat,HeatWave,SolarBeam|Timid||M|||50|]Vileplume||FocusSash|Chlorophyll|SleepPowder,AfterYou,SludgeBomb,SolarBeam|Timid||F|||50|]Torkoal||Charcoal|Drought|Protect,HelpingHand,Eruption,WeatherBall|Quiet||M|||50|]Incineroar||WhiteHerb|Intimidate|FakeOut,FlareBlitz,DarkestLariat,CloseCombat|Brave||F|||50|]Floette-Eternal||Floettite|FlowerVeil|Protect,CalmMind,Moonblast,DrainingKiss|Modest||F|||50|]Farigiraf||SitrusBerry|ArmorTail|HelpingHand,TrickRoom,Psychic,Thunderbolt|Relaxed||M|||50|
|showteam|p2|Chesnaught||Chesnaughtite|Bulletproof|BodyPress,WoodHammer,SpikyShield,IronDefense|Relaxed||F|||50|]Rotom-Wash||ChoiceScarf|Levitate|HydroPump,Trick,Thunderbolt,VoltSwitch|Modest|||||50|]Incineroar||SitrusBerry|Intimidate|DarkestLariat,FlareBlitz,PartingShot,FakeOut|Adamant||M|||50|]Excadrill||FocusSash|SandRush|Protect,SwordsDance,HighHorsepower,IronHead|Adamant||F|||50|]Farigiraf||LumBerry|ArmorTail|Psychic,Protect,HelpingHand,TrickRoom|Calm||M|||50|]Tyranitar||ChopleBerry|SandStream|RockSlide,Protect,LowKick,KnockOff|Adamant||M|||50|
|
|t:|1784491484
|teamsize|p1|4
|teamsize|p2|4
|start
|switch|p1a: Vileplume|Vileplume, L50, F|100/100
|switch|p1b: Torkoal|Torkoal, L50, M|100/100
|switch|p2a: Excadrill|Excadrill, L50, F|100/100
|switch|p2b: Tyranitar|Tyranitar, L50, M|100/100
|-weather|Sandstorm|[from] ability: Sand Stream|[of] p2b: Tyranitar
|-weather|SunnyDay|[from] ability: Drought|[of] p1b: Torkoal
|turn|1
|
|t:|1784491556
|move|p1b: Torkoal|Protect|p1b: Torkoal
|-singleturn|p1b: Torkoal|Protect
|move|p1a: Vileplume|Sleep Powder|p2a: Excadrill|[miss]
|-miss|p1a: Vileplume|p2a: Excadrill
|move|p2a: Excadrill|High Horsepower|p1b: Torkoal
|-activate|p1b: Torkoal|move: Protect
|move|p2b: Tyranitar|Rock Slide|p1a: Vileplume|[spread] 
|-activate|p1b: Torkoal|move: Protect
|-miss|p2b: Tyranitar|p1a: Vileplume
|
|-weather|SunnyDay|[upkeep]
|upkeep
|turn|2
|
|t:|1784491614
|move|p1a: Vileplume|Solar Beam||[still]
|-prepare|p1a: Vileplume|Solar Beam
|-anim|p1a: Vileplume|Solar Beam|p2b: Tyranitar
|-supereffective|p2b: Tyranitar|1
|-damage|p2b: Tyranitar|26/100
|move|p2a: Excadrill|High Horsepower|p1b: Torkoal
|-supereffective|p1b: Torkoal|1
|-damage|p1b: Torkoal|7/100
|move|p2b: Tyranitar|Rock Slide|p1a: Vileplume|[spread] p1a,p1b
|-supereffective|p1b: Torkoal|1
|-damage|p1a: Vileplume|57/100
|-damage|p1b: Torkoal|0 fnt
|faint|p1b: Torkoal
|
|-weather|SunnyDay|[upkeep]
|upkeep
|
|t:|1784491642
|switch|p1b: Pyroar|Pyroar, L50, M|100/100
|-ability|p1b: Pyroar|Unnerve
|turn|3
|
|t:|1784491695
|detailschange|p1b: Pyroar|Pyroar-Mega, L50, M
|-mega|p1b: Pyroar|Pyroar|Pyroarite
|move|p2b: Tyranitar|Protect|p2b: Tyranitar
|-singleturn|p2b: Tyranitar|Protect
|move|p1a: Vileplume|Solar Beam||[still]
|-prepare|p1a: Vileplume|Solar Beam
|-anim|p1a: Vileplume|Solar Beam|p2a: Excadrill
|-damage|p2a: Excadrill|24/100
|move|p1b: Pyroar|Heat Wave|p2b: Tyranitar|[spread] p2a
|-activate|p2b: Tyranitar|move: Protect
|-supereffective|p2a: Excadrill|1
|-damage|p2a: Excadrill|0 fnt
|faint|p2a: Excadrill
|
|-weather|SunnyDay|[upkeep]
|upkeep
|
|t:|1784491713
|switch|p2a: Farigiraf|Farigiraf, L50, M|100/100
|turn|4
|
|t:|1784491759
|move|p1a: Vileplume|Sludge Bomb|p2a: Farigiraf
|-damage|p2a: Farigiraf|66/100
|-status|p2a: Farigiraf|psn
|-enditem|p2a: Farigiraf|Lum Berry|[eat]
|-curestatus|p2a: Farigiraf|psn|[msg]
|move|p1b: Pyroar|Heat Wave|p2b: Tyranitar|[spread] p2a,p2b
|-resisted|p2b: Tyranitar|1
|-damage|p2a: Farigiraf|8/100
|-damage|p2b: Tyranitar|0 fnt
|faint|p2b: Tyranitar
|move|p2a: Farigiraf|Psychic|p1a: Vileplume
|-supereffective|p1a: Vileplume|1
|-damage|p1a: Vileplume|0 fnt
|faint|p1a: Vileplume
|
|-weather|SunnyDay|[upkeep]
|upkeep
|
|t:|1784491774
|switch|p1a: Farigiraf|Farigiraf, L50, M|100/100
|switch|p2b: Chesnaught|Chesnaught, L50, F|100/100
|turn|5
|
|t:|1784491814
|detailschange|p2b: Chesnaught|Chesnaught-Mega, L50, F
|-mega|p2b: Chesnaught|Chesnaught|Chesnaughtite
|move|p2b: Chesnaught|Spiky Shield|p2b: Chesnaught
|-singleturn|p2b: Chesnaught|move: Protect
|move|p1b: Pyroar|Overheat|p2b: Chesnaught
|-activate|p2b: Chesnaught|move: Protect
|move|p1a: Farigiraf|Thunderbolt|p2a: Farigiraf
|-damage|p2a: Farigiraf|0 fnt
|faint|p2a: Farigiraf
|
|-weather|none
|upkeep
|turn|6
|
|t:|1784491832
|move|p1b: Pyroar|Overheat|p2b: Chesnaught|[miss]
|-miss|p1b: Pyroar|p2b: Chesnaught
|move|p1a: Farigiraf|Psychic|p2b: Chesnaught
|-supereffective|p2b: Chesnaught|1
|-damage|p2b: Chesnaught|46/100
|move|p2b: Chesnaught|Iron Defense|p2b: Chesnaught
|-boost|p2b: Chesnaught|def|2
|
|upkeep
|turn|7
|
|t:|1784491853
|move|p2b: Chesnaught|Spiky Shield|p2b: Chesnaught
|-singleturn|p2b: Chesnaught|move: Protect
|move|p1b: Pyroar|Heat Wave|p2b: Chesnaught
|-activate|p2b: Chesnaught|move: Protect
|move|p1a: Farigiraf|Psychic|p2b: Chesnaught
|-activate|p2b: Chesnaught|move: Protect
|
|upkeep
|turn|8
|
|t:|1784491863
|move|p1b: Pyroar|Heat Wave|p2b: Chesnaught
|-supereffective|p2b: Chesnaught|1
|-crit|p2b: Chesnaught
|-damage|p2b: Chesnaught|0 fnt
|faint|p2b: Chesnaught
|
|win|freudianbreath
