|j|☆Diglett1
|j|☆GuardianGamer101
|html|Diglett1GuardianGamer101    
|uhtml|bestof|Game 1 of a best-of-3
|t:|1783313351
|gametype|doubles
|player|p1|Diglett1|swimmer|
|player|p2|GuardianGamer101|lass-gen4dp|
|gen|9
|tier|[Gen 9 Champions] VGC 2026 Reg M-B (Bo3)
|rule|Species Clause: Limit one of each Pokémon
|rule|Item Clause: Limit 1 of each item
|clearpoke
|poke|p1|Meowstic, L50, M, shiny|
|poke|p1|Torkoal, L50, F|
|poke|p1|Kingambit, L50, F|
|poke|p1|Garchomp, L50, M, shiny|
|poke|p1|Delphox, L50, M, shiny|
|poke|p1|Farigiraf, L50, F, shiny|
|poke|p2|Scovillain, L50, F|
|poke|p2|Feraligatr, L50, F|
|poke|p2|Sylveon, L50, M|
|poke|p2|Kingambit, L50, F|
|poke|p2|Ceruledge, L50, F, shiny|
|poke|p2|Aerodactyl, L50, M|
|teampreview|4
|showteam|p1|Meowstic||FocusSash|Prankster|SkillSwap,FakeOut,PsychicTerrain,Protect|Sassy||M|||50|]Torkoal||HeatRock|Drought|Eruption,Flamethrower,Protect,StealthRock|Bold||F|||50|]Kingambit||LumBerry|SupremeOverlord|SuckerPunch,SwordsDance,KowtowCleave,IronHead|Adamant||F|||50|]Garchomp||ChoiceScarf|RoughSkin|RockSlide,Earthquake,IronHead,DragonClaw|Jolly||M|||50|]Delphox||Delphoxite|Blaze|Flamethrower,DazzlingGleam,ExpandingForce,Substitute|Timid||M|||50|]Farigiraf||Leftovers|ArmorTail|TrickRoom,Psychic,HyperVoice,Protect|Sassy||F|||50|
|showteam|p2|Scovillain||Scovillainite|Moody|Overheat,LeechSeed,RagePowder,Protect|Calm||F|||50|]Feraligatr||LifeOrb|SheerForce|Liquidation,RockSlide,DragonDance,Protect|Adamant||F|||50|]Sylveon||FairyFeather|Pixilate|HyperVoice,HyperBeam,QuickAttack,Detect|Modest||M|||50|]Kingambit||ChopleBerry|Defiant|SuckerPunch,KowtowCleave,IronHead,Protect|Adamant||F|||50|]Ceruledge||Charcoal|FlashFire|BitterBlade,ThroatChop,BulkUp,Protect|Adamant||F|||50|]Aerodactyl||FocusSash|Unnerve|RockSlide,DualWingbeat,Tailwind,WideGuard|Jolly||M|||50|
|inactive|Battle timer is ON: inactive players will automatically lose when time's up. (requested by GuardianGamer101)
|inactiveoff|Battle timer is now OFF.
|j| ShmebKing
|
|t:|1783313435
|teamsize|p1|4
|teamsize|p2|4
|start
|switch|p1a: Andy's whore wife|Delphox, L50, M, shiny|100/100
|switch|p1b: Le Mon|Meowstic, L50, M, shiny|100/100
|switch|p2a: Basc at home|Feraligatr, L50, F|100/100
|switch|p2b: Aerodactyl|Aerodactyl, L50, M|100/100
|-ability|p2b: Aerodactyl|Unnerve
|turn|1
|
|t:|1783313532
|switch|p1a: Racist|Kingambit, L50, F|100/100
|move|p1b: Le Mon|Fake Out|p2b: Aerodactyl
|-resisted|p2b: Aerodactyl|1
|-damage|p2b: Aerodactyl|95/100
|cant|p2b: Aerodactyl|flinch
|move|p2a: Basc at home|Dragon Dance|p2a: Basc at home
|-boost|p2a: Basc at home|atk|1
|-boost|p2a: Basc at home|spe|1
|
|upkeep
|turn|2
|
|t:|1783313568
|switch|p2b: Ceruledge|Ceruledge, L50, F, shiny|100/100
|move|p1b: Le Mon|Psychic Terrain|p1b: Le Mon
|-fieldstart|move: Psychic Terrain
|move|p1a: Racist|Sucker Punch||[still]
|-fail|p1a: Racist
|move|p2a: Basc at home|Dragon Dance|p2a: Basc at home
|-boost|p2a: Basc at home|atk|1
|-boost|p2a: Basc at home|spe|1
|
|upkeep
|turn|3
|
|t:|1783313607
|switch|p1b: Pedrophile|Garchomp, L50, M, shiny|100/100
|-end|p1a: Racist|fallenundefined|[silent]
|switch|p1a: Andy's whore wife|Delphox, L50, M, shiny|100/100
|move|p2a: Basc at home|Rock Slide|p1b: Pedrophile|[spread] p1a,p1b
|-supereffective|p1a: Andy's whore wife|1
|-resisted|p1b: Pedrophile|1
|-damage|p1a: Andy's whore wife|0 fnt
|-damage|p1b: Pedrophile|71/100
|faint|p1a: Andy's whore wife
|move|p2b: Ceruledge|Bulk Up|p2b: Ceruledge
|-boost|p2b: Ceruledge|atk|1
|-boost|p2b: Ceruledge|def|1
|
|upkeep
|
|t:|1783313612
|switch|p1a: Le Mon|Meowstic, L50, M, shiny|100/100
|turn|4
|
|t:|1783313633
|move|p1a: Le Mon|Skill Swap|p2b: Ceruledge
|-activate|p2b: Ceruledge|move: Psychic Terrain
|move|p1b: Pedrophile|Rock Slide|p2b: Ceruledge|[spread] p2a,p2b
|-supereffective|p2b: Ceruledge|1
|-damage|p2a: Basc at home|80/100
|-damage|p2b: Ceruledge|74/100
|move|p2a: Basc at home|Liquidation|p1b: Pedrophile
|-damage|p1b: Pedrophile|0 fnt
|-damage|p2a: Basc at home|68/100|[from] ability: Rough Skin|[of] p1b: Pedrophile
|faint|p1b: Pedrophile
|cant|p2b: Ceruledge|flinch
|
|upkeep
|
|t:|1783313639
|switch|p1b: Racist|Kingambit, L50, F|100/100
|-activate|p1b: Racist|ability: Supreme Overlord
|-start|p1b: Racist|fallen2|[silent]
|turn|5
|
|t:|1783313658
|move|p1a: Le Mon|Protect|p1a: Le Mon
|-singleturn|p1a: Le Mon|Protect
|move|p2a: Basc at home|Dragon Dance|p2a: Basc at home
|-boost|p2a: Basc at home|atk|1
|-boost|p2a: Basc at home|spe|1
|move|p2b: Ceruledge|Bitter Blade|p1b: Racist
|-supereffective|p1b: Racist|1
|-damage|p1b: Racist|0 fnt
|-heal|p2b: Ceruledge|100/100|[from] drain|[of] p1b: Racist
|faint|p1b: Racist
|-end|p1b: Racist|fallen2|[silent]
|
|upkeep
|turn|6
|
|t:|1783313672
|move|p1a: Le Mon|Protect||[still]
|-fail|p1a: Le Mon
|move|p2a: Basc at home|Liquidation|p1a: Le Mon
|-enditem|p1a: Le Mon|Focus Sash
|-damage|p1a: Le Mon|1/100
|move|p2b: Ceruledge|Bitter Blade|p1a: Le Mon
|-damage|p1a: Le Mon|0 fnt
|faint|p1a: Le Mon
|
|win|GuardianGamer101
||Diglett1 is ready for game 2.
|inactive|GuardianGamer101 has 30 seconds to confirm battle start!
|inactive|GuardianGamer101 has 20 seconds to confirm battle start!
||GuardianGamer101 is ready for game 2.
|uhtml|next|Next: Game 2 of 3
|l|☆Diglett1
|player|p1|
