|j|☆NemoAK
|j|☆IronStandsEternal
|html|NemoAKIronStandsEternal    
|uhtml|bestof|Game 3 of a best-of-3
|t:|1757084055
|gametype|doubles
|player|p1|NemoAK|101|1159
|player|p2|IronStandsEternal|flint|1180
|gen|9
|tier|[Gen 9] VGC 2025 Reg H (Bo3)
|rated|
|rule|Species Clause: Limit one of each Pokémon
|rule|Item Clause: Limit 1 of each item
|clearpoke
|poke|p1|Armarouge, L50, M|
|poke|p1|Garchomp, L50, M|
|poke|p1|Indeedee-F, L50, F|
|poke|p1|Murkrow, L50, M|
|poke|p1|Kingdra, L50, M|
|poke|p1|Torkoal, L50, F|
|poke|p2|Rillaboom, L50, M|
|poke|p2|Dragonite, L50, M|
|poke|p2|Sneasler, L50, M|
|poke|p2|Ninetales-Alola, L50, F|
|poke|p2|Kingambit, L50, M|
|poke|p2|Volcarona, L50, M|
|teampreview|4
|showteam|p1|Armarouge||PowerHerb|FlashFire|ExpandingForce,ArmorCannon,MeteorBeam,TrickRoom|||M|||50|,,,,,Bug]Garchomp||LifeOrb|RoughSkin|BreakingSwipe,Protect,StompingTantrum,Earthquake|||M|||50|,,,,,Fairy]Indeedee-F||SafetyGoggles|PsychicSurge|Psychic,TrickRoom,HelpingHand,FollowMe|||F|||50|,,,,,Fairy]Murkrow||Eviolite|Prankster|FoulPlay,RainDance,Haze,Tailwind|||M|||50|,,,,,Ghost]Kingdra||MysticWater|SwiftSwim|WeatherBall,DracoMeteor,MuddyWater,Protect|||M|||50|,,,,,Water]Torkoal||Charcoal|Drought|Eruption,HeatWave,EarthPower,Protect|||F|||50|,,,,,Fire
|showteam|p2|Rillaboom||AssaultVest|GrassySurge|WoodHammer,GrassyGlide,HighHorsepower,FakeOut|||M|||50|,,,,,Fire]Dragonite||LoadedDice|Multiscale|Protect,ScaleShot,LowKick,Haze|||M|||50|,,,,,Fairy]Sneasler||WhiteHerb|Unburden|Protect,DireClaw,CloseCombat,Coaching|||M|||50|,,,,,Ghost]Ninetales-Alola||ChoiceSpecs|SnowWarning|Blizzard,IcyWind,Moonblast,FreezeDry|||F|||50|,,,,,Ghost]Kingambit||SafetyGoggles|Defiant|Protect,KowtowCleave,SuckerPunch,SwordsDance|||M|||50|,,,,,Dark]Volcarona||CovertCloak|FlameBody|StruggleBug,RagePowder,Overheat,WillOWisp|||M|||50|,,,,,Fairy
|inactive|Battle timer is ON: inactive players will automatically lose when time's up. (requested by NemoAK)
|inactive|IronStandsEternal has 60 seconds left.
|
|t:|1757084117
|teamsize|p1|4
|teamsize|p2|4
|start
|switch|p1a: Garchomp|Garchomp, L50, M|100/100
|switch|p1b: Armarouge|Armarouge, L50, M|100/100
|switch|p2a: Dragonite|Dragonite, L50, M|100/100
|switch|p2b: Volcarona|Volcarona, L50, M|100/100
|turn|1
|inactive|IronStandsEternal has 30 seconds left.
|
|t:|1757084145
|-terastallize|p1a: Garchomp|Fairy
|-terastallize|p2a: Dragonite|Fairy
|move|p1a: Garchomp|Breaking Swipe|p2b: Volcarona|[spread] p2b
|-immune|p2a: Dragonite
|-crit|p2b: Volcarona
|-damage|p2b: Volcarona|52/100
|-status|p1a: Garchomp|brn|[from] ability: Flame Body|[of] p2b: Volcarona
|-damage|p1a: Garchomp|91/100 brn|[from] item: Life Orb
|move|p2b: Volcarona|Will-O-Wisp|p1a: Garchomp
|-fail|p1a: Garchomp|brn
|move|p2a: Dragonite|Scale Shot|p1b: Armarouge
|-damage|p1b: Armarouge|86/100
|-damage|p1b: Armarouge|71/100
|-damage|p1b: Armarouge|58/100
|-damage|p1b: Armarouge|43/100
|-damage|p1b: Armarouge|29/100
|-hitcount|p1b: Armarouge|5
|-unboost|p2a: Dragonite|def|1
|-boost|p2a: Dragonite|spe|1
|move|p1b: Armarouge|Trick Room|p1b: Armarouge
|-fieldstart|move: Trick Room|[of] p1b: Armarouge
|
|-damage|p1a: Garchomp|85/100 brn|[from] brn
|upkeep
|turn|2
|inactive|NemoAK has 30 seconds left.
|inactive|IronStandsEternal has 30 seconds left.
|inactive|IronStandsEternal has 20 seconds left.
|inactive|IronStandsEternal has 15 seconds left.
|
|t:|1757084189
|switch|p2b: Kingambit|Kingambit, L50, M|100/100
|switch|p1a: Indeedee|Indeedee-F, L50, F|100/100
|-fieldstart|move: Psychic Terrain|[from] ability: Psychic Surge|[of] p1a: Indeedee
|move|p2a: Dragonite|Protect|p2a: Dragonite
|-singleturn|p2a: Dragonite|Protect
|move|p1b: Armarouge|Expanding Force|p2b: Kingambit|[spread] 
|-activate|p2a: Dragonite|move: Protect
|-immune|p2b: Kingambit
|
|upkeep
|turn|3
|inactive|IronStandsEternal has 30 seconds left.
|inactive|IronStandsEternal has 20 seconds left.
|inactive|IronStandsEternal has 15 seconds left.
|inactive|IronStandsEternal has 10 seconds left.
|
|t:|1757084235
|move|p1a: Indeedee|Follow Me|p1a: Indeedee
|-singleturn|p1a: Indeedee|move: Follow Me
|move|p2b: Kingambit|Kowtow Cleave|p1a: Indeedee
|-supereffective|p1a: Indeedee
|-damage|p1a: Indeedee|0 fnt
|faint|p1a: Indeedee
|move|p1b: Armarouge|Armor Cannon|p2b: Kingambit
|-supereffective|p2b: Kingambit
|-damage|p2b: Kingambit|0 fnt
|-unboost|p1b: Armarouge|def|1
|-unboost|p1b: Armarouge|spd|1
|faint|p2b: Kingambit
|move|p2a: Dragonite|Scale Shot|p1b: Armarouge
|-damage|p1b: Armarouge|10/100
|-damage|p1b: Armarouge|0 fnt
|faint|p1b: Armarouge
|-hitcount|p1: Armarouge|2
|-unboost|p2a: Dragonite|def|1
|-boost|p2a: Dragonite|spe|1
|
|upkeep
|
|t:|1757084255
|switch|p2b: Rillaboom|Rillaboom, L50, M|100/100
|switch|p1b: Garchomp|Garchomp, L50, M, tera:Fairy|85/100 brn
|switch|p1a: Torkoal|Torkoal, L50, F|100/100
|-weather|SunnyDay|[from] ability: Drought|[of] p1a: Torkoal
|-fieldstart|move: Grassy Terrain|[from] ability: Grassy Surge|[of] p2b: Rillaboom
|turn|4
|inactive|IronStandsEternal has 30 seconds left.
|
|t:|1757084289
|move|p2b: Rillaboom|Fake Out|p1a: Torkoal
|-damage|p1a: Torkoal|88/100
|cant|p1a: Torkoal|flinch
|move|p1b: Garchomp|Stomping Tantrum|p2a: Dragonite
|-damage|p2a: Dragonite|73/100
|-damage|p1b: Garchomp|75/100 brn|[from] item: Life Orb
|move|p2a: Dragonite|Scale Shot|p1a: Torkoal
|-damage|p1a: Torkoal|74/100
|-damage|p1a: Torkoal|60/100
|-damage|p1a: Torkoal|45/100
|-damage|p1a: Torkoal|30/100
|-damage|p1a: Torkoal|17/100
|-hitcount|p1a: Torkoal|5
|-unboost|p2a: Dragonite|def|1
|-boost|p2a: Dragonite|spe|1
|
|-weather|SunnyDay|[upkeep]
|-heal|p1a: Torkoal|23/100|[from] Grassy Terrain
|-heal|p1b: Garchomp|81/100 brn|[from] Grassy Terrain
|-heal|p2a: Dragonite|79/100|[from] Grassy Terrain
|-damage|p1b: Garchomp|75/100 brn|[from] brn
|upkeep
|turn|5
|inactive|IronStandsEternal has 30 seconds left.
|
|t:|1757084317
|switch|p2b: Volcarona|Volcarona, L50, M|52/100
|move|p2a: Dragonite|Protect|p2a: Dragonite
|-singleturn|p2a: Dragonite|Protect
|move|p1a: Torkoal|Heat Wave|p2b: Volcarona|[spread] p2b
|-activate|p2a: Dragonite|move: Protect
|-damage|p2b: Volcarona|0 fnt
|faint|p2b: Volcarona
|move|p1b: Garchomp|Breaking Swipe|p2a: Dragonite
|-activate|p2a: Dragonite|move: Protect
|
|-weather|SunnyDay|[upkeep]
|-heal|p1a: Torkoal|29/100|[from] Grassy Terrain
|-heal|p1b: Garchomp|81/100 brn|[from] Grassy Terrain
|-heal|p2a: Dragonite|85/100|[from] Grassy Terrain
|-damage|p1b: Garchomp|75/100 brn|[from] brn
|-fieldend|move: Trick Room
|upkeep
|
|t:|1757084328
|switch|p2b: Rillaboom|Rillaboom, L50, M|100/100
|turn|6
|
|t:|1757084339
|move|p1b: Garchomp|Protect|p1b: Garchomp
|-singleturn|p1b: Garchomp|Protect
|move|p2a: Dragonite|Scale Shot|p1a: Torkoal
|-damage|p1a: Torkoal|16/100
|-damage|p1a: Torkoal|1/100
|-damage|p1a: Torkoal|0 fnt
|faint|p1a: Torkoal
|-hitcount|p1: Torkoal|3
|-unboost|p2a: Dragonite|def|1
|-boost|p2a: Dragonite|spe|1
|move|p2b: Rillaboom|Wood Hammer|p1b: Garchomp
|-activate|p1b: Garchomp|move: Protect
|
|-weather|SunnyDay|[upkeep]
|-heal|p2a: Dragonite|91/100|[from] Grassy Terrain
|-heal|p1b: Garchomp|81/100 brn|[from] Grassy Terrain
|-damage|p1b: Garchomp|75/100 brn|[from] brn
|upkeep
|turn|7
|
|t:|1757084359
|move|p2a: Dragonite|Low Kick|p1b: Garchomp
|-resisted|p1b: Garchomp
|-damage|p1b: Garchomp|58/100 brn
|-damage|p2a: Dragonite|79/100|[from] ability: Rough Skin|[of] p1b: Garchomp
|move|p1b: Garchomp|Breaking Swipe|p2a: Dragonite|[spread] p2b
|-immune|p2a: Dragonite
|-damage|p2b: Rillaboom|85/100
|-unboost|p2b: Rillaboom|atk|1
|-damage|p1b: Garchomp|49/100 brn|[from] item: Life Orb
|move|p2b: Rillaboom|Wood Hammer|p1b: Garchomp
|-damage|p1b: Garchomp|0 fnt
|-damage|p2b: Rillaboom|73/100|[from] ability: Rough Skin|[of] p1b: Garchomp
|faint|p1b: Garchomp
|-damage|p2b: Rillaboom|58/100|[from] Recoil
|
|win|IronStandsEternal
|raw|NemoAK's rating: 1159 → 1136(-23 for losing)
|raw|IronStandsEternal's rating: 1180 → 1203(+23 for winning)
|l|☆NemoAK
|player|p1|
