|j|☆Awesome Person III
|j|☆spacesnake11
|html|Awesome Person IIIspacesnake11    
|uhtml|bestof|Game 2 of a best-of-3
|t:|1757693034
|gametype|doubles
|player|p1|Awesome Person III|fisherman-gen4|1439
|player|p2|spacesnake11|ghetsis|1356
|gen|9
|tier|[Gen 9] VGC 2025 Reg H (Bo3)
|rated|
|rule|Species Clause: Limit one of each Pokémon
|rule|Item Clause: Limit 1 of each item
|clearpoke
|poke|p1|Dragonite, L50, M|
|poke|p1|Incineroar, L50, M|
|poke|p1|Rillaboom, L50, M|
|poke|p1|Sneasler, L50, F|
|poke|p1|Gholdengo, L50|
|poke|p1|Ursaluna-Bloodmoon, L50, M|
|poke|p2|Baxcalibur, L50, M|
|poke|p2|Sneasler, L50, F|
|poke|p2|Rillaboom, L50, M|
|poke|p2|Kingambit, L50, F|
|poke|p2|Volcarona, L50, M|
|poke|p2|Dondozo, L50, M|
|teampreview|4
|showteam|p1|Dragonite||LoadedDice|Multiscale|ScaleShot,Tailwind,Protect,Haze|||M|||50|,,,,,Fairy]Incineroar||SafetyGoggles|Intimidate|FlareBlitz,KnockOff,FakeOut,PartingShot|||M|||50|,,,,,Ghost]Rillaboom||MiracleSeed|GrassySurge|WoodHammer,GrassyGlide,HighHorsepower,FakeOut|||M|||50|,,,,,Water]Sneasler||FocusSash|Unburden|CloseCombat,DireClaw,ThroatChop,Protect|||F|||50|,,,,,Stellar]Gholdengo||LifeOrb|GoodasGold|MakeItRain,ShadowBall,Protect,NastyPlot||||||50|,,,,,Water]Ursaluna-Bloodmoon||AssaultVest|MindsEye|BloodMoon,EarthPower,HyperVoice,VacuumWave|||M|||50|,,,,,Electric
|showteam|p2|Baxcalibur||LoadedDice|ThermalExchange|ScaleShot,IcicleSpear,IceShard,Protect|||M|||50|,,,,,Ghost]Sneasler||FocusSash|Unburden|DireClaw,CloseCombat,Coaching,Protect|||F|||50|,,,,,Ghost]Rillaboom||AssaultVest|GrassySurge|FakeOut,GrassyGlide,WoodHammer,HighHorsepower|||M|||50|,,,,,Fire]Kingambit||SafetyGoggles|Defiant|KowtowCleave,SuckerPunch,SwordsDance,Protect|||F|||50|,,,,,Ghost]Volcarona||CovertCloak|FlameBody|HeatWave,TeraBlast,QuiverDance,RagePowder|||M|||50|,,,,,Fairy]Dondozo||Leftovers|Unaware|WaveCrash,Fissure,Yawn,Protect|||M|||50|,,,,,Poison
|inactive|Battle timer is ON: inactive players will automatically lose when time's up. (requested by Awesome Person III)
|inactive|spacesnake11 has 60 seconds left.
|
|t:|1757693070
|teamsize|p1|4
|teamsize|p2|4
|start
|switch|p1a: Ursaluna|Ursaluna-Bloodmoon, L50, M|100/100
|switch|p1b: Incineroar|Incineroar, L50, M|100/100
|switch|p2a: Rillaboom|Rillaboom, L50, M|100/100
|switch|p2b: Volcarona|Volcarona, L50, M|100/100
|-fieldstart|move: Grassy Terrain|[from] ability: Grassy Surge|[of] p2a: Rillaboom
|-ability|p1b: Incineroar|Intimidate|boost
|-unboost|p2a: Rillaboom|atk|1
|-unboost|p2b: Volcarona|atk|1
|turn|1
|inactive|Awesome Person III has 30 seconds left.
|inactive|spacesnake11 has 30 seconds left.
|inactive|Awesome Person III has 20 seconds left.
|inactive|spacesnake11 has 20 seconds left.
|
|t:|1757693109
|move|p2a: Rillaboom|Fake Out|p1a: Ursaluna
|-damage|p1a: Ursaluna|93/100
|move|p2b: Volcarona|Quiver Dance|p2b: Volcarona
|-boost|p2b: Volcarona|spa|1
|-boost|p2b: Volcarona|spd|1
|-boost|p2b: Volcarona|spe|1
|move|p1b: Incineroar|Parting Shot|p2b: Volcarona
|-unboost|p2b: Volcarona|atk|1
|-unboost|p2b: Volcarona|spa|1
|
|t:|1757693114
|switch|p1b: Sneasler|Sneasler, L50, F|100/100|[from] Parting Shot
|cant|p1a: Ursaluna|flinch
|
|-heal|p1a: Ursaluna|99/100|[from] Grassy Terrain
|upkeep
|turn|2
|inactive|spacesnake11 has 30 seconds left.
|inactive|spacesnake11 has 20 seconds left.
|
|t:|1757693153
|switch|p2a: Sneasler|Sneasler, L50, F|100/100
|move|p1a: Ursaluna|Vacuum Wave|p2a: Sneasler
|-resisted|p2a: Sneasler
|-damage|p2a: Sneasler|90/100
|move|p2b: Volcarona|Heat Wave|p1a: Ursaluna|[spread] p1a,p1b
|-damage|p1a: Ursaluna|79/100
|-damage|p1b: Sneasler|57/100
|move|p1b: Sneasler|Dire Claw|p2a: Sneasler
|-resisted|p2a: Sneasler
|-damage|p2a: Sneasler|56/100
|-status|p2a: Sneasler|slp
|
|-heal|p2a: Sneasler|61/100 slp|[from] Grassy Terrain
|-heal|p1b: Sneasler|63/100|[from] Grassy Terrain
|-heal|p1a: Ursaluna|85/100|[from] Grassy Terrain
|upkeep
|turn|3
|inactive|spacesnake11 has 30 seconds left.
|inactive|spacesnake11 has 20 seconds left.
|inactive|spacesnake11 has 15 seconds left.
|
|t:|1757693195
|switch|p1b: Incineroar|Incineroar, L50, M|100/100
|-ability|p1b: Incineroar|Intimidate|boost
|-unboost|p2a: Sneasler|atk|1
|-unboost|p2b: Volcarona|atk|1
|move|p2b: Volcarona|Quiver Dance|p2b: Volcarona
|-boost|p2b: Volcarona|spa|1
|-boost|p2b: Volcarona|spd|1
|-boost|p2b: Volcarona|spe|1
|cant|p2a: Sneasler|slp
|move|p1a: Ursaluna|Earth Power|p2a: Sneasler
|-supereffective|p2a: Sneasler
|-damage|p2a: Sneasler|0 fnt
|faint|p2a: Sneasler
|
|-heal|p1a: Ursaluna|92/100|[from] Grassy Terrain
|upkeep
|
|t:|1757693204
|switch|p2a: Baxcalibur|Baxcalibur, L50, M|100/100
|turn|4
|inactive|spacesnake11 has 30 seconds left.
|
|t:|1757693237
|-terastallize|p2a: Baxcalibur|Ghost
|move|p2b: Volcarona|Heat Wave|p1a: Ursaluna|[spread] p1a,p1b
|-resisted|p1b: Incineroar
|-damage|p1a: Ursaluna|60/100
|-damage|p1b: Incineroar|78/100
|move|p2a: Baxcalibur|Icicle Spear|p1a: Ursaluna
|-supereffective|p1a: Ursaluna
|-damage|p1a: Ursaluna|37/100
|-supereffective|p1a: Ursaluna
|-damage|p1a: Ursaluna|17/100
|-supereffective|p1a: Ursaluna
|-damage|p1a: Ursaluna|0 fnt
|faint|p1a: Ursaluna
|-hitcount|p1: Ursaluna|3
|move|p1b: Incineroar|Knock Off|p2a: Baxcalibur
|-supereffective|p2a: Baxcalibur
|-damage|p2a: Baxcalibur|28/100
|-enditem|p2a: Baxcalibur|Loaded Dice|[from] move: Knock Off|[of] p1b: Incineroar
|
|-heal|p2a: Baxcalibur|34/100|[from] Grassy Terrain
|-heal|p1b: Incineroar|84/100|[from] Grassy Terrain
|upkeep
|
|t:|1757693254
|switch|p1a: Dragonite|Dragonite, L50, M|100/100
|turn|5
|
|t:|1757693273
|-terastallize|p1a: Dragonite|Fairy
|move|p2b: Volcarona|Heat Wave|p1b: Incineroar|[spread] p1a
|-miss|p2b: Volcarona|p1b: Incineroar
|-damage|p1a: Dragonite|72/100
|move|p2a: Baxcalibur|Scale Shot|p1b: Incineroar
|-damage|p1b: Incineroar|72/100
|-damage|p1b: Incineroar|60/100
|-hitcount|p1b: Incineroar|2
|-unboost|p2a: Baxcalibur|def|1
|-boost|p2a: Baxcalibur|spe|1
|move|p1a: Dragonite|Haze|p1a: Dragonite
|-clearallboost
|move|p1b: Incineroar|Knock Off|p2a: Baxcalibur
|-supereffective|p2a: Baxcalibur
|-damage|p2a: Baxcalibur|0 fnt
|faint|p2a: Baxcalibur
|
|-heal|p1a: Dragonite|78/100|[from] Grassy Terrain
|-heal|p1b: Incineroar|66/100|[from] Grassy Terrain
|-fieldend|move: Grassy Terrain
|upkeep
|
|t:|1757693286
|switch|p2a: Rillaboom|Rillaboom, L50, M|100/100
|-fieldstart|move: Grassy Terrain|[from] ability: Grassy Surge|[of] p2a: Rillaboom
|turn|6
|
|t:|1757693308
|move|p2b: Volcarona|Quiver Dance|p2b: Volcarona
|-boost|p2b: Volcarona|spa|1
|-boost|p2b: Volcarona|spd|1
|-boost|p2b: Volcarona|spe|1
|move|p1a: Dragonite|Scale Shot|p2b: Volcarona
|-damage|p2b: Volcarona|83/100
|-damage|p2b: Volcarona|63/100
|-damage|p2b: Volcarona|44/100
|-damage|p2b: Volcarona|27/100
|-damage|p2b: Volcarona|9/100
|-hitcount|p2b: Volcarona|5
|-unboost|p1a: Dragonite|def|1
|-boost|p1a: Dragonite|spe|1
|move|p2a: Rillaboom|High Horsepower|p1b: Incineroar
|-supereffective|p1b: Incineroar
|-damage|p1b: Incineroar|3/100
|move|p1b: Incineroar|Flare Blitz|p2b: Volcarona
|-damage|p2b: Volcarona|0 fnt
|faint|p2b: Volcarona
|-damage|p1b: Incineroar|1/100|[from] Recoil
|
|-heal|p1a: Dragonite|84/100|[from] Grassy Terrain
|-heal|p1b: Incineroar|7/100|[from] Grassy Terrain
|upkeep
|turn|7
|inactive|spacesnake11 has 30 seconds left.
|
|t:|1757693334
|move|p2a: Rillaboom|Grassy Glide|p1b: Incineroar
|-resisted|p1b: Incineroar
|-damage|p1b: Incineroar|0 fnt
|faint|p1b: Incineroar
|move|p1a: Dragonite|Scale Shot|p2a: Rillaboom
|-damage|p2a: Rillaboom|86/100
|-damage|p2a: Rillaboom|72/100
|-damage|p2a: Rillaboom|59/100
|-damage|p2a: Rillaboom|45/100
|-damage|p2a: Rillaboom|32/100
|-hitcount|p2a: Rillaboom|5
|-unboost|p1a: Dragonite|def|1
|-boost|p1a: Dragonite|spe|1
|
|-heal|p1a: Dragonite|89/100|[from] Grassy Terrain
|-heal|p2a: Rillaboom|37/100|[from] Grassy Terrain
|upkeep
|
|t:|1757693337
|switch|p1b: Sneasler|Sneasler, L50, F|63/100
|turn|8
|
|t:|1757693348
|move|p1a: Dragonite|Scale Shot|p2a: Rillaboom
|-damage|p2a: Rillaboom|23/100
|-damage|p2a: Rillaboom|9/100
|-damage|p2a: Rillaboom|0 fnt
|faint|p2a: Rillaboom
|-hitcount|p2: Rillaboom|3
|
|win|Awesome Person III
|raw|Awesome Person III's rating: 1439 → 1454(+15 for winning)
|raw|spacesnake11's rating: 1356 → 1341(-15 for losing)
