|j|☆Olciax34
|j|☆AirBloom
|html|Olciax34AirBloom    
|uhtml|bestof|Game 2 of a best-of-3
|t:|1783635360
|gametype|doubles
|player|p1|Olciax34|clair|1243
|player|p2|AirBloom|sabrina|1354
|gen|9
|tier|[Gen 9 Champions] VGC 2026 Reg M-B (Bo3)
|rated|
|rule|Species Clause: Limit one of each Pokémon
|rule|Item Clause: Limit 1 of each item
|clearpoke
|poke|p1|Ceruledge, L50, F|
|poke|p1|Milotic, L50, F|
|poke|p1|Sinistcha, L50|
|poke|p1|Raichu, L50, F|
|poke|p1|Incineroar, L50, M|
|poke|p1|Floette-Eternal, L50, F|
|poke|p2|Camerupt, L50, M, shiny|
|poke|p2|Farigiraf, L50, F|
|poke|p2|Kingambit, L50, M|
|poke|p2|Vivillon-Pokeball, L50, M|
|poke|p2|Sylveon, L50, M, shiny|
|poke|p2|Sneasler, L50, M|
|teampreview|4
|showteam|p1|Ceruledge||ColburBerry|FlashFire|ShadowSneak,BitterBlade,BulkUp,Protect|Adamant||F|||50|]Milotic||Leftovers|Competitive|MuddyWater,Coil,Hypnosis,Protect|Bold||F|||50|]Sinistcha||KasibBerry|Hospitality|MatchaGotcha,LifeDew,RagePowder,StrengthSap|Calm|||||50|]Raichu||RaichuniteY|LightningRod|FakeOut,ZapCannon,FocusBlast,Protect|Modest||F|||50|]Incineroar||SitrusBerry|Intimidate|FakeOut,ThroatChop,FlareBlitz,PartingShot|Careful||M|||50|]Floette-Eternal||Floettite|FlowerVeil|CalmMind,DrainingKiss,Moonblast,Protect|Modest||F|||50|
|showteam|p2|Camerupt||Cameruptite|MagmaArmor|HeatWave,EarthPower,Protect,AncientPower|Quiet||M|||50|]Farigiraf||SitrusBerry|ArmorTail|TrickRoom,Thunderbolt,Psychic,HelpingHand|Calm||F|||50|]Kingambit||BlackGlasses|Defiant|KowtowCleave,SuckerPunch,SwordsDance,LowKick|Adamant||M|||50|]Vivillon-Pokeball||FocusSash|CompoundEyes|SleepPowder,Hurricane,RagePowder,Protect|Timid||M|||50|]Sylveon||LifeOrb|Pixilate|QuickAttack,HyperVoice,Detect,HyperBeam|Modest||M|||50|]Sneasler||IronBall|PoisonTouch|DireClaw,FakeOut,CloseCombat,Protect|Brave||M|||50|
|inactive|Battle timer is ON: inactive players will automatically lose when time's up. (requested by AirBloom)
|inactive|Olciax34 has 60 seconds left.
|inactive|AirBloom has 60 seconds left.
|inactive|Olciax34 has 30 seconds left.
|
|t:|1783635430
|teamsize|p1|4
|teamsize|p2|4
|start
|switch|p1a: Floette|Floette-Eternal, L50, F|100/100
|switch|p1b: Incineroar|Incineroar, L50, M|100/100
|switch|p2a: Vivillon|Vivillon-Pokeball, L50, M|100/100
|switch|p2b: Farigiraf|Farigiraf, L50, F|100/100
|-ability|p1b: Incineroar|Intimidate|boost
|-unboost|p2a: Vivillon|atk|1
|-unboost|p2b: Farigiraf|atk|1
|turn|1
|
|t:|1783635449
|detailschange|p1a: Floette|Floette-Mega, L50, F
|-mega|p1a: Floette|Floette|Floettite
|-ability|p1a: Floette|Fairy Aura
|move|p2a: Vivillon|Sleep Powder|p1a: Floette
|-status|p1a: Floette|slp|[from] move: Sleep Powder
|cant|p1a: Floette|slp
|move|p1b: Incineroar|Throat Chop|p2a: Vivillon
|-damage|p2a: Vivillon|39/100
|-start|p2a: Vivillon|Throat Chop|[silent]
|move|p2b: Farigiraf|Trick Room|p2b: Farigiraf
|-fieldstart|move: Trick Room|[of] p2b: Farigiraf
|
|upkeep
|turn|2
|
|t:|1783635464
|switch|p2b: Sneasler|Sneasler, L50, M|100/100
|move|p2a: Vivillon|Rage Powder|p2a: Vivillon
|-singleturn|p2a: Vivillon|move: Rage Powder
|move|p1b: Incineroar|Flare Blitz|p2a: Vivillon
|-supereffective|p2a: Vivillon|1
|-damage|p2a: Vivillon|0 fnt
|faint|p2a: Vivillon
|-damage|p1b: Incineroar|90/100|[from] Recoil
|-curestatus|p1a: Floette|slp|[msg]
|move|p1a: Floette|Calm Mind|p1a: Floette
|-boost|p1a: Floette|spa|1
|-boost|p1a: Floette|spd|1
|
|upkeep
|
|t:|1783635474
|switch|p2a: Camerupt|Camerupt, L50, M, shiny|100/100
|turn|3
|inactive|Olciax34 has 30 seconds left.
|inactive|AirBloom has 30 seconds left.
|inactive|Olciax34 has 20 seconds left.
|inactive|Olciax34 has 15 seconds left.
|
|t:|1783635516
|detailschange|p2a: Camerupt|Camerupt-Mega, L50, M, shiny
|-mega|p2a: Camerupt|Camerupt|Cameruptite
|move|p1a: Floette|Protect|p1a: Floette
|-singleturn|p1a: Floette|Protect
|move|p2a: Camerupt|Earth Power|p1b: Incineroar
|-supereffective|p1b: Incineroar|1
|-damage|p1b: Incineroar|0 fnt
|faint|p1b: Incineroar
|move|p2b: Sneasler|Dire Claw|p1a: Floette
|-activate|p1a: Floette|move: Protect
|
|upkeep
|
|t:|1783635526
|switch|p1b: Milotic|Milotic, L50, F|100/100
|turn|4
|
|t:|1783635547
|move|p2a: Camerupt|Heat Wave|p1b: Milotic|[spread] p1a,p1b
|-resisted|p1b: Milotic|1
|-crit|p1b: Milotic
|-damage|p1a: Floette|66/100
|-damage|p1b: Milotic|70/100
|move|p2b: Sneasler|Dire Claw|p1a: Floette
|-supereffective|p1a: Floette|1
|-damage|p1a: Floette|0 fnt
|faint|p1a: Floette
|move|p1b: Milotic|Muddy Water|p2a: Camerupt|[spread] p2a,p2b
|-supereffective|p2a: Camerupt|2
|-damage|p2a: Camerupt|9/100
|-damage|p2b: Sneasler|68/100
|-unboost|p2a: Camerupt|accuracy|1
|
|-heal|p1b: Milotic|76/100|[from] item: Leftovers
|upkeep
|
|t:|1783635559
|switch|p1a: Ceruledge|Ceruledge, L50, F|100/100
|turn|5
|
|t:|1783635575
|switch|p2a: Farigiraf|Farigiraf, L50, F|100/100
|move|p1a: Ceruledge|Protect|p1a: Ceruledge
|-singleturn|p1a: Ceruledge|Protect
|move|p2b: Sneasler|Dire Claw|p1b: Milotic
|-damage|p1b: Milotic|38/100
|-status|p1b: Milotic|par
|move|p1b: Milotic|Coil|p1b: Milotic
|-boost|p1b: Milotic|atk|1
|-boost|p1b: Milotic|def|1
|-boost|p1b: Milotic|accuracy|1
|
|-heal|p1b: Milotic|44/100 par|[from] item: Leftovers
|-fieldend|move: Trick Room
|upkeep
|turn|6
|inactive|Olciax34 has 30 seconds left.
|inactive|AirBloom has 30 seconds left.
|
|t:|1783635607
|move|p1a: Ceruledge|Bitter Blade|p2b: Sneasler
|-damage|p2b: Sneasler|9/100
|move|p2b: Sneasler|Dire Claw|p1b: Milotic
|-damage|p1b: Milotic|18/100 par
|move|p1b: Milotic|Hypnosis|p2a: Farigiraf
|-status|p2a: Farigiraf|slp|[from] move: Hypnosis
|cant|p2a: Farigiraf|slp
|
|-heal|p1b: Milotic|24/100 par|[from] item: Leftovers
|upkeep
|turn|7
|inactive|Olciax34 has 30 seconds left.
|
|t:|1783635634
|move|p2b: Sneasler|Protect|p2b: Sneasler
|-singleturn|p2b: Sneasler|Protect
|move|p1a: Ceruledge|Bitter Blade|p2b: Sneasler
|-activate|p2b: Sneasler|move: Protect
|move|p1b: Milotic|Muddy Water|p2a: Farigiraf|[spread] p2a
|-activate|p2b: Sneasler|move: Protect
|-damage|p2a: Farigiraf|82/100 slp
|-unboost|p2a: Farigiraf|accuracy|1
|cant|p2a: Farigiraf|slp
|
|-heal|p1b: Milotic|30/100 par|[from] item: Leftovers
|upkeep
|turn|8
|inactive|Olciax34 has 30 seconds left.
|inactive|Olciax34 has 20 seconds left.
|inactive|Olciax34 has 15 seconds left.
|
|t:|1783635677
|move|p1b: Milotic|Protect|p1b: Milotic
|-singleturn|p1b: Milotic|Protect
|move|p1a: Ceruledge|Bitter Blade|p2a: Farigiraf
|-damage|p2a: Farigiraf|38/100 slp
|-enditem|p2a: Farigiraf|Sitrus Berry|[eat]
|-heal|p2a: Farigiraf|63/100 slp|[from] item: Sitrus Berry
|move|p2b: Sneasler|Dire Claw|p1b: Milotic
|-activate|p1b: Milotic|move: Protect
|-curestatus|p2a: Farigiraf|slp|[msg]
|move|p2a: Farigiraf|Trick Room|p2a: Farigiraf
|-fieldstart|move: Trick Room|[of] p2a: Farigiraf
|
|-heal|p1b: Milotic|36/100 par|[from] item: Leftovers
|upkeep
|turn|9
|inactive|Olciax34 has 30 seconds left.
|inactive|Olciax34 has 20 seconds left.
|
|t:|1783635712
|move|p1b: Milotic|Muddy Water|p2a: Farigiraf|[spread] p2a,p2b
|-damage|p2a: Farigiraf|45/100
|-damage|p2b: Sneasler|0 fnt
|-unboost|p2a: Farigiraf|accuracy|1
|faint|p2b: Sneasler
|move|p2a: Farigiraf|Thunderbolt|p1b: Milotic|[miss]
|-miss|p2a: Farigiraf|p1b: Milotic
|move|p1a: Ceruledge|Bitter Blade|p2a: Farigiraf
|-damage|p2a: Farigiraf|5/100
|
|-heal|p1b: Milotic|42/100 par|[from] item: Leftovers
|upkeep
|
|t:|1783635719
|switch|p2b: Camerupt|Camerupt-Mega, L50, M, shiny|9/100
|turn|10
|inactive|Olciax34 has 30 seconds left.
|inactive|Olciax34 has 20 seconds left.
|
|t:|1783635755
|move|p1a: Ceruledge|Protect|p1a: Ceruledge
|-singleturn|p1a: Ceruledge|Protect
|move|p2b: Camerupt|Earth Power|p1b: Milotic
|-damage|p1b: Milotic|0 fnt
|faint|p1b: Milotic
|move|p2a: Farigiraf|Thunderbolt|p1a: Ceruledge
|-activate|p1a: Ceruledge|move: Protect
|
|upkeep
|turn|11
|
|t:|1783635770
|move|p2a: Farigiraf|Helping Hand|p2b: Camerupt
|-singleturn|p2b: Camerupt|Helping Hand|[of] p2a: Farigiraf
|move|p1a: Ceruledge|Protect||[still]
|-fail|p1a: Ceruledge
|move|p2b: Camerupt|Earth Power|p1a: Ceruledge
|-supereffective|p1a: Ceruledge|1
|-damage|p1a: Ceruledge|0 fnt
|faint|p1a: Ceruledge
|
|win|AirBloom
|raw|Olciax34's rating: 1243 → 1226(-17 for losing)
|raw|AirBloom's rating: 1354 → 1368(+14 for winning)
