|j|☆rodry3
|j|☆Dr. Toughlove
|html|rodry3Dr. Toughlove    
|uhtml|bestof|Game 2 of a best-of-3
|t:|1783551057
|gametype|doubles
|player|p1|rodry3|roxie|1161
|player|p2|Dr. Toughlove|hiker-gen4|1082
|gen|9
|tier|[Gen 9 Champions] VGC 2026 Reg M-B (Bo3)
|rated|
|rule|Species Clause: Limit one of each Pokémon
|rule|Item Clause: Limit 1 of each item
|clearpoke
|poke|p1|Charizard, L50, F|
|poke|p1|Sneasler, L50, M|
|poke|p1|Incineroar, L50, M|
|poke|p1|Sinistcha, L50|
|poke|p1|Milotic, L50, M|
|poke|p1|Chimecho, L50, F|
|poke|p2|Aerodactyl, L50, F|
|poke|p2|Basculegion, L50, M|
|poke|p2|Garchomp, L50, F|
|poke|p2|Rotom-Heat, L50|
|poke|p2|Sceptile, L50, M|
|poke|p2|Sylveon, L50, M|
|teampreview|4
|showteam|p1|Charizard||CharizarditeX|SolarPower|FlareBlitz,DragonClaw,DragonDance,Protect|Adamant||F|||50|]Sneasler||FocusSash|Unburden|FakeOut,CloseCombat,DireClaw,Protect|Naive||M|||50|]Incineroar||SitrusBerry|Intimidate|FakeOut,PartingShot,HelpingHand,FlareBlitz|Careful||M|||50|]Sinistcha||ColburBerry|Hospitality|MatchaGotcha,RagePowder,TrickRoom,Protect|Bold|||||50|]Milotic||Leftovers|Competitive|MuddyWater,Coil,Hypnosis,Protect|Calm||M|||50|]Chimecho||Chimechite|Levitate|FlashCannon,Psychic,CalmMind,Protect|Modest||F|||50|
|showteam|p2|Aerodactyl||Aerodactylite|Unnerve|Protect,Tailwind,RockSlide,DualWingbeat|Jolly||F|||50|]Basculegion||MysticWater|SwiftSwim|Protect,AquaJet,WaveCrash,LastRespects|Adamant||M|||50|]Garchomp||LifeOrb|RoughSkin|Protect,RockSlide,DragonClaw,Earthquake|Jolly||F|||50|]Rotom-Heat||ChoiceScarf|Levitate|Overheat,Thunderbolt,VoltSwitch,Discharge|Timid|||||50|]Sceptile||Sceptilite|Overgrow|Detect,EnergyBall,DragonPulse,EarthPower|Timid||M|||50|]Sylveon||FairyFeather|Pixilate|Detect,QuickAttack,HyperVoice,HyperBeam|Modest||M|||50|
|inactive|Battle timer is ON: inactive players will automatically lose when time's up. (requested by rodry3)
|inactive|Dr. Toughlove has 60 seconds left.
|
|t:|1783551095
|teamsize|p1|4
|teamsize|p2|4
|start
|switch|p1a: Charizard|Charizard, L50, F|100/100
|switch|p1b: Incineroar|Incineroar, L50, M|100/100
|switch|p2a: Basculegion|Basculegion, L50, M|100/100
|switch|p2b: Rotom|Rotom-Heat, L50|100/100
|-ability|p1b: Incineroar|Intimidate|boost
|-unboost|p2a: Basculegion|atk|1
|-unboost|p2b: Rotom|atk|1
|turn|1
|inactive|rodry3 has 30 seconds left.
|
|t:|1783551127
|switch|p1a: Sinistcha|Sinistcha, L50|100/100
|move|p1b: Incineroar|Fake Out|p2b: Rotom
|-damage|p2b: Rotom|86/100
|cant|p2b: Rotom|flinch
|move|p2a: Basculegion|Wave Crash|p1a: Sinistcha
|-resisted|p1a: Sinistcha|1
|-crit|p1a: Sinistcha
|-damage|p1a: Sinistcha|56/100
|-damage|p2a: Basculegion|87/100|[from] Recoil
|
|upkeep
|turn|2
|
|t:|1783551145
|switch|p2a: Garchomp|Garchomp, L50, F|100/100
|move|p1a: Sinistcha|Protect|p1a: Sinistcha
|-singleturn|p1a: Sinistcha|Protect
|move|p2b: Rotom|Volt Switch|p1b: Incineroar
|-damage|p1b: Incineroar|76/100
|
|t:|1783551154
|switch|p2b: Aerodactyl|Aerodactyl, L50, F|100/100|[from] Volt Switch
|-ability|p2b: Aerodactyl|Unnerve
|move|p1b: Incineroar|Parting Shot|p2a: Garchomp
|-unboost|p2a: Garchomp|atk|1
|-unboost|p2a: Garchomp|spa|1
|
|t:|1783551159
|switch|p1b: Sneasler|Sneasler, L50, M|100/100|[from] Parting Shot
|
|upkeep
|turn|3
|
|t:|1783551167
|switch|p2a: Rotom|Rotom-Heat, L50|86/100
|move|p2b: Aerodactyl|Protect|p2b: Aerodactyl
|-singleturn|p2b: Aerodactyl|Protect
|move|p1b: Sneasler|Fake Out|p2b: Aerodactyl
|-activate|p2b: Aerodactyl|move: Protect
|move|p1a: Sinistcha|Trick Room|p1a: Sinistcha
|-fieldstart|move: Trick Room|[of] p1a: Sinistcha
|
|upkeep
|turn|4
|inactive|rodry3 has 30 seconds left.
|
|t:|1783551198
|detailschange|p2b: Aerodactyl|Aerodactyl-Mega, L50, F
|-mega|p2b: Aerodactyl|Aerodactyl|Aerodactylite
|move|p1a: Sinistcha|Matcha Gotcha|p2b: Aerodactyl|[spread] p2a
|-miss|p1a: Sinistcha|p2b: Aerodactyl
|-resisted|p2a: Rotom|1
|-crit|p2a: Rotom
|-damage|p2a: Rotom|62/100
|-heal|p1a: Sinistcha|65/100|[from] drain|[of] p2a: Rotom
|move|p1b: Sneasler|Close Combat|p2a: Rotom
|-damage|p2a: Rotom|0 fnt
|-unboost|p1b: Sneasler|def|1
|-unboost|p1b: Sneasler|spd|1
|faint|p2a: Rotom
|move|p2b: Aerodactyl|Dual Wingbeat|p1b: Sneasler
|-supereffective|p1b: Sneasler|1
|-enditem|p1b: Sneasler|Focus Sash
|-damage|p1b: Sneasler|1/100
|-supereffective|p1b: Sneasler|1
|-damage|p1b: Sneasler|0 fnt
|faint|p1b: Sneasler
|-hitcount|p1: Sneasler|2
|
|upkeep
|
|t:|1783551220
|switch|p2a: Garchomp|Garchomp, L50, F|100/100
|switch|p1b: Incineroar|Incineroar, L50, M|76/100
|-ability|p1b: Incineroar|Intimidate|boost
|-unboost|p2a: Garchomp|atk|1
|-unboost|p2b: Aerodactyl|atk|1
|turn|5
|
|t:|1783551227
|move|p2a: Garchomp|Protect|p2a: Garchomp
|-singleturn|p2a: Garchomp|Protect
|move|p1b: Incineroar|Fake Out|p2b: Aerodactyl
|-resisted|p2b: Aerodactyl|1
|-damage|p2b: Aerodactyl|94/100
|move|p1a: Sinistcha|Matcha Gotcha|p2b: Aerodactyl|[spread] p2b
|-activate|p2a: Garchomp|move: Protect
|-damage|p2b: Aerodactyl|65/100
|-heal|p1a: Sinistcha|78/100|[from] drain|[of] p2b: Aerodactyl
|cant|p2b: Aerodactyl|flinch
|
|upkeep
|turn|6
|
|t:|1783551242
|move|p1a: Sinistcha|Matcha Gotcha|p2b: Aerodactyl|[spread] p2a,p2b
|-damage|p2a: Garchomp|71/100
|-heal|p1a: Sinistcha|93/100|[from] drain|[of] p2a: Garchomp
|-damage|p2b: Aerodactyl|40/100
|-heal|p1a: Sinistcha|100/100|[from] drain|[of] p2b: Aerodactyl
|move|p1b: Incineroar|Parting Shot|p2b: Aerodactyl
|-unboost|p2b: Aerodactyl|atk|1
|-unboost|p2b: Aerodactyl|spa|1
|
|t:|1783551251
|switch|p1b: Charizard|Charizard, L50, F|100/100|[from] Parting Shot
|move|p2a: Garchomp|Earthquake|p1b: Charizard|[spread] p1a
|-immune|p2b: Aerodactyl
|-immune|p1b: Charizard
|-resisted|p1a: Sinistcha|1
|-damage|p1a: Sinistcha|84/100
|-damage|p2a: Garchomp|62/100|[from] item: Life Orb
|move|p2b: Aerodactyl|Rock Slide|p1a: Sinistcha|[spread] p1a
|-miss|p2b: Aerodactyl|p1b: Charizard
|-damage|p1a: Sinistcha|71/100
|
|upkeep
|turn|7
|
|t:|1783551275
|switch|p2b: Basculegion|Basculegion, L50, M|87/100
|detailschange|p1b: Charizard|Charizard-Mega-X, L50, F
|-mega|p1b: Charizard|Charizard|Charizardite X
|move|p1a: Sinistcha|Matcha Gotcha|p2b: Basculegion|[spread] p2a,p2b
|-supereffective|p2b: Basculegion|1
|-damage|p2a: Garchomp|32/100
|-heal|p1a: Sinistcha|86/100|[from] drain|[of] p2a: Garchomp
|-damage|p2b: Basculegion|35/100
|-heal|p1a: Sinistcha|100/100|[from] drain|[of] p2b: Basculegion
|move|p1b: Charizard|Dragon Claw|p2b: Basculegion
|-crit|p2b: Basculegion
|-damage|p2b: Basculegion|0 fnt
|faint|p2b: Basculegion
|move|p2a: Garchomp|Dragon Claw|p1b: Charizard
|-supereffective|p1b: Charizard|1
|-damage|p1b: Charizard|32/100
|-damage|p2a: Garchomp|23/100|[from] item: Life Orb
|
|-fieldend|move: Trick Room
|upkeep
|
|t:|1783551294
|switch|p2b: Aerodactyl|Aerodactyl-Mega, L50, F|40/100
|turn|8
|
|t:|1783551302
|switch|p1b: Incineroar|Incineroar, L50, M|76/100
|-ability|p1b: Incineroar|Intimidate|boost
|-unboost|p2a: Garchomp|atk|1
|-unboost|p2b: Aerodactyl|atk|1
|move|p2b: Aerodactyl|Dual Wingbeat|p1a: Sinistcha
|-supereffective|p1a: Sinistcha|1
|-damage|p1a: Sinistcha|68/100
|-supereffective|p1a: Sinistcha|1
|-damage|p1a: Sinistcha|38/100
|-hitcount|p1a: Sinistcha|2
|move|p2a: Garchomp|Rock Slide|p1b: Incineroar|[spread] p1a,p1b
|-supereffective|p1b: Incineroar|1
|-damage|p1a: Sinistcha|26/100
|-damage|p1b: Incineroar|50/100g
|-damage|p2a: Garchomp|13/100|[from] item: Life Orb
|move|p1a: Sinistcha|Matcha Gotcha|p2b: Aerodactyl|[spread] p2a,p2b
|-damage|p2a: Garchomp|0 fnt
|-heal|p1a: Sinistcha|33/100|[from] drain|[of] p2a: Garchomp
|-damage|p2b: Aerodactyl|13/100
|-heal|p1a: Sinistcha|46/100|[from] drain|[of] p2b: Aerodactyl
|faint|p2a: Garchomp
|
|upkeep
|turn|9
|
|t:|1783551322
|move|p1b: Incineroar|Fake Out|p2b: Aerodactyl
|-resisted|p2b: Aerodactyl|1
|-damage|p2b: Aerodactyl|7/100
|cant|p2b: Aerodactyl|flinch
|move|p1a: Sinistcha|Trick Room|p1a: Sinistcha
|-fieldstart|move: Trick Room|[of] p1a: Sinistcha
|
|upkeep
|turn|10
|
|t:|1783551328
|move|p1a: Sinistcha|Matcha Gotcha|p2b: Aerodactyl
|-damage|p2b: Aerodactyl|0 fnt
|-heal|p1a: Sinistcha|50/100g|[from] drain|[of] p2b: Aerodactyl
|faint|p2b: Aerodactyl
|
|win|rodry3
||rodry3 is ready for game 3.
||Dr. Toughlove is ready for game 3.
|uhtml|next|Next: Game 3 of 3
