|j|â˜†Mr James Freak
|j|â˜†SuperDialga1275
|html|Mr James FreakSuperDialga1275    
|uhtml|bestof|Game 1 of a best-of-3
|t:|1782509645
|gametype|doubles
|player|p1|Mr James Freak|scientist|1229
|player|p2|SuperDialga1275|giovanni|1280
|gen|9
|tier|[Gen 9 Champions] VGC 2026 Reg M-B (Bo3)
|rated|
|rule|Species Clause: Limit one of each PokÃ©mon
|rule|Item Clause: Limit 1 of each item
|clearpoke
|poke|p1|Delphox, L50, M, shiny|
|poke|p1|Sinistcha-Masterpiece, L50|
|poke|p1|Sneasler, L50, M, shiny|
|poke|p1|Kingambit, L50, M, shiny|
|poke|p1|Dragonite, L50, F, shiny|
|poke|p1|Grimmsnarl, L50, M, shiny|
|poke|p2|Charizard, L50, M, shiny|
|poke|p2|Whimsicott, L50, M, shiny|
|poke|p2|Garchomp, L50, F, shiny|
|poke|p2|Sneasler, L50, F, shiny|
|poke|p2|Basculegion, L50, M, shiny|
|poke|p2|Sylveon, L50, F, shiny|
|teampreview|4
|showteam|p1|Delphox||Delphoxite|Blaze|HeatWave,Psyshock,NastyPlot,Protect|Timid||M|||50|]Sinistcha-Masterpiece||SitrusBerry|Hospitality|MatchaGotcha,RagePowder,TrickRoom,Protect|Bold|||||50|]Sneasler||WhiteHerb|Unburden|CloseCombat,DireClaw,FakeOut,QuickGuard|Jolly||M|||50|]Kingambit||ChopleBerry|Defiant|KowtowCleave,SuckerPunch,LowKick,Protect|Adamant||M|||50|]Dragonite||RoseliBerry|InnerFocus|ExtremeSpeed,ScaleShot,Haze,Tailwind|Adamant||F|||50|]Grimmsnarl||LightClay|Prankster|SpiritBreak,Reflect,LightScreen,PartingShot|Relaxed||M|||50|
|showteam|p2|Charizard||CharizarditeY|Blaze|WeatherBall,HeatWave,SolarBeam,Protect|Modest||M|||50|]Whimsicott||FocusSash|Prankster|Moonblast,Tailwind,Protect,Encore|Timid||M|||50|]Garchomp||LifeOrb|RoughSkin|DragonClaw,RockSlide,Earthquake,Protect|Jolly||F|||50|]Sneasler||WhiteHerb|Unburden|DireClaw,CloseCombat,Protect,FakeOut|Adamant||F|||50|]Basculegion||ChoiceScarf|Adaptability|AquaJet,WaveCrash,LastRespects,FlipTurn|Jolly||M|||50|]Sylveon||FairyFeather|Pixilate|HyperVoice,HyperBeam,QuickAttack,Protect|Modest||F|||50|
|inactive|Battle timer is ON: inactive players will automatically lose when time's up. (requested by SuperDialga1275)
|c|â˜†SuperDialga1275|hey i've played you before!
|inactive|Mr James Freak has 60 seconds left.
|inactive|SuperDialga1275 has 60 seconds left.
|c|â˜†Mr James Freak|glhf then!
|inactive|SuperDialga1275 has 30 seconds left.
|
|t:|1782509706
|teamsize|p1|4
|teamsize|p2|4
|start
|switch|p1a: Sneasler|Sneasler, L50, M, shiny|100/100
|switch|p1b: Delphox|Delphox, L50, M, shiny|100/100
|switch|p2a: Sneasler|Sneasler, L50, F, shiny|100/100
|switch|p2b: Garchomp|Garchomp, L50, F, shiny|100/100
|turn|1
|c|â˜†SuperDialga1275|glhf!
|inactive|SuperDialga1275 has 30 seconds left.
|
|t:|1782509734
|detailschange|p1b: Delphox|Delphox-Mega, L50, M, shiny
|-mega|p1b: Delphox|Delphox|Delphoxite
|move|p2a: Sneasler|Protect|p2a: Sneasler
|-singleturn|p2a: Sneasler|Protect
|move|p1a: Sneasler|Fake Out|p2b: Garchomp
|-damage|p2b: Garchomp|86/100
|-damage|p1a: Sneasler|87/100|[from] ability: Rough Skin|[of] p2b: Garchomp
|move|p1b: Delphox|Nasty Plot|p1b: Delphox
|-boost|p1b: Delphox|spa|2
|cant|p2b: Garchomp|flinch
|
|upkeep
|turn|2
|
|t:|1782509753
|move|p2b: Garchomp|Protect|p2b: Garchomp
|-singleturn|p2b: Garchomp|Protect
|move|p1b: Delphox|Heat Wave|p2a: Sneasler|[spread] p2a
|-activate|p2b: Garchomp|move: Protect
|-damage|p2a: Sneasler|3/100
|-status|p2a: Sneasler|brn
|move|p1a: Sneasler|Close Combat|p2b: Garchomp
|-activate|p2b: Garchomp|move: Protect
|move|p2a: Sneasler|Close Combat|p1b: Delphox
|-resisted|p1b: Delphox|1
|-damage|p1b: Delphox|80/100
|-unboost|p2a: Sneasler|def|1
|-unboost|p2a: Sneasler|spd|1
|-enditem|p2a: Sneasler|White Herb
|-clearnegativeboost|p2a: Sneasler|[silent]
|
|-damage|p2a: Sneasler|0 fnt|[from] brn
|faint|p2a: Sneasler
|upkeep
|c|â˜†SuperDialga1275|uhh
|
|t:|1782509770
|switch|p2a: Whimsicott|Whimsicott, L50, M, shiny|100/100
|turn|3
|
|t:|1782509783
|switch|p1a: Sinistcha|Sinistcha-Masterpiece, L50|100/100
|-heal|p1b: Delphox|100/100|[from] ability: Hospitality|[of] p1a: Sinistcha
|move|p2a: Whimsicott|Tailwind|p2a: Whimsicott
|-sidestart|p2: SuperDialga1275|move: Tailwind
|move|p2b: Garchomp|Dragon Claw|p1a: Sinistcha
|-damage|p1a: Sinistcha|55/100
|-damage|p2b: Garchomp|76/100|[from] item: Life Orb
|move|p1b: Delphox|Heat Wave|p2a: Whimsicott|[spread] p2a,p2b
|-supereffective|p2a: Whimsicott|1
|-crit|p2a: Whimsicott
|-resisted|p2b: Garchomp|1
|-enditem|p2a: Whimsicott|Focus Sash
|-damage|p2a: Whimsicott|1/100
|-damage|p2b: Garchomp|36/100
|-status|p2b: Garchomp|brn
|
|-damage|p2b: Garchomp|30/100 brn|[from] brn
|upkeep
|turn|4
|c|â˜†SuperDialga1275|WHAT IS THIS
|
|t:|1782509804
|move|p1b: Delphox|Protect|p1b: Delphox
|-singleturn|p1b: Delphox|Protect
|move|p2a: Whimsicott|Moonblast|p1b: Delphox
|-activate|p1b: Delphox|move: Protect
|move|p2b: Garchomp|Rock Slide|p1b: Delphox|[spread] p1a
|-activate|p1b: Delphox|move: Protect
|-damage|p1a: Sinistcha|45/100
|-enditem|p1a: Sinistcha|Sitrus Berry|[eat]
|-heal|p1a: Sinistcha|70/100|[from] item: Sitrus Berry
|-damage|p2b: Garchomp|20/100y brn|[from] item: Life Orb
|move|p1a: Sinistcha|Matcha Gotcha|p2b: Garchomp|[spread] p2a,p2b
|-resisted|p2a: Whimsicott|1
|-damage|p2a: Whimsicott|0 fnt
|-heal|p1a: Sinistcha|71/100|[from] drain|[of] p2a: Whimsicott
|-damage|p2b: Garchomp|0 fnt
|-heal|p1a: Sinistcha|81/100|[from] drain|[of] p2b: Garchomp
|faint|p2a: Whimsicott
|faint|p2b: Garchomp
|
|upkeep
|
|t:|1782509811
|switch|p2b: Charizard|Charizard, L50, M, shiny|100/100
|turn|5
|
|t:|1782509825
|detailschange|p2b: Charizard|Charizard-Mega-Y, L50, M, shiny
|-mega|p2b: Charizard|Charizard|Charizardite Y
|-weather|SunnyDay|[from] ability: Drought|[of] p2b: Charizard
|move|p1a: Sinistcha|Protect|p1a: Sinistcha
|-singleturn|p1a: Sinistcha|Protect
|move|p2b: Charizard|Heat Wave|p1b: Delphox|[spread] 
|-activate|p1a: Sinistcha|move: Protect
|-miss|p2b: Charizard|p1b: Delphox
|move|p1b: Delphox|Heat Wave|p2b: Charizard
|-resisted|p2b: Charizard|1
|-damage|p2b: Charizard|30/100
|
|-weather|SunnyDay|[upkeep]
|upkeep
|turn|6
|
|t:|1782509838
|move|p1a: Sinistcha|Rage Powder|p1a: Sinistcha
|-singleturn|p1a: Sinistcha|move: Rage Powder
|move|p2b: Charizard|Solar Beam||[still]
|-prepare|p2b: Charizard|Solar Beam
|-anim|p2b: Charizard|Solar Beam|p1a: Sinistcha
|-resisted|p1a: Sinistcha|1
|-damage|p1a: Sinistcha|57/100
|move|p1b: Delphox|Psyshock|p2b: Charizard
|-damage|p2b: Charizard|0 fnt
|faint|p2b: Charizard
|
|win|Mr James Freak
||SuperDialga1275 is ready for game 2.
||Mr James Freak is ready for game 2.
|uhtml|next|Next: Game 2 of 3
|l|â˜†Mr James Freak
|player|p1|
