|j|â˜†damage77
|j|â˜†teamthief420
|html|damage77teamthief420    
|uhtml|bestof|Game 3 of a best-of-3
|t:|1754708648
|gametype|doubles
|player|p1|damage77|flint|1185
|player|p2|teamthief420|scientist-gen4dp|1151
|gen|9
|tier|[Gen 9] VGC 2025 Reg H (Bo3)
|rated|
|rule|Species Clause: Limit one of each PokÃ©mon
|rule|Item Clause: Limit 1 of each item
|clearpoke
|poke|p1|Gholdengo, L50|
|poke|p1|Sneasler, L50, M|
|poke|p1|Rillaboom, L50, F|
|poke|p1|Dragonite, L50, F|
|poke|p1|Ninetales-Alola, L50, M|
|poke|p1|Arcanine-Hisui, L50, M|
|poke|p2|Gholdengo, L50|
|poke|p2|Incineroar, L50, F|
|poke|p2|Ursaluna-Bloodmoon, L50, M|
|poke|p2|Whimsicott, L50, M|
|poke|p2|Porygon2, L50|
|poke|p2|Sneasler, L50, M|
|teampreview|4
|showteam|p1|Gholdengo||GrassySeed|GoodasGold|NastyPlot,MakeItRain,ShadowBall,Protect||||||50|,,,,,Water]Sneasler||WhiteHerb|Unburden|CloseCombat,DireClaw,Coaching,Protect|||M|||50|,,,,,Ghost]Rillaboom||AssaultVest|GrassySurge|FakeOut,GrassyGlide,DrumBeating,HighHorsepower|||F|||50|,,,,,Fire]Dragonite||LoadedDice|Multiscale|ScaleShot,StompingTantrum,Tailwind,Protect|||F|||50|,,,,,Ground]Ninetales-Alola||FocusSash|SnowWarning|Blizzard,IcyWind,Encore,AuroraVeil|||M|||50|,,,,,Ghost]Arcanine-Hisui||ClearAmulet|Intimidate|RockSlide,FlareBlitz,ExtremeSpeed,Protect|||M|||50|,,,,,Water
|showteam|p2|Gholdengo||MetalCoat|GoodasGold|MakeItRain,ShadowBall,NastyPlot,Protect||||||50|,,,,,Dragon]Incineroar||SafetyGoggles|Intimidate|FlareBlitz,KnockOff,FakeOut,PartingShot|||F|||50|,,,,,Ghost]Ursaluna-Bloodmoon||LifeOrb|MindsEye|HyperVoice,EarthPower,BloodMoon,Protect|||M|||50|,,,,,Normal]Whimsicott||FocusSash|Prankster|Moonblast,Tailwind,Encore,Protect|||M|||50|,,,,,Ghost]Porygon2||Eviolite|Download|TeraBlast,IceBeam,TrickRoom,Recover||||||50|,,,,,Fighting]Sneasler||WhiteHerb|Unburden|DireClaw,CloseCombat,ThroatChop,Protect|||M|||50|,,,,,Stellar
|
|t:|1754708682
|teamsize|p1|4
|teamsize|p2|4
|start
|switch|p1a: Arcanine|Arcanine-Hisui, L50, M|100/100
|switch|p1b: Sneasler|Sneasler, L50, M|100/100
|switch|p2a: Whimsicott|Whimsicott, L50, M|100/100
|switch|p2b: Ursaluna|Ursaluna-Bloodmoon, L50, M|100/100
|-ability|p1a: Arcanine|Intimidate|boost
|-unboost|p2a: Whimsicott|atk|1
|-unboost|p2b: Ursaluna|atk|1
|turn|1
|
|t:|1754708709
|-terastallize|p1a: Arcanine|Water
|-terastallize|p2b: Ursaluna|Normal
|move|p2a: Whimsicott|Tailwind|p2a: Whimsicott
|-sidestart|p2: teamthief420|move: Tailwind
|move|p2b: Ursaluna|Hyper Voice|p1a: Arcanine|[spread] p1a,p1b
|-damage|p1a: Arcanine|6/100
|-damage|p1b: Sneasler|12/100
|-damage|p2b: Ursaluna|91/100|[from] item: Life Orb
|move|p1b: Sneasler|Coaching|p1a: Arcanine
|-boost|p1a: Arcanine|atk|1
|-boost|p1a: Arcanine|def|1
|move|p1a: Arcanine|Rock Slide|p2b: Ursaluna|[spread] p2b
|-miss|p1a: Arcanine|p2a: Whimsicott
|-damage|p2b: Ursaluna|59/100
|
|upkeep
|turn|2
|
|t:|1754708739
|move|p2b: Ursaluna|Protect|p2b: Ursaluna
|-singleturn|p2b: Ursaluna|Protect
|move|p1b: Sneasler|Protect|p1b: Sneasler
|-singleturn|p1b: Sneasler|Protect
|move|p1a: Arcanine|Extreme Speed|p2b: Ursaluna
|-activate|p2b: Ursaluna|move: Protect
|move|p2a: Whimsicott|Encore|p1a: Arcanine
|-start|p1a: Arcanine|Encore
|
|upkeep
|turn|3
|c|â˜†teamthief420|wait
|c|â˜†teamthief420|lmfao what am i doing?
|
|t:|1754708790
|switch|p2a: Sneasler|Sneasler, L50, M|100/100
|switch|p1b: Rillaboom|Rillaboom, L50, F|100/100
|-fieldstart|move: Grassy Terrain|[from] ability: Grassy Surge|[of] p1b: Rillaboom
|move|p1a: Arcanine|Extreme Speed|p2b: Ursaluna
|-damage|p2b: Ursaluna|26/100
|move|p2b: Ursaluna|Hyper Voice|p1a: Arcanine|[spread] p1a,p1b
|-damage|p1a: Arcanine|0 fnt
|-damage|p1b: Rillaboom|44/100
|faint|p1a: Arcanine
|-damage|p2b: Ursaluna|16/100|[from] item: Life Orb
|
|-heal|p2b: Ursaluna|22/100|[from] Grassy Terrain
|-heal|p1b: Rillaboom|50/100|[from] Grassy Terrain
|upkeep
|
|t:|1754708803
|switch|p1a: Dragonite|Dragonite, L50, F|100/100
|turn|4
|
|t:|1754708827
|switch|p2b: Incineroar|Incineroar, L50, F|100/100
|-ability|p2b: Incineroar|Intimidate|boost
|-unboost|p1a: Dragonite|atk|1
|-unboost|p1b: Rillaboom|atk|1
|move|p2a: Sneasler|Protect|p2a: Sneasler
|-singleturn|p2a: Sneasler|Protect
|move|p1b: Rillaboom|Fake Out|p2a: Sneasler
|-activate|p2a: Sneasler|move: Protect
|move|p1a: Dragonite|Tailwind|p1a: Dragonite
|-sidestart|p1: damage77|move: Tailwind
|
|-heal|p1b: Rillaboom|56/100|[from] Grassy Terrain
|-sideend|p2: teamthief420|move: Tailwind
|upkeep
|turn|5
|
|t:|1754708864
|move|p2b: Incineroar|Fake Out|p1b: Rillaboom
|-damage|p1b: Rillaboom|44/100
|cant|p1b: Rillaboom|flinch
|move|p1a: Dragonite|Stomping Tantrum|p2a: Sneasler
|-supereffective|p2a: Sneasler
|-damage|p2a: Sneasler|41/100
|move|p2a: Sneasler|Dire Claw|p1b: Rillaboom
|-supereffective|p1b: Rillaboom
|-damage|p1b: Rillaboom|0 fnt
|faint|p1b: Rillaboom
|
|-heal|p2a: Sneasler|47/100|[from] Grassy Terrain
|upkeep
|
|t:|1754708872
|switch|p1b: Sneasler|Sneasler, L50, M|12/100
|turn|6
|
|t:|1754708927
|move|p1b: Sneasler|Close Combat|p2b: Incineroar
|-supereffective|p2b: Incineroar
|-crit|p2b: Incineroar
|-damage|p2b: Incineroar|0 fnt
|-unboost|p1b: Sneasler|def|1
|-unboost|p1b: Sneasler|spd|1
|faint|p2b: Incineroar
|-enditem|p1b: Sneasler|White Herb
|-clearnegativeboost|p1b: Sneasler|[silent]
|move|p1a: Dragonite|Scale Shot|p2a: Sneasler
|-damage|p2a: Sneasler|34/100
|-damage|p2a: Sneasler|19/100
|-damage|p2a: Sneasler|4/100
|-damage|p2a: Sneasler|0 fnt
|faint|p2a: Sneasler
|-hitcount|p2: Sneasler|4
|-unboost|p1a: Dragonite|def|1
|-boost|p1a: Dragonite|spe|1
|
|-heal|p1b: Sneasler|19/100|[from] Grassy Terrain
|upkeep
|
|t:|1754708936
|switch|p2a: Ursaluna|Ursaluna-Bloodmoon, L50, M, tera:Normal|22/100
|switch|p2b: Whimsicott|Whimsicott, L50, M|100/100
|turn|7
|
|t:|1754708992
|move|p2b: Whimsicott|Protect|p2b: Whimsicott
|-singleturn|p2b: Whimsicott|Protect
|move|p2a: Ursaluna|Protect|p2a: Ursaluna
|-singleturn|p2a: Ursaluna|Protect
|move|p1b: Sneasler|Dire Claw|p2b: Whimsicott
|-activate|p2b: Whimsicott|move: Protect
|move|p1a: Dragonite|Stomping Tantrum|p2b: Whimsicott
|-activate|p2b: Whimsicott|move: Protect
|
|-heal|p1b: Sneasler|25/100|[from] Grassy Terrain
|-heal|p2a: Ursaluna|28/100|[from] Grassy Terrain
|-sideend|p1: damage77|move: Tailwind
|-fieldend|move: Grassy Terrain
|upkeep
|turn|8
|
|t:|1754709022
|move|p2b: Whimsicott|Tailwind|p2b: Whimsicott
|-sidestart|p2: teamthief420|move: Tailwind
|move|p1b: Sneasler|Dire Claw|p2a: Ursaluna
|-damage|p2a: Ursaluna|0 fnt
|faint|p2a: Ursaluna
|move|p1a: Dragonite|Stomping Tantrum|p2b: Whimsicott
|-resisted|p2b: Whimsicott
|-damage|p2b: Whimsicott|86/100
|
|upkeep
|turn|9
|
|t:|1754709049
|move|p1b: Sneasler|Protect|p1b: Sneasler
|-singleturn|p1b: Sneasler|Protect
|move|p2b: Whimsicott|Moonblast|p1b: Sneasler
|-activate|p1b: Sneasler|move: Protect
|move|p1a: Dragonite|Stomping Tantrum|p2b: Whimsicott
|-resisted|p2b: Whimsicott
|-damage|p2b: Whimsicott|72/100
|
|upkeep
|turn|10
|
|t:|1754709072
|move|p2b: Whimsicott|Moonblast|p1b: Sneasler
|-damage|p1b: Sneasler|0 fnt
|faint|p1b: Sneasler
|move|p1a: Dragonite|Stomping Tantrum|p2b: Whimsicott
|-resisted|p2b: Whimsicott
|-damage|p2b: Whimsicott|56/100
|
|upkeep
|turn|11
|
|t:|1754709080
|move|p1a: Dragonite|Protect|p1a: Dragonite
|-singleturn|p1a: Dragonite|Protect
|move|p2b: Whimsicott|Moonblast|p1a: Dragonite
|-activate|p1a: Dragonite|move: Protect
|
|-sideend|p2: teamthief420|move: Tailwind
|upkeep
|turn|12
|
|t:|1754709084
|move|p1a: Dragonite|Stomping Tantrum|p2b: Whimsicott
|-resisted|p2b: Whimsicott
|-damage|p2b: Whimsicott|42/100
|move|p2b: Whimsicott|Moonblast|p1a: Dragonite
|-supereffective|p1a: Dragonite
|-damage|p1a: Dragonite|65/100
|
|upkeep
|turn|13
|
|t:|1754709091
|move|p1a: Dragonite|Stomping Tantrum|p2b: Whimsicott
|-resisted|p2b: Whimsicott
|-damage|p2b: Whimsicott|26/100
|move|p2b: Whimsicott|Moonblast|p1a: Dragonite
|-supereffective|p1a: Dragonite
|-damage|p1a: Dragonite|0 fnt
|faint|p1a: Dragonite
|
|win|teamthief420
|raw|damage77's rating: 1185 → 1158(-27 for losing)
|raw|teamthief420's rating: 1151 → 1178(+27 for winning)
|c|â˜†damage77|ggs
|c|â˜†teamthief420|ggs man
|l|â˜†damage77
|player|p1|
|c|â˜†teamthief420|i'm really sorry about g1
