|j|☆Promesus
|j|☆meikh_neiht
|html|Promesusmeikh_neiht    
|uhtml|bestof|Game 1 of a best-of-3
|t:|1783000072
|gametype|doubles
|player|p1|Promesus|hilbert-wonderlauncher|1311
|player|p2|meikh_neiht|170|1261
|gen|9
|tier|[Gen 9 Champions] VGC 2026 Reg M-B (Bo3)
|rated|
|rule|Species Clause: Limit one of each Pokémon
|rule|Item Clause: Limit 1 of each item
|clearpoke
|poke|p1|Charizard, L50, M, shiny|
|poke|p1|Floette-Eternal, L50, F|
|poke|p1|Basculegion, L50, M|
|poke|p1|Whimsicott, L50, F|
|poke|p1|Garchomp, L50, M|
|poke|p1|Kingambit, L50, F|
|poke|p2|Staraptor, L50, M|
|poke|p2|Sinistcha, L50|
|poke|p2|Maushold, L50|
|poke|p2|Kingambit, L50, M|
|poke|p2|Sneasler, L50, F|
|poke|p2|Delphox, L50, F|
|teampreview|4
|showteam|p1|Charizard||CharizarditeY|Blaze|HeatWave,WeatherBall,SolarBeam,Protect|Modest||M|||50|]Floette-Eternal||Floettite|FlowerVeil|LightofRuin,DazzlingGleam,Moonblast,Protect|Timid||F|||50|]Basculegion||MysticWater|Adaptability|WaveCrash,AquaJet,LastRespects,Protect|Adamant||M|||50|]Whimsicott||FocusSash|Prankster|Moonblast,Encore,Protect,Tailwind|Timid||F|||50|]Garchomp||LifeOrb|RoughSkin|RockSlide,Earthquake,DragonClaw,Protect|Jolly||M|||50|]Kingambit||BlackGlasses|Defiant|KowtowCleave,IronHead,Protect,SuckerPunch|Adamant||F|||50|
|showteam|p2|Staraptor||Staraptite|Intimidate|CloseCombat,BraveBird,Roost,Protect|Adamant||M|||50|]Sinistcha||SitrusBerry|Hospitality|RagePowder,MatchaGotcha,StrengthSap,LifeDew|Calm|||||50|]Maushold||ChopleBerry|FriendGuard|Encore,Charm,FollowMe,Protect|Timid|||||50|]Kingambit||OccaBerry|Defiant|KowtowCleave,SuckerPunch,SwordsDance,Protect|Adamant||M|||50|]Sneasler||WhiteHerb|Unburden|DireClaw,Protect,FakeOut,CloseCombat|Jolly||F|||50|]Delphox||Delphoxite|Blaze|HeatWave,Psyshock,NastyPlot,Protect|Timid||F|||50|
|inactive|Battle timer is ON: inactive players will automatically lose when time's up. (requested by Promesus)
|inactive|Promesus has 60 seconds left.
|inactive|meikh_neiht has 60 seconds left.
|
|t:|1783000127
|teamsize|p1|4
|teamsize|p2|4
|start
|switch|p1a: Basculegion|Basculegion, L50, M|100/100
|switch|p1b: Whimsicott|Whimsicott, L50, F|100/100
|switch|p2a: Delphox|Delphox, L50, F|100/100
|switch|p2b: Maushold|Maushold, L50|100/100
|turn|1
|
|t:|1783000151
|detailschange|p2a: Delphox|Delphox-Mega, L50, F
|-mega|p2a: Delphox|Delphox|Delphoxite
|move|p2a: Delphox|Protect|p2a: Delphox
|-singleturn|p2a: Delphox|Protect
|move|p1b: Whimsicott|Tailwind|p1b: Whimsicott
|-sidestart|p1: Promesus|move: Tailwind
|move|p1a: Basculegion|Wave Crash|p2a: Delphox
|-activate|p2a: Delphox|move: Protect
|move|p2b: Maushold|Charm|p1a: Basculegion
|-unboost|p1a: Basculegion|atk|2
|
|upkeep
|turn|2
|inactive|Promesus has 30 seconds left.
|
|t:|1783000177
|switch|p1a: Charizard|Charizard, L50, M, shiny|100/100
|move|p1b: Whimsicott|Protect|p1b: Whimsicott
|-singleturn|p1b: Whimsicott|Protect
|move|p2b: Maushold|Follow Me|p2b: Maushold
|-singleturn|p2b: Maushold|move: Follow Me
|move|p2a: Delphox|Nasty Plot|p2a: Delphox
|-boost|p2a: Delphox|spa|2
|
|upkeep
|turn|3
|
|t:|1783000195
|detailschange|p1a: Charizard|Charizard-Mega-Y, L50, M, shiny
|-mega|p1a: Charizard|Charizard|Charizardite Y
|-weather|SunnyDay|[from] ability: Drought|[of] p1a: Charizard
|move|p2b: Maushold|Protect|p2b: Maushold
|-singleturn|p2b: Maushold|Protect
|move|p1b: Whimsicott|Moonblast|p2b: Maushold
|-activate|p2b: Maushold|move: Protect
|move|p1a: Charizard|Heat Wave|p2a: Delphox|[spread] p2a
|-activate|p2b: Maushold|move: Protect
|-resisted|p2a: Delphox|1
|-damage|p2a: Delphox|76/100
|move|p2a: Delphox|Heat Wave|p1b: Whimsicott|[spread] p1a,p1b
|-resisted|p1a: Charizard|1
|-supereffective|p1b: Whimsicott|1
|-damage|p1a: Charizard|47/100
|-enditem|p1b: Whimsicott|Focus Sash
|-damage|p1b: Whimsicott|1/100
|
|-weather|SunnyDay|[upkeep]
|upkeep
|turn|4
|
|t:|1783000214
|move|p2b: Maushold|Follow Me|p2b: Maushold
|-singleturn|p2b: Maushold|move: Follow Me
|move|p1b: Whimsicott|Moonblast|p2b: Maushold
|-damage|p2b: Maushold|56/100
|move|p1a: Charizard|Heat Wave|p2b: Maushold|[spread] p2a,p2b
|-resisted|p2a: Delphox|1
|-damage|p2a: Delphox|56/100
|-damage|p2b: Maushold|0 fnt
|faint|p2b: Maushold
|move|p2a: Delphox|Heat Wave|p1b: Whimsicott|[spread] p1a
|-miss|p2a: Delphox|p1b: Whimsicott
|-resisted|p1a: Charizard|1
|-damage|p1a: Charizard|0 fnt
|faint|p1a: Charizard
|
|-weather|SunnyDay|[upkeep]
|-sideend|p1: Promesus|move: Tailwind
|upkeep
|
|t:|1783000225
|switch|p2b: Sinistcha|Sinistcha, L50|100/100
|switch|p1a: Garchomp|Garchomp, L50, M|100/100
|-heal|p2a: Delphox|80/100|[from] ability: Hospitality|[of] p2b: Sinistcha
|turn|5
|-message|Promesus forfeited.
|
|win|meikh_neiht
|l|☆Promesus
|player|p1|
||meikh_neiht is ready for game 2.
||Promesus is ready for game 2.
|uhtml|next|Next: Game 2 of 3
