|j|☆FefoVGC
|j|☆Traindelpivgc
|html|FefoVGCTraindelpivgc    
|uhtml|bestof|Game 2 of a best-of-3
|t:|1756202134
|gametype|doubles
|player|p1|FefoVGC|101|1021
|player|p2|Traindelpivgc|hilbert-wonderlauncher|1098
|gen|9
|tier|[Gen 9] VGC 2025 Reg H (Bo3)
|rated|
|rule|Species Clause: Limit one of each Pokémon
|rule|Item Clause: Limit 1 of each item
|clearpoke
|poke|p1|Murkrow, L50, F|
|poke|p1|Delphox, L50, F|
|poke|p1|Indeedee, L50, M|
|poke|p1|Dragapult, L50, F|
|poke|p1|Maushold, L50|
|poke|p1|Sneasler, L50, M|
|poke|p2|Incineroar, L50, F|
|poke|p2|Amoonguss, L50, F|
|poke|p2|Ursaluna-Bloodmoon, L50, M|
|poke|p2|Sneasler, L50, M|
|poke|p2|Gholdengo, L50|
|poke|p2|Dragonite, L50, M|
|teampreview|4
|showteam|p1|Murkrow||Eviolite|Prankster|Tailwind,FoulPlay,Haze,SunnyDay|||F|||50|,,,,,Ghost]Delphox||LifeOrb|Blaze|ExpandingForce,HeatWave,TeraBlast,Protect|||F|||50|,,,,,Fighting]Indeedee||FocusSash|PsychicSurge|ExpandingForce,TrickRoom,Imprison,TeraBlast|||M|||50|,,,,,Fighting]Dragapult||ChoiceBand|ClearBody|DragonDarts,Outrage,Uturn,PhantomForce|||F|||50|,,,,,Dragon]Maushold||WideLens|Technician|PopulationBomb,Taunt,FollowMe,Protect||||||50|,,,,,Normal]Sneasler||PsychicSeed|Unburden|DireClaw,CloseCombat,Protect,ThroatChop|||M|||50|,,,,,Dark
|showteam|p2|Incineroar||SafetyGoggles|Intimidate|FlareBlitz,KnockOff,PartingShot,FakeOut|||F|||50|,,,,,Ghost]Amoonguss||SitrusBerry|Regenerator|Spore,RagePowder,PollenPuff,Protect|||F|||50|,,,,,Psychic]Ursaluna-Bloodmoon||AssaultVest|MindsEye|HyperVoice,BloodMoon,EarthPower,VacuumWave|||M|||50|,,,,,Water]Sneasler||FocusSash|Unburden|CloseCombat,DireClaw,ThroatChop,Protect|||M|||50|,,,,,Stellar]Gholdengo||LifeOrb|GoodasGold|MakeItRain,ShadowBall,NastyPlot,Protect||||||50|,,,,,Water]Dragonite||LoadedDice|Multiscale|ScaleShot,Tailwind,Haze,Protect|||M|||50|,,,,,Fairy
|inactive|Battle timer is ON: inactive players will automatically lose when time's up. (requested by FefoVGC)
|
|t:|1756202171
|teamsize|p1|4
|teamsize|p2|4
|start
|switch|p1a: Indeedee|Indeedee, L50, M|100/100
|switch|p1b: Sneasler|Sneasler, L50, M|100/100
|switch|p2a: Ursaluna|Ursaluna-Bloodmoon, L50, M|100/100
|switch|p2b: Incineroar|Incineroar, L50, F|100/100
|-fieldstart|move: Psychic Terrain|[from] ability: Psychic Surge|[of] p1a: Indeedee
|-enditem|p1b: Sneasler|Psychic Seed
|-boost|p1b: Sneasler|spd|1|[from] item: Psychic Seed
|-ability|p2b: Incineroar|Intimidate|boost
|-unboost|p1a: Indeedee|atk|1
|-unboost|p1b: Sneasler|atk|1
|turn|1
|inactive|Traindelpivgc has 30 seconds left.
|inactive|Traindelpivgc has 20 seconds left.
|
|t:|1756202210
|-terastallize|p1a: Indeedee|Fighting
|-terastallize|p2a: Ursaluna|Water
|move|p1b: Sneasler|Dire Claw|p2b: Incineroar
|-damage|p2b: Incineroar|72/100
|-status|p2b: Incineroar|psn
|move|p1a: Indeedee|Tera Blast|p2a: Ursaluna|[anim] Tera Blast Fighting
|-damage|p2a: Ursaluna|76/100
|move|p2b: Incineroar|Knock Off|p1a: Indeedee
|-resisted|p1a: Indeedee
|-damage|p1a: Indeedee|60/100
|-enditem|p1a: Indeedee|Focus Sash|[from] move: Knock Off|[of] p2b: Incineroar
|move|p2a: Ursaluna|Hyper Voice|p1a: Indeedee|[spread] p1a,p1b
|-crit|p1a: Indeedee
|-damage|p1a: Indeedee|0 fnt
|-damage|p1b: Sneasler|66/100
|faint|p1a: Indeedee
|
|-damage|p2b: Incineroar|60/100 psn|[from] psn
|upkeep
|inactive|FefoVGC has 30 seconds left.
|
|t:|1756202235
|switch|p1a: Dragapult|Dragapult, L50, F|100/100
|turn|2
|
|t:|1756202261
|switch|p2b: Amoonguss|Amoonguss, L50, F|100/100
|move|p1b: Sneasler|Close Combat|p2b: Amoonguss
|-resisted|p2b: Amoonguss
|-damage|p2b: Amoonguss|81/100
|-unboost|p1b: Sneasler|def|1
|-unboost|p1b: Sneasler|spd|1
|move|p1a: Dragapult|Outrage|p2a: Ursaluna
|-damage|p2a: Ursaluna|6/100
|move|p2a: Ursaluna|Blood Moon|p1a: Dragapult
|-damage|p1a: Dragapult|5/100
|
|upkeep
|turn|3
|inactive|Traindelpivgc has 30 seconds left.
|inactive|Traindelpivgc has 20 seconds left.
|inactive|Traindelpivgc has 15 seconds left.
|
|t:|1756202304
|move|p2b: Amoonguss|Rage Powder|p2b: Amoonguss
|-singleturn|p2b: Amoonguss|move: Rage Powder
|move|p1b: Sneasler|Dire Claw|p2b: Amoonguss
|-damage|p2b: Amoonguss|52/100
|move|p1a: Dragapult|Outrage|p2b: Amoonguss|[from] lockedmove
|-damage|p2b: Amoonguss|0 fnt
|faint|p2b: Amoonguss
|-start|p1a: Dragapult|confusion|[fatigue]
|move|p2a: Ursaluna|Hyper Voice|p1a: Dragapult|[spread] p1a,p1b
|-damage|p1a: Dragapult|0 fnt
|-damage|p1b: Sneasler|19/100
|faint|p1a: Dragapult
|
|upkeep
|inactive|Traindelpivgc has 30 seconds left.
|
|t:|1756202331
|switch|p1a: Murkrow|Murkrow, L50, F|100/100
|switch|p2b: Dragonite|Dragonite, L50, M|100/100
|turn|4
|inactive|FefoVGC has 30 seconds left.
|inactive|Traindelpivgc has 30 seconds left.
|
|t:|1756202360
|switch|p2a: Incineroar|Incineroar, L50, F|60/100 psn
|-ability|p2a: Incineroar|Intimidate|boost
|-unboost|p1a: Murkrow|atk|1
|-unboost|p1b: Sneasler|atk|1
|move|p1b: Sneasler|Dire Claw|p2a: Incineroar
|-damage|p2a: Incineroar|41/100 psn
|move|p2b: Dragonite|Scale Shot|p1b: Sneasler
|-crit|p1b: Sneasler
|-damage|p1b: Sneasler|0 fnt
|faint|p1b: Sneasler
|-hitcount|p1: Sneasler|1
|-unboost|p2b: Dragonite|def|1
|-boost|p2b: Dragonite|spe|1
|move|p1a: Murkrow|Foul Play|p2b: Dragonite
|-damage|p2b: Dragonite|52/100
|
|-damage|p2a: Incineroar|28/100 psn|[from] psn
|upkeep
|turn|5
|inactive|Traindelpivgc has 30 seconds left.
|inactive|Traindelpivgc has 20 seconds left.
|
|t:|1756202399
|move|p2a: Incineroar|Fake Out|p1a: Murkrow
|-hint|Psychic Terrain doesn't affect Pokémon immune to Ground.
|-damage|p1a: Murkrow|89/100
|move|p2b: Dragonite|Scale Shot|p1a: Murkrow
|-damage|p1a: Murkrow|75/100
|-damage|p1a: Murkrow|62/100
|-damage|p1a: Murkrow|47/100
|-damage|p1a: Murkrow|34/100
|-hitcount|p1a: Murkrow|4
|-unboost|p2b: Dragonite|def|1
|-boost|p2b: Dragonite|spe|1
|cant|p1a: Murkrow|flinch
|
|-damage|p2a: Incineroar|16/100 psn|[from] psn
|-fieldend|move: Psychic Terrain
|upkeep
|turn|6
|-message|FefoVGC forfeited.
|
|win|Traindelpivgc
|raw|FefoVGC's rating: 1021 → 1011(-10 for losing)
|raw|Traindelpivgc's rating: 1098 → 1118(+20 for winning)
|l|☆FefoVGC
|player|p1|
