|j|☆Rthm
|j|☆Gayangos
|html|RthmGayangos    
|uhtml|bestof|Game 2 of a best-of-3
|t:|1785057808
|gametype|doubles
|player|p1|Rthm|cynthia-gen4|1132
|player|p2|Gayangos|266|1272
|gen|9
|tier|[Gen 9 Champions] VGC 2026 Reg M-B (Bo3)
|rated|
|rule|Species Clause: Limit one of each Pokémon
|rule|Item Clause: Limit 1 of each item
|clearpoke
|poke|p1|Rotom-Wash, L50|
|poke|p1|Aerodactyl, L50, M|
|poke|p1|Garchomp, L50, F|
|poke|p1|Farigiraf, L50, M|
|poke|p1|Kingambit, L50, M|
|poke|p1|Floette-Eternal, L50, F|
|poke|p2|Tyranitar, L50, F|
|poke|p2|Excadrill, L50, M|
|poke|p2|Milotic, L50, F|
|poke|p2|Sinistcha, L50|
|poke|p2|Staraptor, L50, F|
|poke|p2|Gholdengo, L50|
|teampreview|4
|showteam|p1|Rotom-Wash||ChoiceScarf|Levitate|Thunderbolt,VoltSwitch,Electroweb,HydroPump|Timid|||||50|]Aerodactyl||Aerodactylite|Unnerve|DualWingbeat,RockSlide,Tailwind,Protect|Jolly||M|||50|]Garchomp||LifeOrb|RoughSkin|DragonClaw,StompingTantrum,RockSlide,Protect|Jolly||F|||50|]Farigiraf||SitrusBerry|ArmorTail|TrickRoom,Psychic,HelpingHand,Roar|Sassy||M|||50|]Kingambit||ChopleBerry|Defiant|KowtowCleave,IronHead,SuckerPunch,Protect|Adamant||M|||50|]Floette-Eternal||Floettite|Symbiosis|Moonblast,DazzlingGleam,CalmMind,Protect|Timid||F|||50|
|showteam|p2|Tyranitar||Tyranitarite|SandStream|KnockOff,RockSlide,LowKick,Protect|Jolly||F|||50|]Excadrill||FocusSash|SandRush|HighHorsepower,IronHead,RockSlide,Protect|Adamant||M|||50|]Milotic||SitrusBerry|Competitive|Scald,IcyWind,Haze,Protect|Calm||F|||50|]Sinistcha||ColburBerry|Hospitality|MatchaGotcha,ShadowBall,Protect,RagePowder|Bold|||||50|]Staraptor||Staraptite|Intimidate|CloseCombat,BraveBird,Tailwind,Protect|Jolly||F|||50|]Gholdengo||LifeOrb|GoodasGold|MakeItRain,ShadowBall,NastyPlot,Protect|Modest|||||50|
|
|t:|1785057840
|teamsize|p1|4
|teamsize|p2|4
|start
|switch|p1a: Floette|Floette-Eternal, L50, F|100/100
|switch|p1b: Rotom|Rotom-Wash, L50|100/100
|switch|p2a: Excadrill|Excadrill, L50, M|100/100
|switch|p2b: Tyranitar|Tyranitar, L50, F|100/100
|-weather|Sandstorm|[from] ability: Sand Stream|[of] p2b: Tyranitar
|turn|1
|inactive|Battle timer is ON: inactive players will automatically lose when time's up. (requested by Gayangos)
|
|t:|1785057862
|detailschange|p1a: Floette|Floette-Mega, L50, F
|-mega|p1a: Floette|Floette|Floettite
|-ability|p1a: Floette|Fairy Aura
|detailschange|p2b: Tyranitar|Tyranitar-Mega, L50, F
|-mega|p2b: Tyranitar|Tyranitar|Tyranitarite
|move|p1a: Floette|Protect|p1a: Floette
|-singleturn|p1a: Floette|Protect
|move|p2a: Excadrill|Iron Head|p1a: Floette
|-activate|p1a: Floette|move: Protect
|move|p1b: Rotom|Volt Switch|p2b: Tyranitar
|-damage|p2b: Tyranitar|81/100
|
|t:|1785057880
|switch|p1b: Farigiraf|Farigiraf, L50, M|100/100|[from] Volt Switch
|move|p2b: Tyranitar|Knock Off|p1b: Farigiraf
|-supereffective|p1b: Farigiraf|1
|-damage|p1b: Farigiraf|0 fnt
|-enditem|p1b: Farigiraf|Sitrus Berry|[from] move: Knock Off|[of] p2b: Tyranitar
|faint|p1b: Farigiraf
|
|-weather|Sandstorm|[upkeep]
|-damage|p1a: Floette|94/100|[from] Sandstorm
|upkeep
|
|t:|1785057890
|switch|p1b: Kingambit|Kingambit, L50, M|100/100
|turn|2
|
|t:|1785057906
|move|p1b: Kingambit|Protect|p1b: Kingambit
|-singleturn|p1b: Kingambit|Protect
|move|p2a: Excadrill|High Horsepower|p1b: Kingambit
|-activate|p1b: Kingambit|move: Protect
|move|p1a: Floette|Moonblast|p2b: Tyranitar
|-supereffective|p2b: Tyranitar|1
|-damage|p2b: Tyranitar|5/100
|move|p2b: Tyranitar|Rock Slide|p1b: Kingambit|[spread] p1a
|-activate|p1b: Kingambit|move: Protect
|-damage|p1a: Floette|47/100
|
|-weather|Sandstorm|[upkeep]
|-damage|p1a: Floette|41/100|[from] Sandstorm
|upkeep
|turn|3
|
|t:|1785057927
|switch|p1a: Rotom|Rotom-Wash, L50|100/100
|move|p1b: Kingambit|Sucker Punch|p2b: Tyranitar
|-resisted|p2b: Tyranitar|1
|-damage|p2b: Tyranitar|0 fnt
|faint|p2b: Tyranitar
|move|p2a: Excadrill|High Horsepower|p1b: Kingambit
|-supereffective|p1b: Kingambit|1
|-damage|p1b: Kingambit|6/100
|
|-weather|Sandstorm|[upkeep]
|-damage|p1a: Rotom|94/100|[from] Sandstorm
|upkeep
|
|t:|1785057940
|switch|p2b: Sinistcha|Sinistcha, L50|100/100
|turn|4
|
|t:|1785057950
|move|p2a: Excadrill|Protect|p2a: Excadrill
|-singleturn|p2a: Excadrill|Protect
|move|p1b: Kingambit|Protect|p1b: Kingambit
|-singleturn|p1b: Kingambit|Protect
|move|p1a: Rotom|Hydro Pump|p2a: Excadrill
|-activate|p2a: Excadrill|move: Protect
|move|p2b: Sinistcha|Matcha Gotcha|p1a: Rotom|[spread] p1a
|-activate|p1b: Kingambit|move: Protect
|-supereffective|p1a: Rotom|1
|-damage|p1a: Rotom|28/100
|
|-weather|Sandstorm|[upkeep]
|-damage|p1a: Rotom|22/100|[from] Sandstorm
|-damage|p2b: Sinistcha|94/100|[from] Sandstorm
|upkeep
|turn|5
|-message|Rthm forfeited.
|
|win|Gayangos
|raw|Rthm's rating: 1132 → 1117(-15 for losing)
|raw|Gayangos's rating: 1272 → 1287(+15 for winning)
|l|☆Rthm
|player|p1|
