|j|☆Vicentefc2
|j|☆xxxPlayer5xxx
|html|Vicentefc2xxxPlayer5xxx    
|uhtml|bestof|Game 2 of a best-of-3
|t:|1757779402
|gametype|doubles
|player|p1|Vicentefc2|hilbert|1349
|player|p2|xxxPlayer5xxx|101|1345
|gen|9
|tier|[Gen 9] VGC 2025 Reg H (Bo3)
|rated|
|rule|Species Clause: Limit one of each Pokémon
|rule|Item Clause: Limit 1 of each item
|clearpoke
|poke|p1|Rillaboom, L50, M|
|poke|p1|Annihilape, L50, M|
|poke|p1|Politoed, L50, M|
|poke|p1|Murkrow, L50, M|
|poke|p1|Archaludon, L50, M|
|poke|p1|Maushold, L50|
|poke|p2|Corviknight, L50, F|
|poke|p2|Palafin, L50, F|
|poke|p2|Amoonguss, L50, M|
|poke|p2|Incineroar, L50, F|
|poke|p2|Archaludon, L50, F|
|poke|p2|Chandelure, L50, M|
|teampreview|4
|showteam|p1|Rillaboom||AssaultVest|GrassySurge|WoodHammer,GrassyGlide,Uturn,FakeOut|||M|||50|,,,,,Fire]Annihilape||SafetyGoggles|Defiant|DrainPunch,RageFist,BulkUp,Protect|||M|||50|,,,,,Fire]Politoed||LifeOrb|Drizzle|WeatherBall,IceBeam,RainDance,Protect|||M|||50|,,,,,Steel]Murkrow||Eviolite|Prankster|FoulPlay,Taunt,Haze,Tailwind|||M|||50|,,,,,Steel]Archaludon||PowerHerb|Sturdy|ElectroShot,DracoMeteor,FlashCannon,Protect|||M|||50|,,,,,Electric]Maushold||WideLens|Technician|PopulationBomb,FollowMe,BeatUp,Protect||||||50|,,,,,Ghost
|showteam|p2|Corviknight||Leftovers|MirrorArmor|BraveBird,BodyPress,Roost,BulkUp|||F|||50|,,,,,Fire]Palafin||ChoiceBand|ZerotoHero|JetPunch,WaveCrash,FlipTurn,CloseCombat|||F|||50|,,,,,Water]Amoonguss||SitrusBerry|Regenerator|RagePowder,Spore,SludgeBomb,Protect|||M|||50|,,,,,Water]Incineroar||SafetyGoggles|Intimidate|FlareBlitz,KnockOff,FakeOut,PartingShot|||F|||50|,,,,,Grass]Archaludon||PowerHerb|Stalwart|ElectroShot,DragonPulse,Thunderbolt,Protect|||F|||50|,,,,,Electric]Chandelure||ChoiceScarf|FlashFire|HeatWave,ShadowBall,EnergyBall,Flamethrower|||M|||50|,,,,,Grass
|inactive|Battle timer is ON: inactive players will automatically lose when time's up. (requested by xxxPlayer5xxx)
|inactive|Vicentefc2 has 60 seconds left.
|j| We_Are_Toasted
|inactive|Vicentefc2 has 30 seconds left.
|inactive|Vicentefc2 has 20 seconds left.
|inactive|Vicentefc2 has 15 seconds left.
|inactive|Vicentefc2 has 10 seconds left.
|inactive|Vicentefc2 has 5 seconds left.
|
|t:|1757779494
|teamsize|p1|4
|teamsize|p2|4
|start
|switch|p1a: donkey kong|Rillaboom, L50, M|100/100
|switch|p1b: rocky|Annihilape, L50, M|100/100
|switch|p2a: Chandelure|Chandelure, L50, M|100/100
|switch|p2b: Palafin|Palafin, L50, F|100/100
|-fieldstart|move: Grassy Terrain|[from] ability: Grassy Surge|[of] p1a: donkey kong
|turn|1
|
|t:|1757779524
|detailschange|p2b: Palafin|Palafin-Hero, L50, F
|switch|p2b: Archaludon|Archaludon, L50, F|100/100
|switch|p1b: edgar|Murkrow, L50, M|100/100
|move|p2a: Chandelure|Flamethrower|p1a: donkey kong
|-supereffective|p1a: donkey kong
|-damage|p1a: donkey kong|26/100
|move|p1a: donkey kong|Wood Hammer|p2a: Chandelure
|-resisted|p2a: Chandelure
|-damage|p2a: Chandelure|39/100
|-damage|p1a: donkey kong|12/100|[from] Recoil
|
|-heal|p2a: Chandelure|45/100|[from] Grassy Terrain
|-heal|p1a: donkey kong|18/100|[from] Grassy Terrain
|upkeep
|turn|2
|
|t:|1757779545
|switch|p2a: Amoonguss|Amoonguss, L50, M|100/100
|move|p1b: edgar|Tailwind|p1b: edgar
|-sidestart|p1: Vicentefc2|move: Tailwind
|move|p1a: donkey kong|U-turn|p2a: Amoonguss
|-damage|p2a: Amoonguss|75/100
|
|t:|1757779552
|switch|p1a: rocky|Annihilape, L50, M|100/100|[from] U-turn
|move|p2b: Archaludon|Electro Shot||[still]
|-prepare|p2b: Archaludon|Electro Shot
|-boost|p2b: Archaludon|spa|1
|-enditem|p2b: Archaludon|Power Herb
|-anim|p2b: Archaludon|Electro Shot|p1b: edgar
|-supereffective|p1b: edgar
|-damage|p1b: edgar|0 fnt
|faint|p1b: edgar
|
|-heal|p2a: Amoonguss|80/100|[from] Grassy Terrain
|upkeep
|
|t:|1757779562
|switch|p1b: gamabunta|Politoed, L50, M, shiny|100/100
|-weather|RainDance|[from] ability: Drizzle|[of] p1b: gamabunta
|turn|3
|inactive|xxxPlayer5xxx has 30 seconds left.
|inactive|xxxPlayer5xxx has 20 seconds left.
|inactive|xxxPlayer5xxx has 15 seconds left.
|
|t:|1757779613
|move|p1b: gamabunta|Protect|p1b: gamabunta
|-singleturn|p1b: gamabunta|Protect
|move|p2a: Amoonguss|Rage Powder|p2a: Amoonguss
|-singleturn|p2a: Amoonguss|move: Rage Powder
|move|p1a: rocky|Drain Punch|p2b: Archaludon
|-supereffective|p2b: Archaludon
|-damage|p2b: Archaludon|45/100
|move|p2b: Archaludon|Electro Shot||[still]
|-prepare|p2b: Archaludon|Electro Shot
|-boost|p2b: Archaludon|spa|1
|-anim|p2b: Archaludon|Electro Shot|p1a: rocky
|-damage|p1a: rocky|21/100
|
|-weather|RainDance|[upkeep]
|-heal|p1a: rocky|27/100|[from] Grassy Terrain
|-heal|p2b: Archaludon|51/100|[from] Grassy Terrain
|-heal|p2a: Amoonguss|86/100|[from] Grassy Terrain
|upkeep
|turn|4
|
|t:|1757779630
|move|p2b: Archaludon|Protect|p2b: Archaludon
|-singleturn|p2b: Archaludon|Protect
|move|p2a: Amoonguss|Protect|p2a: Amoonguss
|-singleturn|p2a: Amoonguss|Protect
|move|p1a: rocky|Rage Fist|p2b: Archaludon
|-activate|p2b: Archaludon|move: Protect
|move|p1b: gamabunta|Ice Beam|p2a: Amoonguss
|-activate|p2a: Amoonguss|move: Protect
|
|-weather|RainDance|[upkeep]
|-heal|p1a: rocky|33/100|[from] Grassy Terrain
|-heal|p2b: Archaludon|57/100|[from] Grassy Terrain
|-heal|p2a: Amoonguss|92/100|[from] Grassy Terrain
|upkeep
|turn|5
|
|t:|1757779648
|-terastallize|p1b: gamabunta|Steel
|-terastallize|p2b: Archaludon|Electric
|move|p2a: Amoonguss|Rage Powder|p2a: Amoonguss
|-singleturn|p2a: Amoonguss|move: Rage Powder
|move|p1a: rocky|Drain Punch|p2b: Archaludon
|-damage|p2b: Archaludon|28/100
|-heal|p1a: rocky|45/100|[from] drain|[of] p2b: Archaludon
|move|p1b: gamabunta|Ice Beam|p2a: Amoonguss
|-supereffective|p2a: Amoonguss
|-crit|p2a: Amoonguss
|-damage|p2a: Amoonguss|27/100
|-enditem|p2a: Amoonguss|Sitrus Berry|[eat]
|-heal|p2a: Amoonguss|52/100|[from] item: Sitrus Berry
|-damage|p1b: gamabunta|91/100|[from] item: Life Orb
|move|p2b: Archaludon|Electro Shot||[still]
|-prepare|p2b: Archaludon|Electro Shot
|-boost|p2b: Archaludon|spa|1
|-anim|p2b: Archaludon|Electro Shot|p1a: rocky
|-damage|p1a: rocky|0 fnt
|faint|p1a: rocky
|
|-weather|RainDance|[upkeep]
|-heal|p1b: gamabunta|97/100|[from] Grassy Terrain
|-heal|p2b: Archaludon|34/100|[from] Grassy Terrain
|-heal|p2a: Amoonguss|58/100|[from] Grassy Terrain
|-sideend|p1: Vicentefc2|move: Tailwind
|-fieldend|move: Grassy Terrain
|upkeep
|
|t:|1757779659
|switch|p1a: donkey kong|Rillaboom, L50, M|18/100
|-fieldstart|move: Grassy Terrain|[from] ability: Grassy Surge|[of] p1a: donkey kong
|turn|6
|
|t:|1757779674
|move|p2b: Archaludon|Protect|p2b: Archaludon
|-singleturn|p2b: Archaludon|Protect
|move|p2a: Amoonguss|Protect|p2a: Amoonguss
|-singleturn|p2a: Amoonguss|Protect
|move|p1a: donkey kong|Grassy Glide|p2b: Archaludon
|-activate|p2b: Archaludon|move: Protect
|move|p1b: gamabunta|Ice Beam|p2a: Amoonguss
|-activate|p2a: Amoonguss|move: Protect
|
|-weather|RainDance|[upkeep]
|-heal|p2b: Archaludon|40/100|[from] Grassy Terrain
|-heal|p1a: donkey kong|24/100|[from] Grassy Terrain
|-heal|p1b: gamabunta|100/100|[from] Grassy Terrain
|-heal|p2a: Amoonguss|64/100|[from] Grassy Terrain
|upkeep
|turn|7
|
|t:|1757779686
|move|p1a: donkey kong|Grassy Glide|p2b: Archaludon
|-damage|p2b: Archaludon|7/100
|move|p2b: Archaludon|Electro Shot||[still]
|-prepare|p2b: Archaludon|Electro Shot
|-boost|p2b: Archaludon|spa|1
|-anim|p2b: Archaludon|Electro Shot|p1a: donkey kong
|-resisted|p1a: donkey kong
|-damage|p1a: donkey kong|0 fnt
|faint|p1a: donkey kong
|move|p1b: gamabunta|Ice Beam|p2a: Amoonguss
|-supereffective|p2a: Amoonguss
|-damage|p2a: Amoonguss|20/100
|-damage|p1b: gamabunta|91/100|[from] item: Life Orb
|move|p2a: Amoonguss|Spore|p1b: gamabunta
|-status|p1b: gamabunta|slp|[from] move: Spore
|
|-weather|none
|-heal|p2b: Archaludon|13/100|[from] Grassy Terrain
|-heal|p1b: gamabunta|97/100 slp|[from] Grassy Terrain
|-heal|p2a: Amoonguss|26/100|[from] Grassy Terrain
|upkeep
|turn|8
|-message|Vicentefc2 forfeited.
|
|win|xxxPlayer5xxx
|l|☆Vicentefc2
|player|p1|
||Vicentefc2 is ready for game 3.
||xxxPlayer5xxx is ready for game 3.
|uhtml|next|Next: Game 3 of 3
