|j|вҳҶworsealuna
|j|вҳҶGyra78
|html|worsealunaGyra78    
|uhtml|bestof|Game 2 of a best-of-3
|t:|1756254229
|gametype|doubles
|player|p1|worsealuna|170|1223
|player|p2|Gyra78|volkner|1278
|gen|9
|tier|[Gen 9] VGC 2025 Reg H (Bo3)
|rated|
|rule|Species Clause: Limit one of each PokГ©mon
|rule|Item Clause: Limit 1 of each item
|clearpoke
|poke|p1|Pelipper, L50, M|
|poke|p1|Archaludon, L50, M|
|poke|p1|Basculegion, L50, M|
|poke|p1|Gholdengo, L50|
|poke|p1|Incineroar, L50, F|
|poke|p1|Amoonguss, L50, F|
|poke|p2|Basculegion, L50, M|
|poke|p2|Pelipper, L50, M|
|poke|p2|Archaludon, L50, M|
|poke|p2|Incineroar, L50, M|
|poke|p2|Gholdengo, L50|
|poke|p2|Amoonguss, L50, M|
|teampreview|4
|showteam|p1|Pelipper||FocusSash|Drizzle|Hurricane,WeatherBall,Protect,Tailwind|||M|||50|,,,,,Stellar]Archaludon||AssaultVest|Stamina|ElectroShot,DragonPulse,Snarl,BodyPress|||M|||50|,,,,,Grass]Basculegion||ChoiceScarf|Adaptability|WaveCrash,LastRespects,IcyWind,FlipTurn|||M|||50|,,,,,Water]Gholdengo||LifeOrb|GoodasGold|MakeItRain,ShadowBall,NastyPlot,Protect||||||50|,,,,,Water]Incineroar||SafetyGoggles|Intimidate|KnockOff,FlareBlitz,PartingShot,FakeOut|||F|||50|,,,,,Ghost]Amoonguss||SitrusBerry|Regenerator|Spore,PollenPuff,RagePowder,Protect|||F|||50|,,,,,Water
|showteam|p2|Basculegion||LifeOrb|SwiftSwim|WaveCrash,LastRespects,Protect,FlipTurn|||M|||50|,,,,,Grass]Pelipper||FocusSash|Drizzle|Protect,Hurricane,WeatherBall,Tailwind|||M|||50|,,,,,Ghost]Archaludon||AssaultVest|Stamina|ElectroShot,DracoMeteor,Snarl,BodyPress|||M|||50|,,,,,Grass]Incineroar||SafetyGoggles|Intimidate|FakeOut,PartingShot,Taunt,KnockOff|||M|||50|,,,,,Bug]Gholdengo||SitrusBerry|GoodasGold|MakeItRain,ShadowBall,NastyPlot,Protect||||||50|,,,,,Flying]Amoonguss||RockyHelmet|Regenerator|Spore,RagePowder,PollenPuff,Protect|||M|||50|,,,,,Water
|inactive|Battle timer is ON: inactive players will automatically lose when time's up. (requested by worsealuna)
|inactive|Gyra78 has 60 seconds left.
|
|t:|1756254284
|teamsize|p1|4
|teamsize|p2|4
|start
|switch|p1a: Incineroar|Incineroar, L50, F|100/100
|switch|p1b: Basculegion|Basculegion, L50, M|100/100
|switch|p2a: PennyBoard|Gholdengo, L50, shiny|100/100
|switch|p2b: Alfredo|Amoonguss, L50, M, shiny|100/100
|-ability|p1a: Incineroar|Intimidate|boost
|-unboost|p2a: PennyBoard|atk|1
|-unboost|p2b: Alfredo|atk|1
|turn|1
|
|t:|1756254299
|move|p2a: PennyBoard|Protect|p2a: PennyBoard
|-singleturn|p2a: PennyBoard|Protect
|move|p2b: Alfredo|Protect|p2b: Alfredo
|-singleturn|p2b: Alfredo|Protect
|move|p1b: Basculegion|Flip Turn|p2b: Alfredo
|-activate|p2b: Alfredo|move: Protect
|move|p1a: Incineroar|Knock Off|p2a: PennyBoard
|-activate|p2a: PennyBoard|move: Protect
|
|upkeep
|turn|2
|inactive|Gyra78 has 30 seconds left.
|inactive|Gyra78 has 20 seconds left.
|inactive|Gyra78 has 15 seconds left.
|inactive|Gyra78 has 10 seconds left.
|inactive|Gyra78 has 5 seconds left.
|
|t:|1756254353
|switch|p2a: Tarik Skubal|Incineroar, L50, M, shiny|100/100
|-ability|p2a: Tarik Skubal|Intimidate|boost
|-unboost|p1a: Incineroar|atk|1
|-unboost|p1b: Basculegion|atk|1
|move|p1b: Basculegion|Flip Turn|p2a: Tarik Skubal
|-supereffective|p2a: Tarik Skubal
|-damage|p2a: Tarik Skubal|55/100
|
|t:|1756254359
|switch|p1b: Gholdengo|Gholdengo, L50|100/100|[from] Flip Turn
|move|p1a: Incineroar|Knock Off|p2a: Tarik Skubal
|-resisted|p2a: Tarik Skubal
|-crit|p2a: Tarik Skubal
|-damage|p2a: Tarik Skubal|28/100
|-enditem|p2a: Tarik Skubal|Safety Goggles|[from] move: Knock Off|[of] p1a: Incineroar
|move|p2b: Alfredo|Spore|p1b: Gholdengo
|-immune|p1b: Gholdengo|[from] ability: Good as Gold
|
|upkeep
|turn|3
|inactive|worsealuna has 30 seconds left.
|inactive|Gyra78 has 30 seconds left.
|
|t:|1756254388
|switch|p2b: ACвҡЎпёҺDC|Archaludon, L50, M, shiny|100/100
|move|p1b: Gholdengo|Shadow Ball|p2a: Tarik Skubal
|-resisted|p2a: Tarik Skubal
|-damage|p2a: Tarik Skubal|7/100
|-damage|p1b: Gholdengo|91/100|[from] item: Life Orb
|move|p1a: Incineroar|Flare Blitz|p2a: Tarik Skubal
|-resisted|p2a: Tarik Skubal
|-damage|p2a: Tarik Skubal|0 fnt
|faint|p2a: Tarik Skubal
|-damage|p1a: Incineroar|98/100|[from] Recoil
|
|upkeep
|
|t:|1756254398
|switch|p2a: PennyBoard|Gholdengo, L50, shiny|100/100
|turn|4
|
|t:|1756254415
|-terastallize|p1b: Gholdengo|Water
|move|p1b: Gholdengo|Nasty Plot|p1b: Gholdengo
|-boost|p1b: Gholdengo|spa|2
|move|p2a: PennyBoard|Shadow Ball|p1b: Gholdengo
|-damage|p1b: Gholdengo|45/100
|-unboost|p1b: Gholdengo|spd|1
|move|p2b: ACвҡЎпёҺDC|Body Press|p1a: Incineroar
|-supereffective|p1a: Incineroar
|-damage|p1a: Incineroar|51/100
|move|p1a: Incineroar|Knock Off|p2b: ACвҡЎпёҺDC
|-damage|p2b: ACвҡЎпёҺDC|82/100
|-ability|p2b: ACвҡЎпёҺDC|Stamina|boost
|-boost|p2b: ACвҡЎпёҺDC|def|1
|-enditem|p2b: ACвҡЎпёҺDC|Assault Vest|[from] move: Knock Off|[of] p1a: Incineroar
|
|upkeep
|turn|5
|inactive|worsealuna has 30 seconds left.
|
|t:|1756254444
|move|p1b: Gholdengo|Shadow Ball|p2b: ACвҡЎпёҺDC
|-crit|p2b: ACвҡЎпёҺDC
|-damage|p2b: ACвҡЎпёҺDC|0 fnt
|faint|p2b: ACвҡЎпёҺDC
|-damage|p1b: Gholdengo|35/100|[from] item: Life Orb
|move|p2a: PennyBoard|Shadow Ball|p1b: Gholdengo
|-damage|p1b: Gholdengo|0 fnt
|faint|p1b: Gholdengo
|move|p1a: Incineroar|Knock Off|p2a: PennyBoard
|-supereffective|p2a: PennyBoard
|-damage|p2a: PennyBoard|57/100
|-enditem|p2a: PennyBoard|Sitrus Berry|[from] move: Knock Off|[of] p1a: Incineroar
|
|upkeep
|
|t:|1756254453
|switch|p1b: Archaludon|Archaludon, L50, M|100/100
|switch|p2b: Alfredo|Amoonguss, L50, M, shiny|100/100
|turn|6
|
|t:|1756254465
|-terastallize|p2a: PennyBoard|Flying
|move|p1b: Archaludon|Snarl|p2a: PennyBoard|[spread] p2a,p2b
|-damage|p2a: PennyBoard|46/100
|-damage|p2b: Alfredo|90/100
|-unboost|p2a: PennyBoard|spa|1
|-unboost|p2b: Alfredo|spa|1
|move|p2a: PennyBoard|Nasty Plot|p2a: PennyBoard
|-boost|p2a: PennyBoard|spa|2
|move|p1a: Incineroar|Flare Blitz|p2b: Alfredo
|-supereffective|p2b: Alfredo
|-damage|p2b: Alfredo|37/100
|-damage|p1a: Incineroar|35/100|[from] item: Rocky Helmet|[of] p2b: Alfredo
|-damage|p1a: Incineroar|16/100|[from] Recoil
|move|p2b: Alfredo|Spore|p1b: Archaludon
|-status|p1b: Archaludon|slp|[from] move: Spore
|
|upkeep
|turn|7
|inactive|Gyra78 has 30 seconds left.
|
|t:|1756254495
|cant|p1b: Archaludon|slp
|move|p2a: PennyBoard|Shadow Ball|p1a: Incineroar
|-resisted|p1a: Incineroar
|-damage|p1a: Incineroar|0 fnt
|faint|p1a: Incineroar
|move|p2b: Alfredo|Pollen Puff|p2a: PennyBoard
|-heal|p2a: PennyBoard|95/100
|
|upkeep
|
|t:|1756254497
|switch|p1a: Basculegion|Basculegion, L50, M|100/100
|turn|8
|
|t:|1756254509
|move|p2b: Alfredo|Rage Powder|p2b: Alfredo
|-singleturn|p2b: Alfredo|move: Rage Powder
|move|p1a: Basculegion|Last Respects|p2b: Alfredo
|-damage|p2b: Alfredo|0 fnt
|faint|p2b: Alfredo
|-curestatus|p1b: Archaludon|slp|[msg]
|move|p1b: Archaludon|Electro Shot||[still]
|-prepare|p1b: Archaludon|Electro Shot
|-boost|p1b: Archaludon|spa|1
|move|p2a: PennyBoard|Shadow Ball|p1a: Basculegion
|-supereffective|p1a: Basculegion
|-damage|p1a: Basculegion|0 fnt
|faint|p1a: Basculegion
|
|upkeep
|turn|9
|
|t:|1756254524
|move|p2a: PennyBoard|Protect|p2a: PennyBoard
|-singleturn|p2a: PennyBoard|Protect
|move|p1b: Archaludon|Electro Shot|p2a: PennyBoard|[from] lockedmove
|-activate|p2a: PennyBoard|move: Protect
|
|upkeep
|turn|10
|c|вҳҶworsealuna|ggs
|
|t:|1756254530
|move|p1b: Archaludon|Dragon Pulse|p2a: PennyBoard
|-damage|p2a: PennyBoard|43/100
|move|p2a: PennyBoard|Shadow Ball|p1b: Archaludon
|-damage|p1b: Archaludon|45/100
|-ability|p1b: Archaludon|Stamina|boost
|-boost|p1b: Archaludon|def|1
|
|upkeep
|turn|11
|
|t:|1756254538
|move|p1b: Archaludon|Dragon Pulse|p2a: PennyBoard
|-damage|p2a: PennyBoard|0 fnt
|faint|p2a: PennyBoard
|
|win|worsealuna
|raw|worsealuna's rating: 1223 → 1252(+29 for winning)
|raw|Gyra78's rating: 1278 → 1249(-29 for losing)
