|j|☆Divine Monkey King
|j|☆Under Limbo
|html|Divine Monkey KingUnder Limbo    
|uhtml|bestof|Game 1 of a best-of-3
|t:|1784821626
|gametype|doubles
|player|p1|Divine Monkey King|silver|1123
|player|p2|Under Limbo|n|1054
|gen|9
|tier|[Gen 9 Champions] VGC 2026 Reg M-B (Bo3)
|rated|
|rule|Species Clause: Limit one of each Pokémon
|rule|Item Clause: Limit 1 of each item
|clearpoke
|poke|p1|Tyranitar, L50, M, shiny|
|poke|p1|Aerodactyl, L50, M, shiny|
|poke|p1|Pelipper, L50, M, shiny|
|poke|p1|Basculegion, L50, M, shiny|
|poke|p1|Beedrill, L50, M, shiny|
|poke|p1|Annihilape, L50, M, shiny|
|poke|p2|Froslass, L50, F, shiny|
|poke|p2|Glimmora, L50, M, shiny|
|poke|p2|Grimmsnarl, L50, M|
|poke|p2|Sneasler, L50, F|
|poke|p2|Milotic, L50, F, shiny|
|poke|p2|Tsareena, L50, F, shiny|
|teampreview|4
|showteam|p1|Tyranitar||Tyranitarite|SandStream|BrickBreak,KnockOff,Protect,RockSlide|Adamant||M|||50|]Aerodactyl||FocusSash|Unnerve|DualWingbeat,IronHead,Protect,Tailwind|Jolly||M|||50|]Pelipper||WacanBerry|Drizzle|Hurricane,IceBeam,Protect,WeatherBall|Calm||M|||50|]Basculegion||MysticWater|SwiftSwim|AquaJet,FlipTurn,LastRespects,Protect|Adamant||M|||50|]Beedrill||Beedrillite|Sniper|PoisonJab,Protect,Uturn,FellStinger|Jolly||M|||50|]Annihilape||Leftovers|Defiant|BulkUp,DrainPunch,Protect,ThunderPunch|Adamant||M|||50|
|showteam|p2|Froslass||Froslassite|CursedBody|Blizzard,AuroraVeil,Protect,Hex|Timid||F|||50|]Glimmora||SitrusBerry|ToxicDebris|MortalSpin,SpikyShield,PowerGem,EarthPower|Bold||M|||50|]Grimmsnarl||LightClay|Prankster|SpiritBreak,PartingShot,LightScreen,Reflect|Careful||M|||50|]Sneasler||FocusSash|Unburden|CloseCombat,ThroatChop,FakeOut,DireClaw|Jolly||F|||50|]Milotic||Leftovers|Competitive|MuddyWater,IceBeam,Haze,Recover|Calm||F|||50|]Tsareena||ExpertBelt|QueenlyMajesty|TropKick,TripleAxel,LowKick,Protect|Adamant||F|||50|
|
|t:|1784821681
|teamsize|p1|4
|teamsize|p2|4
|start
|switch|p1a: Aerodactyl|Aerodactyl, L50, M, shiny|100/100
|switch|p1b: Tyranitar|Tyranitar, L50, M, shiny|100/100
|switch|p2a: Feji|Glimmora, L50, M, shiny|100/100
|switch|p2b: Ivy|Tsareena, L50, F, shiny|100/100
|-ability|p1a: Aerodactyl|Unnerve
|-weather|Sandstorm|[from] ability: Sand Stream|[of] p1b: Tyranitar
|turn|1
|
|t:|1784821720
|move|p1b: Tyranitar|Protect|p1b: Tyranitar
|-singleturn|p1b: Tyranitar|Protect
|move|p1a: Aerodactyl|Tailwind|p1a: Aerodactyl
|-sidestart|p1: Divine Monkey King|move: Tailwind
|move|p2a: Feji|Power Gem|p1a: Aerodactyl
|-supereffective|p1a: Aerodactyl|1
|-damage|p1a: Aerodactyl|33/100
|move|p2b: Ivy|Trop Kick|p1b: Tyranitar
|-activate|p1b: Tyranitar|move: Protect
|
|-weather|Sandstorm|[upkeep]
|-damage|p2b: Ivy|94/100|[from] Sandstorm
|upkeep
|turn|2
|
|t:|1784821739
|move|p1a: Aerodactyl|Dual Wingbeat|p2b: Ivy
|-supereffective|p2b: Ivy|1
|-damage|p2b: Ivy|58/100
|-supereffective|p2b: Ivy|1
|-damage|p2b: Ivy|23/100
|-hitcount|p2b: Ivy|2
|move|p1b: Tyranitar|Brick Break|p2a: Feji
|-damage|p2a: Feji|75/100
|-activate|p2a: Feji|ability: Toxic Debris
|-sidestart|p1: Divine Monkey King|move: Toxic Spikes
|move|p2a: Feji|Mortal Spin|p1b: Tyranitar|[spread] p1a,p1b
|-resisted|p1a: Aerodactyl|1
|-resisted|p1b: Tyranitar|1
|-damage|p1a: Aerodactyl|29/100
|-damage|p1b: Tyranitar|98/100
|-status|p1a: Aerodactyl|psn
|-status|p1b: Tyranitar|psn
|move|p2b: Ivy|Low Kick|p1b: Tyranitar
|-supereffective|p1b: Tyranitar|2
|-damage|p1b: Tyranitar|0 fnt
|faint|p1b: Tyranitar
|
|-weather|Sandstorm|[upkeep]
|-damage|p2b: Ivy|17/100|[from] Sandstorm
|-damage|p1a: Aerodactyl|17/100 psn|[from] psn
|upkeep
|
|t:|1784821762
|switch|p1b: Pelipper|Pelipper, L50, M, shiny|100/100
|-weather|RainDance|[from] ability: Drizzle|[of] p1b: Pelipper
|turn|3
|
|t:|1784821771
|move|p2b: Ivy|Protect|p2b: Ivy
|-singleturn|p2b: Ivy|Protect
|move|p1a: Aerodactyl|Dual Wingbeat|p2b: Ivy
|-activate|p2b: Ivy|move: Protect
|move|p1b: Pelipper|Weather Ball|p2a: Feji
|-supereffective|p2a: Feji|1
|-damage|p2a: Feji|0 fnt
|faint|p2a: Feji
|
|-weather|RainDance|[upkeep]
|-damage|p1a: Aerodactyl|5/100 psn|[from] psn
|upkeep
|
|t:|1784821792
|switch|p2a: Celeste|Sneasler, L50, F|100/100
|turn|4
|
|t:|1784821810
|move|p2a: Celeste|Fake Out|p1a: Aerodactyl
|-resisted|p1a: Aerodactyl|1
|-damage|p1a: Aerodactyl|0 fnt
|faint|p1a: Aerodactyl
|move|p1b: Pelipper|Hurricane|p2a: Celeste
|-supereffective|p2a: Celeste|1
|-enditem|p2a: Celeste|Focus Sash
|-damage|p2a: Celeste|1/100
|move|p2b: Ivy|Triple Axel|p1b: Pelipper
|-damage|p1b: Pelipper|93/100
|-damage|p1b: Pelipper|77/100
|-damage|p1b: Pelipper|57/100
|-hitcount|p1b: Pelipper|3
|
|-weather|RainDance|[upkeep]
|-sideend|p1: Divine Monkey King|move: Tailwind
|upkeep
|
|t:|1784821821
|switch|p1a: Beedrill|Beedrill, L50, M, shiny|100/100
|-sideend|p1: Divine Monkey King|move: Toxic Spikes|[of] p1a: Beedrill
|turn|5
|
|t:|1784821855
|detailschange|p1a: Beedrill|Beedrill-Mega, L50, M, shiny
|-mega|p1a: Beedrill|Beedrill|Beedrillite
|move|p2a: Celeste|Dire Claw|p1b: Pelipper
|-damage|p1b: Pelipper|8/100
|move|p1a: Beedrill|Fell Stinger|p2a: Celeste
|-resisted|p2a: Celeste|2
|-damage|p2a: Celeste|0 fnt
|faint|p2a: Celeste
|-boost|p1a: Beedrill|atk|3
|move|p2b: Ivy|Trop Kick|p1a: Beedrill
|-resisted|p1a: Beedrill|2
|-damage|p1a: Beedrill|77/100
|-unboost|p1a: Beedrill|atk|1
|move|p1b: Pelipper|Ice Beam|p2b: Ivy
|-supereffective|p2b: Ivy|1
|-damage|p2b: Ivy|0 fnt
|faint|p2b: Ivy
|
|-weather|RainDance|[upkeep]
|upkeep
|
|t:|1784821876
|switch|p2b: Carmen|Froslass, L50, F, shiny|100/100
|turn|6
|inactive|Battle timer is ON: inactive players will automatically lose when time's up. (requested by Under Limbo)
|
|t:|1784821891
|detailschange|p2b: Carmen|Froslass-Mega, L50, F, shiny
|-mega|p2b: Carmen|Froslass|Froslassite
|-weather|Snowscape|[from] ability: Snow Warning|[of] p2b: Carmen
|move|p1a: Beedrill|Poison Jab|p2b: Carmen
|-resisted|p2b: Carmen|1
|-damage|p2b: Carmen|32/100
|move|p2b: Carmen|Blizzard|p1a: Beedrill|[spread] p1a,p1b
|-damage|p1a: Beedrill|2/100
|-damage|p1b: Pelipper|0 fnt
|faint|p1b: Pelipper
|
|-weather|Snowscape|[upkeep]
|upkeep
|turn|7
|
|t:|1784821905
|move|p1a: Beedrill|Poison Jab|p2b: Carmen
|-resisted|p2b: Carmen|1
|-damage|p2b: Carmen|0 fnt
|faint|p2b: Carmen
|
|win|Divine Monkey King
||Under Limbo is ready for game 2.
|l|☆Under Limbo
|player|p2|
|inactive|Divine Monkey King has 30 seconds to confirm battle start!
||Divine Monkey King is ready for game 2.
|uhtml|next|Next: Game 2 of 3
