|j|☆ZieCE
|j|☆KZshin7
|html|ZieCEKZshin7    
|uhtml|bestof|Game 2 of a best-of-3
|t:|1784879069
|gametype|doubles
|player|p1|ZieCE|101|1000
|player|p2|KZshin7|170|1040
|gen|9
|tier|[Gen 9 Champions] VGC 2026 Reg M-B (Bo3)
|rated|
|rule|Species Clause: Limit one of each Pokémon
|rule|Item Clause: Limit 1 of each item
|clearpoke
|poke|p1|Talonflame, L50, M|
|poke|p1|Gholdengo, L50|
|poke|p1|Tyranitar, L50, F|
|poke|p1|Sylveon, L50, F|
|poke|p1|Rotom-Wash, L50|
|poke|p1|Mamoswine, L50, M|
|poke|p2|Garchomp, L50, M|
|poke|p2|Venusaur, L50, M|
|poke|p2|Incineroar, L50, F|
|poke|p2|Charizard, L50, M|
|poke|p2|Toxapex, L50, M|
|poke|p2|Annihilape, L50, F|
|teampreview|4
|showteam|p1|Talonflame||LifeOrb|GaleWings|BraveBird,Tailwind,Protect,QuickGuard|Jolly||M|||50|]Gholdengo||SpellTag|GoodasGold|MakeItRain,NastyPlot,ShadowBall,Protect|Modest|||||50|]Tyranitar||Tyranitarite|SandStream|BrickBreak,KnockOff,RockSlide,Protect|Adamant||F|||50|]Sylveon||FairyFeather|Pixilate|HyperVoice,Yawn,HyperBeam,Detect|Modest||F|||50|]Rotom-Wash||Magnet|Levitate|Thunderbolt,WillOWisp,Protect,HydroPump|Modest|||||50|]Mamoswine||FocusSash|Oblivious|IceShard,Earthquake,Protect,IcicleCrash|Jolly||M|||50|
|showteam|p2|Garchomp||ChoiceScarf|RoughSkin|Earthquake,RockSlide,DragonClaw,StompingTantrum|Adamant||M|||50|]Venusaur||LifeOrb|Chlorophyll|SludgeBomb,SolarBeam,EarthPower,Protect|Modest||M|||50|]Incineroar||SitrusBerry|Intimidate|FakeOut,FlareBlitz,ThroatChop,PartingShot|Impish||F|||50|]Charizard||CharizarditeY|Blaze|HeatWave,WeatherBall,Protect,HelpingHand|Modest||M|||50|]Toxapex||Leftovers|Regenerator|Infestation,Toxic,WideGuard,BanefulBunker|Impish||M|||50|]Annihilape||FocusSash|Defiant|CloseCombat,PhantomForce,RockTomb,Protect|Jolly||F|||50|
|
|t:|1784879098
|teamsize|p1|4
|teamsize|p2|4
|start
|switch|p1a: Tyranitar|Tyranitar, L50, F|100/100
|switch|p1b: Mamoswine|Mamoswine, L50, M|100/100
|switch|p2a: Toxapex|Toxapex, L50, M|100/100
|switch|p2b: Incineroar|Incineroar, L50, F|100/100
|-weather|Sandstorm|[from] ability: Sand Stream|[of] p1a: Tyranitar
|-ability|p2b: Incineroar|Intimidate|boost
|-unboost|p1a: Tyranitar|atk|1
|-fail|p1b: Mamoswine|unboost|Attack|[from] ability: Oblivious|[of] p1b: Mamoswine
|turn|1
|
|t:|1784879126
|switch|p1a: Rotom|Rotom-Wash, L50|100/100
|move|p1b: Mamoswine|Protect|p1b: Mamoswine
|-singleturn|p1b: Mamoswine|Protect
|move|p2b: Incineroar|Fake Out|p1a: Rotom
|-damage|p1a: Rotom|89/100
|move|p2a: Toxapex|Toxic|p1b: Mamoswine
|-activate|p1b: Mamoswine|move: Protect
|
|-weather|Sandstorm|[upkeep]
|-damage|p1a: Rotom|83/100|[from] Sandstorm
|-damage|p2b: Incineroar|94/100|[from] Sandstorm
|-damage|p2a: Toxapex|94/100|[from] Sandstorm
|-heal|p2a: Toxapex|100/100|[from] item: Leftovers
|upkeep
|turn|2
|
|t:|1784879151
|move|p2a: Toxapex|Baneful Bunker|p2a: Toxapex
|-singleturn|p2a: Toxapex|move: Protect
|move|p1b: Mamoswine|Icicle Crash|p2b: Incineroar
|-resisted|p2b: Incineroar|1
|-damage|p2b: Incineroar|79/100
|move|p1a: Rotom|Hydro Pump|p2b: Incineroar
|-supereffective|p2b: Incineroar|1
|-crit|p2b: Incineroar
|-damage|p2b: Incineroar|0 fnt
|faint|p2b: Incineroar
|
|-weather|Sandstorm|[upkeep]
|-damage|p1a: Rotom|77/100|[from] Sandstorm
|-damage|p2a: Toxapex|94/100|[from] Sandstorm
|-heal|p2a: Toxapex|100/100|[from] item: Leftovers
|upkeep
|
|t:|1784879166
|switch|p2b: Charizard|Charizard, L50, M|100/100
|turn|3
|
|t:|1784879185
|detailschange|p2b: Charizard|Charizard-Mega-Y, L50, M
|-mega|p2b: Charizard|Charizard|Charizardite Y
|-weather|SunnyDay|[from] ability: Drought|[of] p2b: Charizard
|move|p2b: Charizard|Protect|p2b: Charizard
|-singleturn|p2b: Charizard|Protect
|move|p1b: Mamoswine|Earthquake|p2b: Charizard|[spread] p2a
|-activate|p2b: Charizard|move: Protect
|-immune|p1a: Rotom|[from] ability: Levitate
|-supereffective|p2a: Toxapex|1
|-damage|p2a: Toxapex|46/100
|move|p1a: Rotom|Thunderbolt|p2a: Toxapex
|-supereffective|p2a: Toxapex|1
|-damage|p2a: Toxapex|0 fnt
|faint|p2a: Toxapex
|
|-weather|SunnyDay|[upkeep]
|upkeep
|
|t:|1784879203
|switch|p2a: Annihilape|Annihilape, L50, F|100/100
|turn|4
|
|t:|1784879218
|move|p2b: Charizard|Helping Hand|p2a: Annihilape
|-singleturn|p2a: Annihilape|Helping Hand|[of] p2b: Charizard
|move|p1b: Mamoswine|Protect|p1b: Mamoswine
|-singleturn|p1b: Mamoswine|Protect
|move|p2a: Annihilape|Close Combat|p1b: Mamoswine
|-activate|p1b: Mamoswine|move: Protect
|move|p1a: Rotom|Will-O-Wisp|p2a: Annihilape
|-status|p2a: Annihilape|brn
|
|-weather|SunnyDay|[upkeep]
|-damage|p2a: Annihilape|94/100 brn|[from] brn
|upkeep
|turn|5
|
|t:|1784879259
|move|p2b: Charizard|Protect|p2b: Charizard
|-singleturn|p2b: Charizard|Protect
|move|p2a: Annihilape|Phantom Force||[still]
|-prepare|p2a: Annihilape|Phantom Force
|move|p1b: Mamoswine|Icicle Crash|p2b: Charizard
|-activate|p2b: Charizard|move: Protect
|move|p1a: Rotom|Thunderbolt|p2b: Charizard
|-activate|p2b: Charizard|move: Protect
|
|-weather|SunnyDay|[upkeep]
|-damage|p2a: Annihilape|88/100 brn|[from] brn
|upkeep
|turn|6
|
|t:|1784879278
|switch|p1a: Tyranitar|Tyranitar, L50, F|100/100
|-weather|Sandstorm|[from] ability: Sand Stream|[of] p1a: Tyranitar
|move|p1b: Mamoswine|Ice Shard|p2b: Charizard
|-damage|p2b: Charizard|80/100
|move|p2a: Annihilape|Phantom Force|p1a: Tyranitar|[from] lockedmove
|-resisted|p1a: Tyranitar|1
|-damage|p1a: Tyranitar|90/100
|move|p2b: Charizard|Heat Wave|p1b: Mamoswine|[spread] p1a,p1b
|-resisted|p1a: Tyranitar|1
|-supereffective|p1b: Mamoswine|1
|-damage|p1a: Tyranitar|77/100
|-enditem|p1b: Mamoswine|Focus Sash
|-damage|p1b: Mamoswine|1/100
|-status|p1b: Mamoswine|brn
|
|-weather|Sandstorm|[upkeep]
|-damage|p2a: Annihilape|82/100 brn|[from] Sandstorm
|-damage|p2b: Charizard|74/100|[from] Sandstorm
|-damage|p2a: Annihilape|76/100 brn|[from] brn
|-damage|p1b: Mamoswine|0 fnt|[from] brn
|faint|p1b: Mamoswine
|upkeep
|
|t:|1784879299
|switch|p1b: Talonflame|Talonflame, L50, M|100/100
|turn|7
|
|t:|1784879309
|detailschange|p1a: Tyranitar|Tyranitar-Mega, L50, F
|-mega|p1a: Tyranitar|Tyranitar|Tyranitarite
|move|p1b: Talonflame|Tailwind|p1b: Talonflame
|-sidestart|p1: ZieCE|move: Tailwind
|move|p1a: Tyranitar|Rock Slide|p2b: Charizard|[spread] p2a,p2b
|-resisted|p2a: Annihilape|1
|-supereffective|p2b: Charizard|2
|-damage|p2a: Annihilape|56/100 brn
|-damage|p2b: Charizard|0 fnt
|faint|p2b: Charizard
|cant|p2a: Annihilape|flinch
|
|-weather|Sandstorm|[upkeep]
|-damage|p1b: Talonflame|94/100|[from] Sandstorm
|-damage|p2a: Annihilape|50/100g brn|[from] Sandstorm
|-damage|p2a: Annihilape|44/100 brn|[from] brn
|upkeep
|turn|8
|
|t:|1784879325
|move|p1b: Talonflame|Protect|p1b: Talonflame
|-singleturn|p1b: Talonflame|Protect
|move|p1a: Tyranitar|Knock Off|p2a: Annihilape
|-damage|p2a: Annihilape|0 fnt
|-enditem|p2a: Annihilape|Focus Sash|[from] move: Knock Off|[of] p1a: Tyranitar
|faint|p2a: Annihilape
|
|win|ZieCE
|raw|ZieCE's rating: 1000 → 1045(+45 for winning)
|raw|KZshin7's rating: 1040 → 1022(-18 for losing)
|l|☆KZshin7
|player|p2|
