|j|☆broccoliraab
|j|☆Ameliaaa12
|html|broccoliraabAmeliaaa12    
|uhtml|bestof|Game 1 of a best-of-3
|t:|1756945387
|gametype|doubles
|player|p1|broccoliraab|101|1098
|player|p2|Ameliaaa12|170|1000
|gen|9
|tier|[Gen 9] VGC 2025 Reg H (Bo3)
|rated|
|rule|Species Clause: Limit one of each Pokémon
|rule|Item Clause: Limit 1 of each item
|clearpoke
|poke|p1|Torkoal, L50, F|
|poke|p1|Indeedee-F, L50, F|
|poke|p1|Amoonguss, L50, F|
|poke|p1|Primarina, L50, F|
|poke|p1|Hatterene, L50, F|
|poke|p1|Archaludon, L50, F|
|poke|p2|Frosmoth, L50, M|
|poke|p2|Ninetales-Alola, L50, M|
|poke|p2|Annihilape, L50, M|
|poke|p2|Rillaboom, L50, F|
|poke|p2|Incineroar, L50, M|
|poke|p2|Maushold-Four, L50|
|teampreview|4
|showteam|p1|Torkoal||ChoiceSpecs|Drought|Eruption,Overheat,EarthPower,Flamethrower|||F|||50|,,,,,Fire]Indeedee-F||SafetyGoggles|PsychicSurge|FollowMe,TrickRoom,Psychic,HelpingHand|||F|||50|,,,,,Dark]Amoonguss||RockyHelmet|Regenerator|RagePowder,Spore,PollenPuff,Protect|||F|||50|,,,,,Water]Primarina||AssaultVest|LiquidVoice|HyperVoice,Moonblast,WeatherBall,EnergyBall|||F|||50|,,,,,Ground]Hatterene||LifeOrb|MagicBounce|TrickRoom,ExpandingForce,DazzlingGleam,ShadowBall|||F|||50|,,,,,Dark]Archaludon||PowerHerb|Stamina|BodyPress,ElectroShot,MeteorBeam,FlashCannon|||F|||50|,,,,,Ghost
|showteam|p2|Frosmoth||Leftovers|IceScales|Blizzard,TeraBlast,QuiverDance,Protect|||M|||50|,,,,,Water]Ninetales-Alola||FocusSash|SnowWarning|FreezeDry,IcyWind,AuroraVeil,Protect|||M|||50|,,,,,Ghost]Annihilape||SitrusBerry|Defiant|RageFist,DrainPunch,BulkUp,Protect|||M|||50|,,,,,Fire]Rillaboom||AssaultVest|GrassySurge|FakeOut,WoodHammer,GrassyGlide,Uturn|||F|||50|,,,,,Fire]Incineroar||SafetyGoggles|Intimidate|FlareBlitz,KnockOff,FakeOut,PartingShot|||M|||50|,,,,,Ghost]Maushold-Four||RockyHelmet|FriendGuard|FollowMe,BeatUp,Taunt,Protect||||||50|,,,,,Water
|
|t:|1756945413
|teamsize|p1|4
|teamsize|p2|4
|start
|switch|p1a: Indeedee|Indeedee-F, L50, F|100/100
|switch|p1b: Hatterene|Hatterene, L50, F|100/100
|switch|p2a: Maushold|Maushold-Four, L50|100/100
|switch|p2b: Frosmoth|Frosmoth, L50, M|100/100
|-fieldstart|move: Psychic Terrain|[from] ability: Psychic Surge|[of] p1a: Indeedee
|turn|1
|inactive|Battle timer is ON: inactive players will automatically lose when time's up. (requested by Ameliaaa12)
|
|t:|1756945430
|move|p2a: Maushold|Taunt|p1a: Indeedee
|-start|p1a: Indeedee|move: Taunt
|move|p2b: Frosmoth|Quiver Dance|p2b: Frosmoth
|-boost|p2b: Frosmoth|spa|1
|-boost|p2b: Frosmoth|spd|1
|-boost|p2b: Frosmoth|spe|1
|move|p1b: Hatterene|Expanding Force|p2b: Frosmoth|[spread] p2a,p2b
|-crit|p2a: Maushold
|-damage|p2a: Maushold|0 fnt
|-damage|p2b: Frosmoth|74/100
|faint|p2a: Maushold
|-damage|p1b: Hatterene|91/100|[from] item: Life Orb
|cant|p1a: Indeedee|move: Taunt|Trick Room
|
|-heal|p2b: Frosmoth|79/100|[from] item: Leftovers
|upkeep
|
|t:|1756945446
|switch|p2a: Ninetales|Ninetales-Alola, L50, M|100/100
|-weather|Snowscape|[from] ability: Snow Warning|[of] p2a: Ninetales
|turn|2
|inactive|broccoliraab has 30 seconds left.
|
|t:|1756945481
|switch|p1a: Torkoal|Torkoal, L50, F|100/100
|-weather|SunnyDay|[from] ability: Drought|[of] p1a: Torkoal
|move|p2a: Ninetales|Protect|p2a: Ninetales
|-singleturn|p2a: Ninetales|Protect
|move|p2b: Frosmoth|Quiver Dance|p2b: Frosmoth
|-boost|p2b: Frosmoth|spa|1
|-boost|p2b: Frosmoth|spd|1
|-boost|p2b: Frosmoth|spe|1
|move|p1b: Hatterene|Trick Room|p1b: Hatterene
|-fieldstart|move: Trick Room|[of] p1b: Hatterene
|
|-weather|SunnyDay|[upkeep]
|-heal|p2b: Frosmoth|85/100|[from] item: Leftovers
|upkeep
|turn|3
|inactive|broccoliraab has 30 seconds left.
|inactive|Ameliaaa12 has 30 seconds left.
|inactive|broccoliraab has 20 seconds left.
|inactive|Ameliaaa12 has 20 seconds left.
|inactive|Ameliaaa12 has 15 seconds left.
|inactive|Ameliaaa12 has 10 seconds left.
|
|t:|1756945527
|switch|p2a: Rillaboom|Rillaboom, L50, F|100/100
|-fieldstart|move: Grassy Terrain|[from] ability: Grassy Surge|[of] p2a: Rillaboom
|-terastallize|p2b: Frosmoth|Water
|move|p1a: Torkoal|Eruption|p2a: Rillaboom|[spread] p2a,p2b
|-supereffective|p2a: Rillaboom
|-resisted|p2b: Frosmoth
|-damage|p2a: Rillaboom|0 fnt
|-damage|p2b: Frosmoth|71/100
|faint|p2a: Rillaboom
|move|p1b: Hatterene|Expanding Force|p2b: Frosmoth
|-damage|p2b: Frosmoth|54/100
|-damage|p1b: Hatterene|81/100|[from] item: Life Orb
|move|p2b: Frosmoth|Quiver Dance|p2b: Frosmoth
|-boost|p2b: Frosmoth|spa|1
|-boost|p2b: Frosmoth|spd|1
|-boost|p2b: Frosmoth|spe|1
|
|-weather|SunnyDay|[upkeep]
|-heal|p1b: Hatterene|87/100|[from] Grassy Terrain
|-heal|p2b: Frosmoth|59/100|[from] Grassy Terrain
|-heal|p2b: Frosmoth|65/100|[from] item: Leftovers
|upkeep
|
|t:|1756945530
|switch|p2a: Ninetales|Ninetales-Alola, L50, M|100/100
|-weather|Snowscape|[from] ability: Snow Warning|[of] p2a: Ninetales
|turn|4
|
|t:|1756945555
|move|p1a: Torkoal|Eruption|p2a: Ninetales|[spread] p2a,p2b
|-supereffective|p2a: Ninetales
|-resisted|p2b: Frosmoth
|-enditem|p2a: Ninetales|Focus Sash
|-damage|p2a: Ninetales|1/100
|-damage|p2b: Frosmoth|57/100
|move|p1b: Hatterene|Shadow Ball|p2a: Ninetales
|-crit|p2a: Ninetales
|-damage|p2a: Ninetales|0 fnt
|faint|p2a: Ninetales
|-damage|p1b: Hatterene|77/100|[from] item: Life Orb
|move|p2b: Frosmoth|Blizzard|p1b: Hatterene|[spread] p1a,p1b
|-resisted|p1a: Torkoal
|-damage|p1a: Torkoal|41/100
|-damage|p1b: Hatterene|0 fnt
|faint|p1b: Hatterene
|
|-weather|Snowscape|[upkeep]
|-heal|p1a: Torkoal|47/100|[from] Grassy Terrain
|-heal|p2b: Frosmoth|63/100|[from] Grassy Terrain
|-heal|p2b: Frosmoth|68/100|[from] item: Leftovers
|upkeep
|
|t:|1756945569
|switch|p1b: Primarina|Primarina, L50, F|100/100
|turn|5
|
|t:|1756945579
|switch|p1a: Indeedee|Indeedee-F, L50, F|100/100
|-fieldstart|move: Psychic Terrain|[from] ability: Psychic Surge|[of] p1a: Indeedee
|move|p2b: Frosmoth|Protect|p2b: Frosmoth
|-singleturn|p2b: Frosmoth|Protect
|move|p1b: Primarina|Energy Ball|p2b: Frosmoth
|-activate|p2b: Frosmoth|move: Protect
|
|-weather|Snowscape|[upkeep]
|-heal|p2b: Frosmoth|74/100|[from] item: Leftovers
|upkeep
|turn|6
|
|t:|1756945593
|move|p1b: Primarina|Energy Ball|p2b: Frosmoth
|-supereffective|p2b: Frosmoth
|-damage|p2b: Frosmoth|60/100
|move|p2b: Frosmoth|Blizzard|p1a: Indeedee|[spread] p1a,p1b
|-resisted|p1b: Primarina
|-damage|p1a: Indeedee|17/100
|-damage|p1b: Primarina|75/100
|move|p1a: Indeedee|Trick Room|p1a: Indeedee
|-fieldend|move: Trick Room
|
|-weather|Snowscape|[upkeep]
|-heal|p2b: Frosmoth|66/100|[from] item: Leftovers
|upkeep
|turn|7
|
|t:|1756945616
|move|p1a: Indeedee|Helping Hand|p1b: Primarina
|-singleturn|p1b: Primarina|Helping Hand|[of] p1a: Indeedee
|move|p2b: Frosmoth|Blizzard|p1b: Primarina|[spread] p1a,p1b
|-resisted|p1b: Primarina
|-damage|p1a: Indeedee|0 fnt
|-damage|p1b: Primarina|52/100
|faint|p1a: Indeedee
|move|p1b: Primarina|Energy Ball|p2b: Frosmoth
|-supereffective|p2b: Frosmoth
|-damage|p2b: Frosmoth|45/100
|
|-weather|Snowscape|[upkeep]
|-heal|p2b: Frosmoth|51/100|[from] item: Leftovers
|upkeep
|
|t:|1756945621
|switch|p1a: Torkoal|Torkoal, L50, F|47/100
|-weather|SunnyDay|[from] ability: Drought|[of] p1a: Torkoal
|turn|8
|
|t:|1756945630
|move|p2b: Frosmoth|Protect|p2b: Frosmoth
|-singleturn|p2b: Frosmoth|Protect
|move|p1b: Primarina|Energy Ball|p2b: Frosmoth
|-activate|p2b: Frosmoth|move: Protect
|move|p1a: Torkoal|Overheat|p2b: Frosmoth
|-activate|p2b: Frosmoth|move: Protect
|
|-weather|SunnyDay|[upkeep]
|-heal|p2b: Frosmoth|56/100|[from] item: Leftovers
|upkeep
|turn|9
|
|t:|1756945642
|move|p2b: Frosmoth|Tera Blast|p1a: Torkoal|[anim] Tera Blast Water
|-supereffective|p1a: Torkoal
|-damage|p1a: Torkoal|0 fnt
|faint|p1a: Torkoal
|move|p1b: Primarina|Energy Ball|p2b: Frosmoth
|-supereffective|p2b: Frosmoth
|-damage|p2b: Frosmoth|41/100
|
|-weather|SunnyDay|[upkeep]
|-heal|p2b: Frosmoth|47/100|[from] item: Leftovers
|-fieldend|move: Psychic Terrain
|upkeep
|turn|10
|
|t:|1756945662
|move|p2b: Frosmoth|Protect|p2b: Frosmoth
|-singleturn|p2b: Frosmoth|Protect
|move|p1b: Primarina|Energy Ball|p2b: Frosmoth
|-activate|p2b: Frosmoth|move: Protect
|
|-weather|SunnyDay|[upkeep]
|-heal|p2b: Frosmoth|52/100|[from] item: Leftovers
|upkeep
|turn|11
|
|t:|1756945673
|move|p2b: Frosmoth|Blizzard|p1b: Primarina
|-resisted|p1b: Primarina
|-damage|p1b: Primarina|19/100
|move|p1b: Primarina|Energy Ball|p2b: Frosmoth
|-supereffective|p2b: Frosmoth
|-damage|p2b: Frosmoth|38/100
|
|-weather|SunnyDay|[upkeep]
|-heal|p2b: Frosmoth|44/100|[from] item: Leftovers
|upkeep
|turn|12
|
|t:|1756945681
|move|p2b: Frosmoth|Protect|p2b: Frosmoth
|-singleturn|p2b: Frosmoth|Protect
|move|p1b: Primarina|Energy Ball|p2b: Frosmoth
|-activate|p2b: Frosmoth|move: Protect
|
|-weather|none
|-heal|p2b: Frosmoth|50/100|[from] item: Leftovers
|upkeep
|turn|13
|-message|broccoliraab forfeited.
|
|win|Ameliaaa12
|l|☆broccoliraab
|player|p1|
||broccoliraab is ready for game 2.
