|j|☆OCHOA1209_
|j|☆wade connects
|html|OCHOA1209_wade connects    
|uhtml|bestof|Game 1 of a best-of-3
|t:|1785633774
|gametype|doubles
|player|p1|OCHOA1209_|ethan|1118
|player|p2|wade connects|101|1167
|gen|9
|tier|[Gen 9 Champions] VGC 2026 Reg M-B (Bo3)
|rated|
|rule|Species Clause: Limit one of each Pokémon
|rule|Item Clause: Limit 1 of each item
|clearpoke
|poke|p1|Basculegion, L50, M|
|poke|p1|Garchomp, L50, M|
|poke|p1|Scizor, L50, M|
|poke|p1|Tyranitar, L50, F|
|poke|p1|Sneasler, L50, F, shiny|
|poke|p1|Corviknight, L50, F, shiny|
|poke|p2|Gholdengo, L50|
|poke|p2|Clefable, L50, M|
|poke|p2|Blaziken, L50, F, shiny|
|poke|p2|Sceptile, L50, F|
|poke|p2|Gyarados, L50, F, shiny|
|poke|p2|Aerodactyl, L50, M|
|teampreview|4
|showteam|p1|Basculegion||SitrusBerry|Adaptability|WaveCrash,AquaJet,Protect,LastRespects|Jolly||M|||50|]Garchomp||Garchompite|RoughSkin|DracoMeteor,PowerGem,EarthPower,Protect|Modest||M|||50|]Scizor||LifeOrb|Technician|BulletPunch,BugBite,SwordsDance,Protect|Adamant||M|||50|]Tyranitar||ChoiceScarf|SandStream|RockSlide,KnockOff,Superpower,IcePunch|Jolly||F|||50|]Sneasler||FocusSash|Unburden|CloseCombat,DireClaw,FakeOut,Protect|Jolly||F|||50|]Corviknight||Leftovers|MirrorArmor|IronHead,BraveBird,Tailwind,Protect|Impish||F|||50|
|showteam|p2|Gholdengo||MetalCoat|GoodasGold|Protect,NastyPlot,ShadowBall,MakeItRain|Modest|||||50|]Clefable||Leftovers|Unaware|Protect,FollowMe,LifeDew,Moonblast|Bold||M|||50|]Blaziken||LifeOrb|SpeedBoost|Detect,CloseCombat,FlareBlitz,RockSlide|Adamant||F|||50|]Sceptile||Sceptilite|Overgrow|Detect,EnergyBall,DragonPulse,EarthPower|Timid||F|||50|]Gyarados||Gyaradosite|Intimidate|Protect,DragonDance,Waterfall,Crunch|Adamant||F|||50|]Aerodactyl||FocusSash|Unnerve|Protect,Tailwind,DualWingbeat,RockSlide|Jolly||M|||50|
|inactive|Battle timer is ON: inactive players will automatically lose when time's up. (requested by OCHOA1209_)
|
|t:|1785633804
|teamsize|p1|4
|teamsize|p2|4
|start
|switch|p1a: Corviknight|Corviknight, L50, F, shiny|100/100
|switch|p1b: Garchomp|Garchomp, L50, M|100/100
|switch|p2a: Blaziken|Blaziken, L50, F, shiny|100/100
|switch|p2b: Sceptile|Sceptile, L50, F|100/100
|turn|1
|
|t:|1785633820
|detailschange|p2b: Sceptile|Sceptile-Mega, L50, F
|-mega|p2b: Sceptile|Sceptile|Sceptilite
|move|p1b: Garchomp|Protect|p1b: Garchomp
|-singleturn|p1b: Garchomp|Protect
|move|p2a: Blaziken|Detect|p2a: Blaziken
|-singleturn|p2a: Blaziken|Protect
|move|p2b: Sceptile|Dragon Pulse|p1b: Garchomp
|-activate|p1b: Garchomp|move: Protect
|move|p1a: Corviknight|Tailwind|p1a: Corviknight
|-sidestart|p1: OCHOA1209_|move: Tailwind
|
|-ability|p2a: Blaziken|Speed Boost|boost
|-boost|p2a: Blaziken|spe|1
|upkeep
|turn|2
|
|t:|1785633838
|switch|p1b: Tyranitar|Tyranitar, L50, F|100/100
|-weather|Sandstorm|[from] ability: Sand Stream|[of] p1b: Tyranitar
|move|p2b: Sceptile|Dragon Pulse|p1b: Tyranitar
|-damage|p1b: Tyranitar|65/100
|move|p2a: Blaziken|Flare Blitz|p1a: Corviknight
|-supereffective|p1a: Corviknight|1
|-damage|p1a: Corviknight|0 fnt
|faint|p1a: Corviknight
|-damage|p2a: Blaziken|56/100|[from] Recoil
|-damage|p2a: Blaziken|47/100|[from] item: Life Orb
|
|-weather|Sandstorm|[upkeep]
|-damage|p2b: Sceptile|93/100|[from] Sandstorm
|-damage|p2a: Blaziken|41/100|[from] Sandstorm
|-ability|p2a: Blaziken|Speed Boost|boost
|-boost|p2a: Blaziken|spe|1
|upkeep
|
|t:|1785633849
|switch|p1a: Sneasler|Sneasler, L50, F, shiny|100/100
|turn|3
|
|t:|1785633859
|move|p2a: Blaziken|Detect|p2a: Blaziken
|-singleturn|p2a: Blaziken|Protect
|move|p2b: Sceptile|Detect|p2b: Sceptile
|-singleturn|p2b: Sceptile|Protect
|move|p1a: Sneasler|Dire Claw|p2b: Sceptile
|-activate|p2b: Sceptile|move: Protect
|move|p1b: Tyranitar|Ice Punch|p2b: Sceptile
|-activate|p2b: Sceptile|move: Protect
|
|-weather|Sandstorm|[upkeep]
|-damage|p1a: Sneasler|94/100|[from] Sandstorm
|-damage|p2a: Blaziken|35/100|[from] Sandstorm
|-damage|p2b: Sceptile|87/100|[from] Sandstorm
|-ability|p2a: Blaziken|Speed Boost|boost
|-boost|p2a: Blaziken|spe|1
|upkeep
|turn|4
|
|t:|1785633881
|move|p1a: Sneasler|Dire Claw|p2a: Blaziken
|-damage|p2a: Blaziken|0 fnt
|faint|p2a: Blaziken
|move|p1b: Tyranitar|Ice Punch|p2b: Sceptile
|-supereffective|p2b: Sceptile|2
|-damage|p2b: Sceptile|0 fnt
|faint|p2b: Sceptile
|
|-weather|Sandstorm|[upkeep]
|-damage|p1a: Sneasler|88/100|[from] Sandstorm
|-sideend|p1: OCHOA1209_|move: Tailwind
|upkeep
|
|t:|1785633893
|switch|p2b: Gholdengo|Gholdengo, L50|100/100
|switch|p2a: Clefable|Clefable, L50, M|100/100
|turn|5
|
|t:|1785633903
|switch|p1b: Garchomp|Garchomp, L50, M|100/100
|move|p2a: Clefable|Protect|p2a: Clefable
|-singleturn|p2a: Clefable|Protect
|move|p1a: Sneasler|Dire Claw|p2a: Clefable
|-activate|p2a: Clefable|move: Protect
|move|p2b: Gholdengo|Make It Rain|p1a: Sneasler|[spread] p1a,p1b
|-damage|p1a: Sneasler|6/100
|-damage|p1b: Garchomp|34/100
|-unboost|p2b: Gholdengo|spa|2
|
|-weather|Sandstorm|[upkeep]
|-damage|p1a: Sneasler|1/100|[from] Sandstorm
|-damage|p2a: Clefable|94/100|[from] Sandstorm
|-heal|p2a: Clefable|100/100|[from] item: Leftovers
|upkeep
|turn|6
|
|t:|1785633924
|detailschange|p1b: Garchomp|Garchomp-Mega, L50, M
|-mega|p1b: Garchomp|Garchomp|Garchompite
|move|p2b: Gholdengo|Protect|p2b: Gholdengo
|-singleturn|p2b: Gholdengo|Protect
|move|p1a: Sneasler|Dire Claw|p2a: Clefable
|-supereffective|p2a: Clefable|1
|-damage|p2a: Clefable|37/100
|move|p1b: Garchomp|Earth Power|p2b: Gholdengo
|-activate|p2b: Gholdengo|move: Protect
|move|p2a: Clefable|Moonblast|p1b: Garchomp
|-supereffective|p1b: Garchomp|1
|-damage|p1b: Garchomp|0 fnt
|faint|p1b: Garchomp
|
|-weather|none
|-heal|p2a: Clefable|43/100|[from] item: Leftovers
|upkeep
|
|t:|1785633929
|switch|p1b: Tyranitar|Tyranitar, L50, F|65/100
|-weather|Sandstorm|[from] ability: Sand Stream|[of] p1b: Tyranitar
|turn|7
|
|t:|1785633946
|move|p2a: Clefable|Protect|p2a: Clefable
|-singleturn|p2a: Clefable|Protect
|move|p1a: Sneasler|Dire Claw|p2a: Clefable
|-activate|p2a: Clefable|move: Protect
|move|p1b: Tyranitar|Knock Off|p2b: Gholdengo
|-supereffective|p2b: Gholdengo|1
|-damage|p2b: Gholdengo|4/100
|-enditem|p2b: Gholdengo|Metal Coat|[from] move: Knock Off|[of] p1b: Tyranitar
|move|p2b: Gholdengo|Nasty Plot|p2b: Gholdengo
|-boost|p2b: Gholdengo|spa|2
|
|-weather|Sandstorm|[upkeep]
|-damage|p1a: Sneasler|0 fnt|[from] Sandstorm
|-damage|p2a: Clefable|37/100|[from] Sandstorm
|faint|p1a: Sneasler
|-heal|p2a: Clefable|43/100|[from] item: Leftovers
|upkeep
|turn|8
|
|t:|1785633966
|move|p2a: Clefable|Follow Me|p2a: Clefable
|-singleturn|p2a: Clefable|move: Follow Me
|move|p1b: Tyranitar|Knock Off|p2a: Clefable
|-resisted|p2a: Clefable|1
|-crit|p2a: Clefable
|-damage|p2a: Clefable|15/100
|-enditem|p2a: Clefable|Leftovers|[from] move: Knock Off|[of] p1b: Tyranitar
|move|p2b: Gholdengo|Make It Rain|p1b: Tyranitar
|-supereffective|p1b: Tyranitar|1
|-damage|p1b: Tyranitar|0 fnt
|-unboost|p2b: Gholdengo|spa|2
|faint|p1b: Tyranitar
|
|win|wade connects
||OCHOA1209_ is ready for game 2.
||wade connects is ready for game 2.
|uhtml|next|Next: Game 2 of 3
|l|☆OCHOA1209_
|player|p1|
