|j|☆Pietplezier7
|j|☆AemBigChilling
|html|Pietplezier7AemBigChilling    
|uhtml|bestof|Game 1 of a best-of-3
|t:|1757015051
|gametype|doubles
|player|p1|Pietplezier7|grimsley-gen7|1261
|player|p2|AemBigChilling|lass-gen4|1162
|gen|9
|tier|[Gen 9] VGC 2025 Reg H (Bo3)
|rated|
|rule|Species Clause: Limit one of each Pokémon
|rule|Item Clause: Limit 1 of each item
|clearpoke
|poke|p1|Archaludon, L50, F|
|poke|p1|Rillaboom, L50, F|
|poke|p1|Basculegion, L50, M|
|poke|p1|Kingambit, L50, M|
|poke|p1|Pelipper, L50, M|
|poke|p1|Electabuzz, L50, F|
|poke|p2|Charizard, L50, M|
|poke|p2|Torkoal, L50, M|
|poke|p2|Porygon2, L50|
|poke|p2|Incineroar, L50, M|
|poke|p2|Jumpluff, L50, M|
|poke|p2|Ursaluna, L50, F|
|teampreview|4
|showteam|p1|Archaludon||AssaultVest|Stamina|ElectroShot,DracoMeteor,FlashCannon,BodyPress|||F|||50|,,,,,Fairy]Rillaboom||LoadedDice|GrassySurge|BulletSeed,GrassyGlide,FakeOut,HighHorsepower|||F|||50|,,,,,Fire]Basculegion||ChoiceBand|SwiftSwim|WaveCrash,LastRespects,FlipTurn,AquaJet|||M|||50|,,,,,Grass]Kingambit||BlackGlasses|Defiant|KowtowCleave,SuckerPunch,SwordsDance,Protect|||M|||50|,,,,,Dark]Pelipper||FocusSash|Drizzle|WeatherBall,Hurricane,Tailwind,Protect|||M|||50|,,,,,Ghost]Electabuzz||Eviolite|VitalSpirit|Electroweb,Taunt,FollowMe,Protect|||F|||50|,,,,,Ghost
|showteam|p2|Charizard||ChoiceSpecs|SolarPower|HeatWave,Overheat,WeatherBall,DragonPulse|||M|||50|,,,,,Ghost]Torkoal||EjectPack|Drought|Eruption,Overheat,HelpingHand,Protect|||M|||50|,,,,,Fire]Porygon2||Eviolite|Download|IceBeam,TeraBlast,TrickRoom,Recover||||||50|,,,,,Fighting]Incineroar||SitrusBerry|Intimidate|FlareBlitz,KnockOff,FakeOut,PartingShot|||M|||50|,,,,,Ghost]Jumpluff||CovertCloak|Chlorophyll|SleepPowder,SunnyDay,RagePowder,Tailwind|||M|||50|,,,,,Water]Ursaluna||FlameOrb|Guts|HeadlongRush,Facade,Earthquake,Protect|||F|||50|,,,,,Ghost
|inactive|Battle timer is ON: inactive players will automatically lose when time's up. (requested by Pietplezier7)
|inactive|Pietplezier7 has 60 seconds left.
|inactive|AemBigChilling has 60 seconds left.
|
|t:|1757015110
|teamsize|p1|4
|teamsize|p2|4
|start
|switch|p1a: Electabuzz|Electabuzz, L50, F|100/100
|switch|p1b: Rillaboom|Rillaboom, L50, F|100/100
|switch|p2a: Porygon2|Porygon2, L50|100/100
|switch|p2b: Charizard|Charizard, L50, M|100/100
|-fieldstart|move: Grassy Terrain|[from] ability: Grassy Surge|[of] p1b: Rillaboom
|-ability|p2a: Porygon2|Download|boost
|-boost|p2a: Porygon2|spa|1
|turn|1
|inactive|AemBigChilling has 30 seconds left.
|inactive|AemBigChilling has 20 seconds left.
|inactive|AemBigChilling has 15 seconds left.
|
|t:|1757015154
|switch|p2a: Torkoal|Torkoal, L50, M|100/100
|-weather|SunnyDay|[from] ability: Drought|[of] p2a: Torkoal
|-terastallize|p2b: Charizard|Ghost
|-terastallize|p1b: Rillaboom|Fire
|move|p1b: Rillaboom|Fake Out|p2a: Torkoal
|-damage|p2a: Torkoal|91/100
|move|p2b: Charizard|Heat Wave|p1a: Electabuzz|[spread] p1a,p1b
|-resisted|p1b: Rillaboom
|-damage|p1a: Electabuzz|15/100
|-damage|p1b: Rillaboom|39/100
|move|p1a: Electabuzz|Electroweb|p2a: Torkoal|[spread] p2a,p2b
|-damage|p2a: Torkoal|73/100
|-damage|p2b: Charizard|82/100
|-unboost|p2a: Torkoal|spe|1
|-unboost|p2b: Charizard|spe|1
|-enditem|p2a: Torkoal|Eject Pack
|inactive|AemBigChilling has 30 seconds left.
|
|t:|1757015185
|switch|p2a: Porygon2|Porygon2, L50|100/100
|-ability|p2a: Porygon2|Download|boost
|-boost|p2a: Porygon2|spa|1
|
|-weather|SunnyDay|[upkeep]
|-damage|p2b: Charizard|70/100|[from] ability: Solar Power|[of] p2b: Charizard
|-heal|p1a: Electabuzz|20/100|[from] Grassy Terrain
|-heal|p1b: Rillaboom|45/100|[from] Grassy Terrain
|-heal|p2b: Charizard|76/100|[from] Grassy Terrain
|upkeep
|turn|2
|
|t:|1757015196
|move|p1a: Electabuzz|Taunt|p2a: Porygon2
|-start|p2a: Porygon2|move: Taunt
|move|p1b: Rillaboom|Bullet Seed|p2b: Charizard
|-damage|p2b: Charizard|53/100
|-damage|p2b: Charizard|31/100
|-damage|p2b: Charizard|6/100
|-damage|p2b: Charizard|0 fnt
|faint|p2b: Charizard
|-hitcount|p2: Charizard|4
|cant|p2a: Porygon2|move: Taunt|Trick Room
|
|-weather|SunnyDay|[upkeep]
|-heal|p1a: Electabuzz|26/100|[from] Grassy Terrain
|-heal|p1b: Rillaboom|51/100|[from] Grassy Terrain
|upkeep
|
|t:|1757015205
|switch|p2b: Ursaluna|Ursaluna, L50, F|100/100
|turn|3
|inactive|Pietplezier7 has 30 seconds left.
|
|t:|1757015237
|switch|p1a: Pelipper|Pelipper, L50, M|100/100
|-weather|RainDance|[from] ability: Drizzle|[of] p1a: Pelipper
|move|p2b: Ursaluna|Protect|p2b: Ursaluna
|-singleturn|p2b: Ursaluna|Protect
|move|p1b: Rillaboom|Bullet Seed|p2a: Porygon2
|-damage|p2a: Porygon2|89/100
|-damage|p2a: Porygon2|78/100
|-damage|p2a: Porygon2|66/100
|-damage|p2a: Porygon2|55/100
|-hitcount|p2a: Porygon2|4
|move|p2a: Porygon2|Tera Blast|p1b: Rillaboom
|-damage|p1b: Rillaboom|0 fnt
|faint|p1b: Rillaboom
|
|-weather|RainDance|[upkeep]
|-heal|p2a: Porygon2|61/100|[from] Grassy Terrain
|-status|p2b: Ursaluna|brn|[from] item: Flame Orb
|upkeep
|
|t:|1757015252
|switch|p1b: Basculegion|Basculegion, L50, M|100/100
|turn|4
|inactive|AemBigChilling has 30 seconds left.
|inactive|AemBigChilling has 20 seconds left.
|
|t:|1757015288
|move|p2b: Ursaluna|Protect|p2b: Ursaluna
|-singleturn|p2b: Ursaluna|Protect
|move|p1b: Basculegion|Wave Crash|p2b: Ursaluna
|-activate|p2b: Ursaluna|move: Protect
|move|p1a: Pelipper|Weather Ball|p2b: Ursaluna
|-activate|p2b: Ursaluna|move: Protect
|move|p2a: Porygon2|Tera Blast|p1a: Pelipper
|-damage|p1a: Pelipper|8/100
|
|-weather|RainDance|[upkeep]
|-heal|p2a: Porygon2|68/100|[from] Grassy Terrain
|-damage|p2b: Ursaluna|95/100 brn|[from] brn
|-end|p2a: Porygon2|move: Taunt
|upkeep
|turn|5
|inactive|AemBigChilling has 30 seconds left.
|inactive|AemBigChilling has 20 seconds left.
|
|t:|1757015328
|switch|p2b: Torkoal|Torkoal, L50, M|73/100
|-weather|SunnyDay|[from] ability: Drought|[of] p2b: Torkoal
|move|p1b: Basculegion|Wave Crash|p2b: Torkoal
|-supereffective|p2b: Torkoal
|-damage|p2b: Torkoal|8/100
|-damage|p1b: Basculegion|81/100|[from] Recoil
|move|p1a: Pelipper|Weather Ball|p2b: Torkoal
|-resisted|p2b: Torkoal
|-damage|p2b: Torkoal|0 fnt
|faint|p2b: Torkoal
|move|p2a: Porygon2|Trick Room|p2a: Porygon2
|-fieldstart|move: Trick Room|[of] p2a: Porygon2
|
|-weather|SunnyDay|[upkeep]
|-heal|p2a: Porygon2|74/100|[from] Grassy Terrain
|-heal|p1b: Basculegion|87/100|[from] Grassy Terrain
|-fieldend|move: Grassy Terrain
|upkeep
|
|t:|1757015329
|switch|p2b: Ursaluna|Ursaluna, L50, F|95/100 brn
|turn|6
|-message|Pietplezier7 forfeited.
|
|win|AemBigChilling
||Pietplezier7 is ready for game 2.
||AemBigChilling is ready for game 2.
|uhtml|next|Next: Game 2 of 3
|l|☆Pietplezier7
|player|p1|
