|j|☆sandy ghost 5
|j|☆IceApfel
|html|sandy ghost 5IceApfel    
|uhtml|bestof|Game 2 of a best-of-3
|t:|1757079304
|gametype|doubles
|player|p1|sandy ghost 5|baker|1318
|player|p2|IceApfel|waiter-gen4|1305
|gen|9
|tier|[Gen 9] VGC 2025 Reg H (Bo3)
|rated|
|rule|Species Clause: Limit one of each Pokémon
|rule|Item Clause: Limit 1 of each item
|clearpoke
|poke|p1|Tyranitar, L50, F|
|poke|p1|Excadrill, L50, M|
|poke|p1|Sinistcha-Masterpiece, L50|
|poke|p1|Salamence, L50, M|
|poke|p1|Blaziken, L50, M|
|poke|p1|Bruxish, L50, M|
|poke|p2|Archaludon, L50, F|
|poke|p2|Pelipper, L50, M|
|poke|p2|Dragonite, L50, F|
|poke|p2|Ursaluna, L50, M|
|poke|p2|Sinistcha, L50|
|poke|p2|Gholdengo, L50|
|teampreview|4
|showteam|p1|Tyranitar||ClearAmulet|SandStream|RockSlide,KnockOff,DragonDance,Protect|||F|||50|,,,,,Grass]Excadrill||AssaultVest|SandRush|Earthquake,IronHead,HighHorsepower,RockSlide|||M|||50|,,,,,Ghost]Sinistcha-Masterpiece||SitrusBerry|Hospitality|ShadowBall,MatchaGotcha,RagePowder,Protect||||||50|,,,,,Dark]Salamence||LifeOrb|Intimidate|DracoMeteor,AirSlash,Protect,Tailwind|||M|||50|,,,,,Ghost]Blaziken||CovertCloak|SpeedBoost|AuraSphere,HeatWave,Coaching,WillOWisp|||M|||50|,,,,,Dragon]Bruxish||ChoiceScarf|Dazzling|PsychicFangs,FlipTurn,WaveCrash,SuperFang|||M|||50|,,,,,Water
|showteam|p2|Archaludon||AssaultVest|Stamina|FlashCannon,BodyPress,ElectroShot,Snarl|||F|||50|,,,,,Fighting]Pelipper||SafetyGoggles|Drizzle|MuddyWater,Hurricane,Tailwind,Protect|||M|||50|,,,,,Steel]Dragonite||LoadedDice|Multiscale|ScaleShot,Tailwind,Haze,Protect|||F|||50|,,,,,Fairy]Ursaluna||FlameOrb|Guts|Facade,HeadlongRush,Earthquake,Protect|||M|||50|,,,,,Ghost]Sinistcha||SitrusBerry|Hospitality|MatchaGotcha,LifeDew,RagePowder,TrickRoom||||||50|,,,,,Dark]Gholdengo||ChoiceScarf|GoodasGold|MakeItRain,ShadowBall,Trick,Protect||||||50|,,,,,Flying
|inactive|Battle timer is ON: inactive players will automatically lose when time's up. (requested by IceApfel)
|inactive|IceApfel has 60 seconds left.
|
|t:|1757079340
|teamsize|p1|4
|teamsize|p2|4
|start
|switch|p1a: Salamence|Salamence, L50, M|100/100
|switch|p1b: Blaziken|Blaziken, L50, M|100/100
|switch|p2a: Dragonite|Dragonite, L50, F, shiny|100/100
|switch|p2b: Sinistcha|Sinistcha, L50|100/100
|-ability|p1a: Salamence|Intimidate|boost
|-unboost|p2a: Dragonite|atk|1
|-unboost|p2b: Sinistcha|atk|1
|turn|1
|inactive|sandy ghost 5 has 30 seconds left.
|
|t:|1757079369
|switch|p1a: Excadrill|Excadrill, L50, M|100/100
|switch|p2a: Ursaluna|Ursaluna, L50, M|100/100
|move|p1b: Blaziken|Coaching|p1a: Excadrill
|-boost|p1a: Excadrill|atk|1
|-boost|p1a: Excadrill|def|1
|move|p2b: Sinistcha|Trick Room|p2b: Sinistcha
|-fieldstart|move: Trick Room|[of] p2b: Sinistcha
|
|-status|p2a: Ursaluna|brn|[from] item: Flame Orb
|-ability|p1b: Blaziken|Speed Boost|boost
|-boost|p1b: Blaziken|spe|1
|upkeep
|turn|2
|
|t:|1757079388
|switch|p1b: Puppet|Sinistcha-Masterpiece, L50|100/100
|-terastallize|p1a: Excadrill|Ghost
|move|p2b: Sinistcha|Matcha Gotcha|p1b: Puppet|[spread] p1a
|-miss|p2b: Sinistcha|p1b: Puppet
|-damage|p1a: Excadrill|81/100
|move|p2a: Ursaluna|Earthquake|p1a: Excadrill|[spread] p2b,p1a,p1b
|-resisted|p2b: Sinistcha
|-resisted|p1b: Puppet
|-damage|p2b: Sinistcha|70/100
|-damage|p1a: Excadrill|20/100
|-damage|p1b: Puppet|70/100
|move|p1a: Excadrill|Iron Head|p2a: Ursaluna
|-damage|p2a: Ursaluna|43/100 brn
|
|-damage|p2a: Ursaluna|37/100 brn|[from] brn
|upkeep
|turn|3
|inactive|sandy ghost 5 has 30 seconds left.
|
|t:|1757079415
|switch|p1a: Salamence|Salamence, L50, M|100/100
|-ability|p1a: Salamence|Intimidate|boost
|-unboost|p2a: Ursaluna|atk|1
|-unboost|p2b: Sinistcha|atk|1
|-terastallize|p2a: Ursaluna|Ghost
|move|p1b: Puppet|Matcha Gotcha|p2b: Sinistcha|[spread] p2a,p2b
|-resisted|p2b: Sinistcha
|-damage|p2a: Ursaluna|6/100 brn
|-heal|p1b: Puppet|89/100|[from] drain|[of] p2a: Ursaluna
|-damage|p2b: Sinistcha|56/100
|-heal|p1b: Puppet|95/100|[from] drain|[of] p2b: Sinistcha
|move|p2b: Sinistcha|Life Dew|p2b: Sinistcha|[spread] p2a,p2b
|-heal|p2a: Ursaluna|31/100 brn
|-heal|p2b: Sinistcha|81/100
|move|p2a: Ursaluna|Earthquake|p1b: Puppet|[spread] p2b,p1b
|-immune|p1a: Salamence
|-resisted|p2b: Sinistcha
|-resisted|p1b: Puppet
|-damage|p2b: Sinistcha|62/100
|-damage|p1b: Puppet|75/100
|
|-damage|p2a: Ursaluna|26/100 brn|[from] brn
|upkeep
|turn|4
|inactive|sandy ghost 5 has 30 seconds left.
|c|☆sandy ghost 5|holy fast bear
|
|t:|1757079447
|switch|p2a: Archaludon|Archaludon, L50, F, shiny|100/100
|move|p1b: Puppet|Shadow Ball|p2a: Archaludon
|-damage|p2a: Archaludon|73/100
|-ability|p2a: Archaludon|Stamina|boost
|-boost|p2a: Archaludon|def|1
|move|p2b: Sinistcha|Matcha Gotcha|p1a: Salamence|[spread] p1a,p1b
|-resisted|p1a: Salamence
|-resisted|p1b: Puppet
|-damage|p1a: Salamence|93/100
|-heal|p2b: Sinistcha|66/100|[from] drain|[of] p1a: Salamence
|-damage|p1b: Puppet|64/100
|-heal|p2b: Sinistcha|72/100|[from] drain|[of] p1b: Puppet
|move|p1a: Salamence|Air Slash|p2b: Sinistcha
|-supereffective|p2b: Sinistcha
|-damage|p2b: Sinistcha|0 fnt
|faint|p2b: Sinistcha
|-damage|p1a: Salamence|83/100|[from] item: Life Orb
|
|upkeep
|
|t:|1757079468
|switch|p2b: Ursaluna|Ursaluna, L50, M, tera:Ghost|26/100 brn
|turn|5
|inactive|sandy ghost 5 has 30 seconds left.
|inactive|IceApfel has 30 seconds left.
|
|t:|1757079498
|switch|p1a: Excadrill|Excadrill, L50, M, tera:Ghost|20/100
|move|p1b: Puppet|Shadow Ball|p2a: Archaludon
|-damage|p2a: Archaludon|46/100
|-ability|p2a: Archaludon|Stamina|boost
|-boost|p2a: Archaludon|def|1
|move|p2b: Ursaluna|Facade|p1a: Excadrill
|-immune|p1a: Excadrill
|move|p2a: Archaludon|Snarl|p1a: Excadrill|[spread] p1a,p1b
|-supereffective|p1a: Excadrill
|-supereffective|p1b: Puppet
|-damage|p1a: Excadrill|0 fnt
|-damage|p1b: Puppet|37/100
|-unboost|p1b: Puppet|spa|1
|-enditem|p1b: Puppet|Sitrus Berry|[eat]
|-heal|p1b: Puppet|62/100|[from] item: Sitrus Berry
|faint|p1a: Excadrill
|
|-damage|p2b: Ursaluna|20/100 brn|[from] brn
|-fieldend|move: Trick Room
|upkeep
|
|t:|1757079517
|switch|p1a: Salamence|Salamence, L50, M|83/100
|-ability|p1a: Salamence|Intimidate|boost
|-unboost|p2a: Archaludon|atk|1
|-unboost|p2b: Ursaluna|atk|1
|turn|6
|
|t:|1757079532
|move|p1b: Puppet|Rage Powder|p1b: Puppet
|-singleturn|p1b: Puppet|move: Rage Powder
|move|p1a: Salamence|Draco Meteor|p2a: Archaludon|[miss]
|-miss|p1a: Salamence|p2a: Archaludon
|move|p2a: Archaludon|Snarl|p1b: Puppet|[spread] p1a,p1b
|-supereffective|p1b: Puppet
|-damage|p1a: Salamence|66/100
|-damage|p1b: Puppet|35/100
|-unboost|p1a: Salamence|spa|1
|-unboost|p1b: Puppet|spa|1
|move|p2b: Ursaluna|Facade|p1b: Puppet
|-immune|p1b: Puppet
|
|-damage|p2b: Ursaluna|14/100 brn|[from] brn
|upkeep
|turn|7
|
|t:|1757079549
|move|p1a: Salamence|Tailwind|p1a: Salamence
|-sidestart|p1: sandy ghost 5|move: Tailwind
|move|p1b: Puppet|Matcha Gotcha|p2b: Ursaluna|[spread] p2a,p2b
|-resisted|p2a: Archaludon
|-damage|p2a: Archaludon|43/100
|-heal|p1b: Puppet|37/100|[from] drain|[of] p2a: Archaludon
|-damage|p2b: Ursaluna|0 fnt
|-heal|p1b: Puppet|45/100|[from] drain|[of] p2b: Ursaluna
|-ability|p2a: Archaludon|Stamina|boost
|-boost|p2a: Archaludon|def|1
|faint|p2b: Ursaluna
|move|p2a: Archaludon|Snarl|p1b: Puppet|[spread] p1a,p1b
|-supereffective|p1b: Puppet
|-damage|p1a: Salamence|48/100
|-damage|p1b: Puppet|18/100
|-unboost|p1a: Salamence|spa|1
|-unboost|p1b: Puppet|spa|1
|
|upkeep
|
|t:|1757079557
|switch|p2b: Dragonite|Dragonite, L50, F, shiny|100/100
|turn|8
|
|t:|1757079574
|move|p1a: Salamence|Draco Meteor|p2a: Archaludon|[miss]
|-miss|p1a: Salamence|p2a: Archaludon
|move|p1b: Puppet|Shadow Ball|p2a: Archaludon
|-damage|p2a: Archaludon|31/100
|-ability|p2a: Archaludon|Stamina|boost
|-boost|p2a: Archaludon|def|1
|move|p2b: Dragonite|Scale Shot|p1a: Salamence
|-supereffective|p1a: Salamence
|-damage|p1a: Salamence|13/100
|-supereffective|p1a: Salamence
|-damage|p1a: Salamence|0 fnt
|faint|p1a: Salamence
|-hitcount|p1: Salamence|2
|-unboost|p2b: Dragonite|def|1
|-boost|p2b: Dragonite|spe|1
|move|p2a: Archaludon|Snarl|p1b: Puppet
|-supereffective|p1b: Puppet
|-damage|p1b: Puppet|0 fnt
|faint|p1b: Puppet
|
|upkeep
|c|☆sandy ghost 5|bruh
|c|☆sandy ghost 5|twice
|
|t:|1757079584
|switch|p1b: Blaziken|Blaziken, L50, M|100/100
|turn|9
|
|t:|1757079596
|move|p1b: Blaziken|Aura Sphere|p2a: Archaludon
|-supereffective|p2a: Archaludon
|-damage|p2a: Archaludon|0 fnt
|faint|p2a: Archaludon
|move|p2b: Dragonite|Scale Shot|p1b: Blaziken
|-damage|p1b: Blaziken|79/100
|-damage|p1b: Blaziken|60/100
|-damage|p1b: Blaziken|41/100
|-damage|p1b: Blaziken|20/100
|-damage|p1b: Blaziken|0 fnt
|faint|p1b: Blaziken
|-hitcount|p1: Blaziken|5
|
|win|IceApfel
||IceApfel is ready for game 3.
||sandy ghost 5 is ready for game 3.
|uhtml|next|Next: Game 3 of 3
|l|☆IceApfel
|player|p2|
