|j|☆Capitan-N
|j|☆blop_24
|html|Capitan-Nblop_24    
|uhtml|bestof|Game 1 of a best-of-3
|t:|1757905836
|gametype|doubles
|player|p1|Capitan-N|n|1117
|player|p2|blop_24|pokemaniac|1211
|gen|9
|tier|[Gen 9] VGC 2025 Reg H (Bo3)
|rated|
|rule|Species Clause: Limit one of each Pokémon
|rule|Item Clause: Limit 1 of each item
|clearpoke
|poke|p1|Morpeko, L50, M|
|poke|p1|Arcanine, L50, F|
|poke|p1|Annihilape, L50, M|
|poke|p1|Porygon-Z, L50|
|poke|p1|Amoonguss, L50, M|
|poke|p1|Dragonite, L50, F|
|poke|p2|Dondozo, L50, F|
|poke|p2|Tatsugiri, L50, F|
|poke|p2|Tyranitar, L50, F|
|poke|p2|Garchomp, L50, F|
|poke|p2|Kilowattrel, L50, F|
|poke|p2|Excadrill, L50, F|
|teampreview|4
|showteam|p1|Morpeko||FocusSash|HungerSwitch|AuraWheel,Protect,Taunt,FakeOut|||M|||50|,,,,,Ghost]Arcanine||AssaultVest|Intimidate|Flamethrower,ScorchingSands,DragonPulse,Snarl|||F|||50|,,,,,Dragon]Annihilape||ChoiceScarf|Defiant|CloseCombat,PhantomForce,Uturn,FinalGambit|||M|||50|,,,,,Fire]Porygon-Z||ChoiceSpecs|Adaptability|TeraBlast,TriAttack,Thunderbolt,ShadowBall||||||50|,,,,,Fighting]Amoonguss||CovertCloak|Regenerator|Spore,PollenPuff,Protect,RagePowder|||M|||50|,,,,,Dark]Dragonite||ChoiceBand|InnerFocus|ExtremeSpeed,DragonClaw,IceSpinner,StompingTantrum|||F|||50|,,,,,Normal
|showteam|p2|Dondozo||Leftovers|Unaware|WaveCrash,OrderUp,Earthquake,Protect|||F|||50|,,,,,Grass]Tatsugiri||SafetyGoggles|Commander|DracoMeteor,MuddyWater,Taunt,Protect|||F|||50|,,,,,Normal]Tyranitar||AssaultVest|SandStream|RockSlide,KnockOff,LowKick,TeraBlast|||F|||50|,,,,,Flying]Garchomp||LoadedDice|SandVeil|ScaleShot,Earthquake,StompingTantrum,Protect|||F|||50|,,,,,Fairy]Kilowattrel||CovertCloak|Competitive|Discharge,AirSlash,Tailwind,Protect|||F|||50|,,,,,Electric]Excadrill||FocusSash|SandRush|Earthquake,IronHead,SwordsDance,Protect|||F|||50|,,,,,Ground
|
|t:|1757905888
|teamsize|p1|4
|teamsize|p2|4
|start
|switch|p1a: Morpeko|Morpeko, L50, M, shiny|100/100
|switch|p1b: Annihilape|Annihilape, L50, M, shiny|100/100
|switch|p2a: Enchufao|Tatsugiri, L50, F|100/100
|switch|p2b: Ostia tio|Dondozo, L50, F|100/100
|-activate|p2a: Enchufao|ability: Commander|[of] p2b: Ostia tio
|-boost|p2b: Ostia tio|atk|2
|-boost|p2b: Ostia tio|spa|2
|-boost|p2b: Ostia tio|spe|2
|-boost|p2b: Ostia tio|def|2
|-boost|p2b: Ostia tio|spd|2
|turn|1
|
|t:|1757905908
|move|p2b: Ostia tio|Protect|p2b: Ostia tio
|-singleturn|p2b: Ostia tio|Protect
|move|p1a: Morpeko|Fake Out|p2b: Ostia tio
|-activate|p2b: Ostia tio|move: Protect
|move|p1b: Annihilape|Final Gambit|p2b: Ostia tio
|-activate|p2b: Ostia tio|move: Protect
|
|-formechange|p1a: Morpeko|Morpeko-Hangry||[from] ability: Hunger Switch
|upkeep
|turn|2
|
|t:|1757905923
|move|p1b: Annihilape|Final Gambit|p2b: Ostia tio
|-damage|p2b: Ostia tio|19/100
|faint|p1b: Annihilape
|move|p1a: Morpeko|Aura Wheel|p2b: Ostia tio
|-crit|p2b: Ostia tio
|-damage|p2b: Ostia tio|0 fnt
|-boost|p1a: Morpeko|spe|1
|faint|p2b: Ostia tio
|
|-formechange|p1a: Morpeko|Morpeko||[from] ability: Hunger Switch
|upkeep
|inactive|Battle timer is ON: inactive players will automatically lose when time's up. (requested by blop_24)
|
|t:|1757905958
|switch|p1b: Amoonguss|Amoonguss, L50, M, shiny|100/100
|switch|p2b: Un que?|Excadrill, L50, F|100/100
|turn|3
|
|t:|1757905971
|move|p1a: Morpeko|Protect|p1a: Morpeko
|-singleturn|p1a: Morpeko|Protect
|move|p2a: Enchufao|Taunt|p1b: Amoonguss
|-start|p1b: Amoonguss|move: Taunt
|move|p2b: Un que?|Swords Dance|p2b: Un que?
|-boost|p2b: Un que?|atk|2
|cant|p1b: Amoonguss|move: Taunt|Spore
|
|-formechange|p1a: Morpeko|Morpeko-Hangry||[from] ability: Hunger Switch
|upkeep
|turn|4
|
|t:|1757905991
|switch|p2a: Un grr|Tyranitar, L50, F|100/100
|-weather|Sandstorm|[from] ability: Sand Stream|[of] p2a: Un grr
|move|p2b: Un que?|Iron Head|p1a: Morpeko
|-resisted|p1a: Morpeko
|-damage|p1a: Morpeko|3/100
|move|p1a: Morpeko|Aura Wheel|p2b: Un que?
|-damage|p2b: Un que?|33/100
|-boost|p1a: Morpeko|spe|1
|move|p1b: Amoonguss|Pollen Puff|p1a: Morpeko
|-heal|p1a: Morpeko|53/100
|
|-weather|Sandstorm|[upkeep]
|-damage|p1a: Morpeko|47/100|[from] Sandstorm
|-damage|p1b: Amoonguss|94/100|[from] Sandstorm
|-formechange|p1a: Morpeko|Morpeko||[from] ability: Hunger Switch
|upkeep
|turn|5
|inactive|Capitan-N has 30 seconds left.
|inactive|Capitan-N has 20 seconds left.
|
|t:|1757906029
|-terastallize|p2a: Un grr|Flying
|move|p1a: Morpeko|Protect|p1a: Morpeko
|-singleturn|p1a: Morpeko|Protect
|move|p2b: Un que?|Earthquake|p1a: Morpeko|[spread] p1b
|-activate|p1a: Morpeko|move: Protect
|-immune|p2a: Un grr
|-damage|p1b: Amoonguss|30/100
|move|p2a: Un grr|Tera Blast|p1b: Amoonguss|[anim] Tera Blast Flying
|-supereffective|p1b: Amoonguss
|-crit|p1b: Amoonguss
|-damage|p1b: Amoonguss|0 fnt
|faint|p1b: Amoonguss
|
|-weather|Sandstorm|[upkeep]
|-damage|p1a: Morpeko|41/100|[from] Sandstorm
|-damage|p2a: Un grr|95/100|[from] Sandstorm
|-formechange|p1a: Morpeko|Morpeko-Hangry||[from] ability: Hunger Switch
|upkeep
|
|t:|1757906045
|switch|p1b: Porygon-Z|Porygon-Z, L50, shiny|100/100
|turn|6
|
|t:|1757906055
|move|p1a: Morpeko|Aura Wheel|p2b: Un que?
|-damage|p2b: Un que?|0 fnt
|-boost|p1a: Morpeko|spe|1
|faint|p2b: Un que?
|move|p1b: Porygon-Z|Thunderbolt|p2a: Un grr
|-supereffective|p2a: Un grr
|-damage|p2a: Un grr|30/100
|move|p2a: Un grr|Tera Blast|p1b: Porygon-Z|[anim] Tera Blast Flying
|-damage|p1b: Porygon-Z|45/100
|
|-weather|Sandstorm|[upkeep]
|-damage|p1a: Morpeko|35/100|[from] Sandstorm
|-damage|p1b: Porygon-Z|39/100|[from] Sandstorm
|-damage|p2a: Un grr|24/100|[from] Sandstorm
|-formechange|p1a: Morpeko|Morpeko||[from] ability: Hunger Switch
|upkeep
|
|t:|1757906069
|switch|p2b: Enchufao|Tatsugiri, L50, F|100/100
|turn|7
|
|t:|1757906089
|move|p1a: Morpeko|Aura Wheel|p2b: Enchufao
|-damage|p2b: Enchufao|6/100
|-boost|p1a: Morpeko|spe|1
|move|p2b: Enchufao|Muddy Water|p1b: Porygon-Z|[spread] p1a,p1b
|-damage|p1a: Morpeko|0 fnt
|-damage|p1b: Porygon-Z|0 fnt
|faint|p1a: Morpeko
|faint|p1b: Porygon-Z
|
|win|blop_24
||blop_24 is ready for game 2.
|inactive|Capitan-N has 30 seconds to confirm battle start!
||Capitan-N is ready for game 2.
|uhtml|next|Next: Game 2 of 3
|l|☆Capitan-N
|player|p1|
|l|☆blop_24
|player|p2|
