|j|☆lolgz
|j|‽daniiivgc
|html|lolgzdaniiivgc    
|uhtml|bestof|Game 3 of a best-of-3
|t:|1785976384
|gametype|doubles
|player|p1|lolgz|dawn|1286
|player|p2|daniiivgc|giovanni|1390
|gen|9
|tier|[Gen 9 Champions] VGC 2026 Reg M-B (Bo3)
|rated|
|rule|Species Clause: Limit one of each Pokémon
|rule|Item Clause: Limit 1 of each item
|clearpoke
|poke|p1|Blastoise, L50, F|
|poke|p1|Vivillon, L50, F|
|poke|p1|Farigiraf, L50, M|
|poke|p1|Gallade, L50, M|
|poke|p1|Kingambit, L50, F|
|poke|p1|Camerupt, L50, F|
|poke|p2|Staraptor, L50, M|
|poke|p2|Vanilluxe, L50, M|
|poke|p2|Farigiraf, L50, F|
|poke|p2|Blastoise, L50, M|
|poke|p2|Kingambit, L50, F|
|poke|p2|Camerupt, L50, M|
|teampreview|4
|showteam|p1|Blastoise||Blastoisinite|Torrent|WaterSpout,DarkPulse,FakeOut,ShellSmash|Modest||F|||50|]Vivillon||ChoiceScarf|CompoundEyes|SleepPowder,RagePowder,Tailwind,Hurricane|Timid||F|||50|]Farigiraf||SitrusBerry|ArmorTail|TrickRoom,Psychic,HelpingHand,Protect|Relaxed||M|||50|]Gallade||IronBall|Sharpness|SacredSword,PsychoCut,LeafBlade,TrickRoom|Brave||M|||50|]Kingambit||LifeOrb|Defiant|SuckerPunch,KowtowCleave,IronHead,Protect|Brave||F|||50|]Camerupt||Cameruptite|MagmaArmor|HeatWave,EarthPower,AncientPower,Protect|Quiet||F|||50|
|showteam|p2|Staraptor||ChoiceScarf|Intimidate|FinalGambit,BraveBird,CloseCombat,Uturn|Jolly||M|||50|]Vanilluxe||NeverMeltIce|SnowWarning|Blizzard,FreezeDry,Protect,IceShard|Quiet||M|||50|]Farigiraf||SitrusBerry|ArmorTail|PsychicFangs,HyperVoice,HelpingHand,TrickRoom|Relaxed||F|||50|]Blastoise||Blastoisinite|RainDish|FakeOut,WaterSpout,AuraSphere,DarkPulse|Quiet||M|||50|]Kingambit||LifeOrb|Defiant|KowtowCleave,IronHead,Protect,SuckerPunch|Brave||F|||50|]Camerupt||Cameruptite|SolidRock|HeatWave,EarthPower,Protect,AncientPower|Quiet||M|||50|
|inactive|Battle timer is ON: inactive players will automatically lose when time's up. (requested by lolgz)
|inactive|daniiivgc has 60 seconds left.
|inactive|daniiivgc has 30 seconds left.
|
|t:|1785976454
|teamsize|p1|4
|teamsize|p2|4
|start
|switch|p1a: Farigiraf|Farigiraf, L50, M|100/100
|switch|p1b: Gallade|Gallade, L50, M|100/100
|switch|p2a: Farigiraf|Farigiraf, L50, F|100/100
|switch|p2b: Vanilluxe|Vanilluxe, L50, M|100/100
|-weather|Snowscape|[from] ability: Snow Warning|[of] p2b: Vanilluxe
|turn|1
|
|t:|1785976472
|move|p2a: Farigiraf|Helping Hand|p2b: Vanilluxe
|-singleturn|p2b: Vanilluxe|Helping Hand|[of] p2a: Farigiraf
|move|p1a: Farigiraf|Protect|p1a: Farigiraf
|-singleturn|p1a: Farigiraf|Protect
|move|p2b: Vanilluxe|Blizzard|p1a: Farigiraf|[spread] p1b
|-activate|p1a: Farigiraf|move: Protect
|-damage|p1b: Gallade|36/100
|move|p1b: Gallade|Sacred Sword|p2b: Vanilluxe
|-supereffective|p2b: Vanilluxe|1
|-damage|p2b: Vanilluxe|0 fnt
|faint|p2b: Vanilluxe
|
|-weather|Snowscape|[upkeep]
|upkeep
|
|t:|1785976485
|switch|p2b: Blastoise|Blastoise, L50, M|100/100
|turn|2
|
|t:|1785976506
|switch|p1b: Kingambit|Kingambit, L50, F|100/100
|detailschange|p2b: Blastoise|Blastoise-Mega, L50, M
|-mega|p2b: Blastoise|Blastoise|Blastoisinite
|move|p2a: Farigiraf|Helping Hand|p2b: Blastoise
|-singleturn|p2b: Blastoise|Helping Hand|[of] p2a: Farigiraf
|move|p2b: Blastoise|Water Spout|p1b: Kingambit|[spread] p1a,p1b
|-damage|p1a: Farigiraf|1/100
|-damage|p1b: Kingambit|1/100
|-enditem|p1a: Farigiraf|Sitrus Berry|[eat]
|-heal|p1a: Farigiraf|26/100|[from] item: Sitrus Berry
|move|p1a: Farigiraf|Trick Room|p1a: Farigiraf
|-fieldstart|move: Trick Room|[of] p1a: Farigiraf
|
|-weather|Snowscape|[upkeep]
|upkeep
|turn|3
|inactive|daniiivgc has 30 seconds left.
|inactive|daniiivgc has 20 seconds left.
|inactive|daniiivgc has 15 seconds left.
|
|t:|1785976548
|move|p1a: Farigiraf|Helping Hand|p1b: Kingambit
|-singleturn|p1b: Kingambit|Helping Hand|[of] p1a: Farigiraf
|move|p1b: Kingambit|Kowtow Cleave|p2a: Farigiraf
|-supereffective|p2a: Farigiraf|1
|-damage|p2a: Farigiraf|0 fnt
|faint|p2a: Farigiraf
|-damage|p1b: Kingambit|0 fnt|[from] item: Life Orb
|faint|p1b: Kingambit
|move|p2b: Blastoise|Water Spout|p1a: Farigiraf
|-damage|p1a: Farigiraf|0 fnt
|faint|p1a: Farigiraf
|
|-weather|Snowscape|[upkeep]
|upkeep
|
|t:|1785976558
|switch|p1b: Camerupt|Camerupt, L50, F|100/100
|switch|p2a: Kingambit|Kingambit, L50, F|100/100
|switch|p1a: Gallade|Gallade, L50, M|36/100
|turn|4
|inactive|daniiivgc has 30 seconds left.
|inactive|lolgz has 30 seconds left.
|inactive|daniiivgc has 20 seconds left.
|inactive|daniiivgc has 15 seconds left.
|inactive|daniiivgc has 10 seconds left.
|
|t:|1785976603
|detailschange|p1b: Camerupt|Camerupt-Mega, L50, F
|-mega|p1b: Camerupt|Camerupt|Cameruptite
|move|p2a: Kingambit|Protect|p2a: Kingambit
|-singleturn|p2a: Kingambit|Protect
|move|p1b: Camerupt|Heat Wave|p2a: Kingambit|[spread] p2b
|-activate|p2a: Kingambit|move: Protect
|-resisted|p2b: Blastoise|1
|-damage|p2b: Blastoise|75/100
|move|p1a: Gallade|Leaf Blade|p2b: Blastoise
|-supereffective|p2b: Blastoise|1
|-damage|p2b: Blastoise|0 fnt
|faint|p2b: Blastoise
|
|-weather|Snowscape|[upkeep]
|upkeep
|turn|5
|
|t:|1785976619
|move|p2a: Kingambit|Sucker Punch|p1a: Gallade
|-damage|p1a: Gallade|0 fnt
|faint|p1a: Gallade
|-damage|p2a: Kingambit|90/100|[from] item: Life Orb
|move|p1b: Camerupt|Earth Power|p2a: Kingambit
|-supereffective|p2a: Kingambit|1
|-crit|p2a: Kingambit
|-damage|p2a: Kingambit|0 fnt
|faint|p2a: Kingambit
|
|win|lolgz
|raw|lolgz's rating: 1286 → 1318(+32 for winning)
|raw|daniiivgc's rating: 1390 → 1364(-26 for losing)
