|j|☆llufamistica
|j|☆washingtongargacha
|html|llufamisticawashingtongargacha    
|uhtml|bestof|Game 1 of a best-of-3
|t:|1756891012
|gametype|doubles
|player|p1|llufamistica|169|1080
|player|p2|washingtongargacha|102|1161
|gen|9
|tier|[Gen 9] VGC 2025 Reg H (Bo3)
|rated|
|rule|Species Clause: Limit one of each Pokémon
|rule|Item Clause: Limit 1 of each item
|clearpoke
|poke|p1|Murkrow, L50, M|
|poke|p1|Garchomp, L50, M|
|poke|p1|Toxtricity, L50, M|
|poke|p1|Zoroark-Hisui, L50, M|
|poke|p1|Indeedee-F, L50, F|
|poke|p1|Annihilape, L50, M|
|poke|p2|Talonflame, L50, M|
|poke|p2|Gholdengo, L50|
|poke|p2|Dragonite, L50, M|
|poke|p2|Archaludon, L50, F|
|poke|p2|Tyranitar, L50, F|
|poke|p2|Garchomp, L50, M|
|teampreview|4
|showteam|p1|Murkrow||Eviolite|Prankster|Tailwind,BraveBird,Quash,Haze|||M|||50|,,,,,Ghost]Garchomp||LifeOrb|RoughSkin|Earthquake,IronHead,RockSlide,Protect|||M|||50|,,,,,Steel]Toxtricity||ChoiceSpecs|PunkRock|Boomburst,Overdrive,VoltSwitch,SludgeBomb|||M|||50|,,,,,Normal]Zoroark-Hisui||FocusSash|Illusion|ShadowBall,Protect,HyperVoice,NastyPlot|||M|||50|,,,,,Stellar]Indeedee-F||SafetyGoggles|Synchronize|FollowMe,HelpingHand,FakeOut,ShadowBall|||F|||50|,,,,,Ghost]Annihilape||ChoiceScarf|Defiant|FinalGambit,HelpingHand,ShadowClaw,CloseCombat|||M|||50|,,,,,Grass
|showteam|p2|Talonflame||CovertCloak|GaleWings|Tailwind,BraveBird,Taunt,WillOWisp|||M|||50|,,,,,Ghost]Gholdengo||ChoiceSpecs|GoodasGold|MakeItRain,SteelBeam,ShadowBall,PowerGem||||||50|,,,,,Steel]Dragonite||LoadedDice|Multiscale|ScaleShot,IceSpinner,Haze,Protect|||M|||50|,,,,,Steel]Archaludon||PowerHerb|Sturdy|FlashCannon,ElectroShot,DracoMeteor,Protect|||F|||50|,,,,,Flying]Tyranitar||AssaultVest|SandStream|KnockOff,RockSlide,TeraBlast,LowKick|||F|||50|,,,,,Flying]Garchomp||LifeOrb|RoughSkin|DragonClaw,StompingTantrum,Earthquake,Protect|||M|||50|,,,,,Steel
|
|t:|1756891083
|teamsize|p1|4
|teamsize|p2|4
|start
|switch|p1a: Murkrow|Murkrow, L50, M, shiny|100/100
|switch|p1b: Garchomp|Garchomp, L50, M, shiny|100/100
|switch|p2a: Dragonite|Dragonite, L50, M|100/100
|switch|p2b: Tyranitar|Tyranitar, L50, F|100/100
|-weather|Sandstorm|[from] ability: Sand Stream|[of] p2b: Tyranitar
|turn|1
|
|t:|1756891131
|-terastallize|p1b: Garchomp|Steel
|move|p1b: Garchomp|Earthquake|p2a: Dragonite|[spread] p2b
|-immune|p1a: Murkrow
|-immune|p2a: Dragonite
|-supereffective|p2b: Tyranitar
|-damage|p2b: Tyranitar|1/100
|-damage|p1b: Garchomp|91/100|[from] item: Life Orb
|move|p2a: Dragonite|Scale Shot|p1a: Murkrow
|-damage|p1a: Murkrow|89/100
|-damage|p1a: Murkrow|76/100
|-damage|p1a: Murkrow|63/100
|-damage|p1a: Murkrow|52/100
|-hitcount|p1a: Murkrow|4
|-unboost|p2a: Dragonite|def|1
|-boost|p2a: Dragonite|spe|1
|move|p1a: Murkrow|Brave Bird|p2a: Dragonite
|-damage|p2a: Dragonite|70/100
|-damage|p1a: Murkrow|42/100|[from] Recoil
|move|p2b: Tyranitar|Rock Slide|p1b: Garchomp|[spread] p1b
|-miss|p2b: Tyranitar|p1a: Murkrow
|-resisted|p1b: Garchomp
|-damage|p1b: Garchomp|76/100
|
|-weather|Sandstorm|[upkeep]
|-damage|p2a: Dragonite|64/100|[from] Sandstorm
|-damage|p1a: Murkrow|36/100|[from] Sandstorm
|upkeep
|turn|2
|
|t:|1756891183
|move|p1b: Garchomp|Protect|p1b: Garchomp
|-singleturn|p1b: Garchomp|Protect
|move|p1a: Murkrow|Tailwind|p1a: Murkrow
|-sidestart|p1: llufamistica|move: Tailwind
|move|p2a: Dragonite|Scale Shot|p1b: Garchomp
|-activate|p1b: Garchomp|move: Protect
|move|p2b: Tyranitar|Rock Slide|p1a: Murkrow|[spread] p1a
|-activate|p1b: Garchomp|move: Protect
|-supereffective|p1a: Murkrow
|-damage|p1a: Murkrow|0 fnt
|faint|p1a: Murkrow
|
|-weather|Sandstorm|[upkeep]
|-damage|p2a: Dragonite|58/100|[from] Sandstorm
|upkeep
|inactive|Battle timer is ON: inactive players will automatically lose when time's up. (requested by washingtongargacha)
|
|t:|1756891225
|switch|p1a: Toxtricity|Toxtricity, L50, M, shiny|100/100
|turn|3
|
|t:|1756891238
|move|p2a: Dragonite|Protect|p2a: Dragonite
|-singleturn|p2a: Dragonite|Protect
|move|p1b: Garchomp|Iron Head|p2b: Tyranitar
|-supereffective|p2b: Tyranitar
|-damage|p2b: Tyranitar|0 fnt
|faint|p2b: Tyranitar
|-damage|p1b: Garchomp|67/100|[from] item: Life Orb
|move|p1a: Toxtricity|Overdrive|p2a: Dragonite
|-activate|p2a: Dragonite|move: Protect
|
|-weather|Sandstorm|[upkeep]
|-damage|p1a: Toxtricity|95/100|[from] Sandstorm
|-damage|p2a: Dragonite|52/100|[from] Sandstorm
|upkeep
|
|t:|1756891255
|switch|p2b: Archaludon|Archaludon, L50, F|100/100
|turn|4
|inactive|llufamistica has 30 seconds left.
|inactive|llufamistica has 20 seconds left.
|
|t:|1756891290
|-terastallize|p2b: Archaludon|Flying
|move|p1b: Garchomp|Protect|p1b: Garchomp
|-singleturn|p1b: Garchomp|Protect
|move|p1a: Toxtricity|Overdrive|p2a: Dragonite|[spread] p2a,p2b
|-supereffective|p2b: Archaludon
|-damage|p2a: Dragonite|0 fnt
|-ability|p2b: Archaludon|Sturdy
|-damage|p2b: Archaludon|1/100
|faint|p2a: Dragonite
|move|p2b: Archaludon|Electro Shot||[still]
|-prepare|p2b: Archaludon|Electro Shot
|-boost|p2b: Archaludon|spa|1
|-enditem|p2b: Archaludon|Power Herb
|-anim|p2b: Archaludon|Electro Shot|p1b: Garchomp
|-activate|p1b: Garchomp|move: Protect
|
|-weather|Sandstorm|[upkeep]
|-damage|p1a: Toxtricity|89/100|[from] Sandstorm
|-damage|p2b: Archaludon|0 fnt|[from] Sandstorm
|faint|p2b: Archaludon
|upkeep
|
|t:|1756891308
|switch|p2b: Garchomp|Garchomp, L50, M|100/100
|turn|5
|inactive|llufamistica has 30 seconds left.
|inactive|llufamistica has 20 seconds left.
|inactive|llufamistica has 15 seconds left.
|inactive|llufamistica has 10 seconds left.
|
|t:|1756891357
|switch|p1a: Annihilape|Annihilape, L50, M, shiny|100/100
|move|p2b: Garchomp|Protect|p2b: Garchomp
|-singleturn|p2b: Garchomp|Protect
|move|p1b: Garchomp|Iron Head|p2b: Garchomp
|-activate|p2b: Garchomp|move: Protect
|
|-weather|none
|-sideend|p1: llufamistica|move: Tailwind
|upkeep
|turn|6
|
|t:|1756891374
|move|p1a: Annihilape|Final Gambit|p2b: Garchomp
|-damage|p2b: Garchomp|0 fnt
|faint|p1a: Annihilape
|faint|p2b: Garchomp
|
|win|llufamistica
