|j|☆Welwitchia
|j|☆rZelot
|html|WelwitchiarZelot    
|uhtml|bestof|Game 2 of a best-of-3
|t:|1782723275
|gametype|doubles
|player|p1|Welwitchia|pokemonbreeder-gen4|1099
|player|p2|rZelot|gardenia|1100
|gen|9
|tier|[Gen 9 Champions] VGC 2026 Reg M-B (Bo3)
|rated|
|rule|Species Clause: Limit one of each Pokémon
|rule|Item Clause: Limit 1 of each item
|clearpoke
|poke|p1|Banette, L50, F, shiny|
|poke|p1|Umbreon, L50, M|
|poke|p1|Blastoise, L50, F, shiny|
|poke|p1|Charizard, L50, M|
|poke|p1|Hatterene, L50, F, shiny|
|poke|p1|Venusaur, L50, M|
|poke|p2|Garchomp, L50, M|
|poke|p2|Whimsicott, L50, F|
|poke|p2|Charizard, L50, F|
|poke|p2|Basculegion, L50, M|
|poke|p2|Kingambit, L50, M|
|poke|p2|Raichu, L50, M|
|teampreview|4
|showteam|p1|Banette||Banettite|CursedBody|SkitterSmack,Disable,FoulPlay,DestinyBond|Careful||F|||50|]Umbreon||MentalHerb|InnerFocus|FoulPlay,Swagger,Toxic,Tickle|Calm||M|||50|]Blastoise||MysticWater|RainDish|MuddyWater,FakeOut,IceBeam,AquaJet|Quiet||F|||50|]Charizard||CharizarditeY|Blaze|AirSlash,SolarBeam,HeatWave,RockSlide|Hasty||M|||50|]Hatterene||FairyFeather|MagicBounce|MagicPowder,TrickRoom,DazzlingGleam,LifeDew|Sassy||F|||50|]Venusaur||Leftovers|Chlorophyll|WorrySeed,SweetScent,SleepPowder,AcidSpray|Timid||M|||50|
|showteam|p2|Garchomp||LifeOrb|RoughSkin|DragonClaw,Earthquake,StompingTantrum,Protect|Jolly||M|||50|]Whimsicott||FocusSash|Prankster|Moonblast,Tailwind,Encore,Protect|Timid||F|||50|]Charizard||CharizarditeY|Blaze|HeatWave,SolarBeam,WeatherBall,Protect|Modest||F|||50|]Basculegion||ChoiceScarf|Adaptability|WaveCrash,LastRespects,AquaJet,FlipTurn|Jolly||M|||50|]Kingambit||BlackGlasses|Defiant|KowtowCleave,IronHead,SuckerPunch,Protect|Adamant||M|||50|]Raichu||RaichuniteY|Static|ZapCannon,FocusBlast,FakeOut,Protect|Timid||M|||50|
|inactive|Battle timer is ON: inactive players will automatically lose when time's up. (requested by rZelot)
|
|t:|1782723298
|teamsize|p1|4
|teamsize|p2|4
|start
|switch|p1a: Blastoise|Blastoise, L50, F, shiny|100/100
|switch|p1b: Umbreon|Umbreon, L50, M|100/100
|switch|p2a: Kingambit|Kingambit, L50, M|100/100
|switch|p2b: Raichu|Raichu, L50, M|100/100
|turn|1
|inactive|Welwitchia has 30 seconds left.
|inactive|rZelot has 30 seconds left.
|
|t:|1782723329
|switch|p2a: Garchomp|Garchomp, L50, M|100/100
|detailschange|p2b: Raichu|Raichu-Mega-Y, L50, M
|-mega|p2b: Raichu|Raichu|Raichunite Y
|move|p2b: Raichu|Fake Out|p1a: Blastoise
|-damage|p1a: Blastoise|91/100
|cant|p1a: Blastoise|flinch
|move|p1b: Umbreon|Toxic|p2b: Raichu
|-status|p2b: Raichu|tox
|
|-damage|p2b: Raichu|94/100 tox|[from] psn
|upkeep
|turn|2
|
|t:|1782723349
|switch|p1a: Hatterene|Hatterene, L50, F, shiny|100/100
|move|p2b: Raichu|Focus Blast|p1b: Umbreon
|-supereffective|p1b: Umbreon|1
|-damage|p1b: Umbreon|49/100
|move|p2a: Garchomp|Dragon Claw|p1a: Hatterene
|-immune|p1a: Hatterene
|move|p1b: Umbreon|Toxic|p2a: Garchomp
|-status|p2a: Garchomp|tox
|
|-damage|p2b: Raichu|82/100 tox|[from] psn
|-damage|p2a: Garchomp|94/100 tox|[from] psn
|upkeep
|turn|3
|
|t:|1782723367
|switch|p2a: Kingambit|Kingambit, L50, M|100/100
|move|p2b: Raichu|Focus Blast|p1b: Umbreon
|-supereffective|p1b: Umbreon|1
|-damage|p1b: Umbreon|1/100
|-unboost|p1b: Umbreon|spd|1
|move|p1b: Umbreon|Tickle|p2a: Kingambit
|-unboost|p2a: Kingambit|atk|1
|-ability|p2a: Kingambit|Defiant|boost
|-boost|p2a: Kingambit|atk|2
|-unboost|p2a: Kingambit|def|1
|-ability|p2a: Kingambit|Defiant|boost
|-boost|p2a: Kingambit|atk|2
|move|p1a: Hatterene|Trick Room|p1a: Hatterene
|-fieldstart|move: Trick Room|[of] p1a: Hatterene
|
|-damage|p2b: Raichu|64/100 tox|[from] psn
|upkeep
|turn|4
|inactive|Welwitchia has 30 seconds left.
|
|t:|1782723393
|switch|p2b: Basculegion|Basculegion, L50, M|100/100
|move|p1a: Hatterene|Dazzling Gleam|p2b: Basculegion|[spread] p2a,p2b
|-damage|p2a: Kingambit|67/100
|-damage|p2b: Basculegion|62/100
|move|p2a: Kingambit|Iron Head|p1a: Hatterene
|-supereffective|p1a: Hatterene|1
|-damage|p1a: Hatterene|0 fnt
|faint|p1a: Hatterene
|move|p1b: Umbreon|Foul Play|p2a: Kingambit
|-resisted|p2a: Kingambit|1
|-damage|p2a: Kingambit|0 fnt
|faint|p2a: Kingambit
|
|upkeep
|
|t:|1782723412
|switch|p1a: Banette|Banette, L50, F, shiny|100/100
|switch|p2a: Raichu|Raichu-Mega-Y, L50, M|64/100 tox
|turn|5
|
|t:|1782723424
|detailschange|p1a: Banette|Banette-Mega, L50, F, shiny
|-mega|p1a: Banette|Banette|Banettite
|move|p2b: Basculegion|Aqua Jet|p1b: Umbreon
|-damage|p1b: Umbreon|0 fnt
|faint|p1b: Umbreon
|move|p1a: Banette|Foul Play|p2b: Basculegion
|-supereffective|p2b: Basculegion|1
|-crit|p2b: Basculegion
|-damage|p2b: Basculegion|0 fnt
|faint|p2b: Basculegion
|move|p2a: Raichu|Zap Cannon|p1a: Banette
|-damage|p1a: Banette|41/100
|-status|p1a: Banette|par
|
|-damage|p2a: Raichu|59/100 tox|[from] psn
|upkeep
|
|t:|1782723434
|switch|p1b: Blastoise|Blastoise, L50, F, shiny|91/100
|switch|p2b: Garchomp|Garchomp, L50, M|94/100 tox
|turn|6
|
|t:|1782723445
|move|p2a: Raichu|Protect|p2a: Raichu
|-singleturn|p2a: Raichu|Protect
|move|p1b: Blastoise|Fake Out|p2b: Garchomp
|-damage|p2b: Garchomp|84/100 tox
|-damage|p1b: Blastoise|79/100|[from] ability: Rough Skin|[of] p2b: Garchomp
|move|p1a: Banette|Destiny Bond|p1a: Banette
|-singlemove|p1a: Banette|Destiny Bond
|cant|p2b: Garchomp|flinch
|
|-damage|p2b: Garchomp|78/100 tox|[from] psn
|-damage|p2a: Raichu|47/100 tox|[from] psn
|upkeep
|turn|7
|inactive|Welwitchia has 30 seconds left.
|
|t:|1782723480
|move|p2b: Garchomp|Protect|p2b: Garchomp
|-singleturn|p2b: Garchomp|Protect
|move|p1a: Banette|Foul Play|p2b: Garchomp
|-activate|p2b: Garchomp|move: Protect
|move|p1b: Blastoise|Ice Beam|p2b: Garchomp
|-activate|p2b: Garchomp|move: Protect
|move|p2a: Raichu|Zap Cannon|p1b: Blastoise
|-supereffective|p1b: Blastoise|1
|-damage|p1b: Blastoise|0 fnt
|faint|p1b: Blastoise
|
|-damage|p2b: Garchomp|67/100 tox|[from] psn
|-damage|p2a: Raichu|29/100 tox|[from] psn
|-fieldend|move: Trick Room
|upkeep
|turn|8
|
|t:|1782723493
|move|p1a: Banette|Destiny Bond|p1a: Banette
|-singlemove|p1a: Banette|Destiny Bond
|move|p2a: Raichu|Zap Cannon|p1a: Banette
|-damage|p1a: Banette|0 fnt
|faint|p1a: Banette
|-activate|p1a: Banette|move: Destiny Bond
|faint|p2a: Raichu
|
|win|rZelot
|raw|Welwitchia's rating: 1099 → 1074(-25 for losing)
|raw|rZelot's rating: 1100 → 1125(+25 for winning)
