|j|☆torie123
|j|☆noLifeNL
|html|torie123noLifeNL    
|uhtml|bestof|Game 1 of a best-of-3
|t:|1783279544
|gametype|doubles
|player|p1|torie123|swimmer|
|player|p2|noLifeNL|serena|
|gen|9
|tier|[Gen 9 Champions] VGC 2026 Reg M-B (Bo3)
|rule|Species Clause: Limit one of each Pokémon
|rule|Item Clause: Limit 1 of each item
|clearpoke
|poke|p1|Charizard, L50, M|
|poke|p1|Gholdengo, L50|
|poke|p1|Aerodactyl, L50, M|
|poke|p1|Garchomp, L50, M|
|poke|p1|Sneasler, L50, M|
|poke|p1|Mawile, L50, F|
|poke|p2|Glimmora, L50, F|
|poke|p2|Maushold-Four, L50|
|poke|p2|Gengar, L50, M|
|poke|p2|Salazzle, L50, F|
|poke|p2|Toxapex, L50, M|
|poke|p2|Staraptor, L50, M|
|teampreview|4
|showteam|p1|Charizard||CharizarditeY|Blaze|HeatWave,WeatherBall,SolarBeam,Protect|Modest||M|||50|]Gholdengo||LifeOrb|GoodasGold|MakeItRain,ShadowBall,NastyPlot,Protect|Modest|||||50|]Aerodactyl||FocusSash|Unnerve|RockSlide,DualWingbeat,Tailwind,Protect|Jolly||M|||50|]Garchomp||RoseliBerry|RoughSkin|Earthquake,DragonClaw,RockSlide,Protect|Jolly||M|||50|]Sneasler||WhiteHerb|Unburden|DireClaw,CloseCombat,FakeOut,Protect|Adamant||M|||50|]Mawile||Mawilite|Intimidate|PlayRough,IronHead,SuckerPunch,Protect|Adamant||F|||50|
|showteam|p2|Glimmora||ExpertBelt|ToxicDebris|SpikyShield,Toxic,SludgeBomb,PowerGem|Timid||F|||50|]Maushold-Four||WideLens|Technician|PopulationBomb,BeatUp,Charm,Protect|Jolly|||||50|]Gengar||Gengarite|CursedBody|Protect,ShadowBall,Disable,SkillSwap|Timid||M|||50|]Salazzle||FocusSash|Corrosion|Toxic,Protect,Overheat,Encore|Timid||F|||50|]Toxapex||Leftovers|Regenerator|Toxic,Protect,Infestation,WideGuard|Bold||M|||50|]Staraptor||Staraptite|Intimidate|Protect,DualWingbeat,CloseCombat,Roost|Jolly||M|||50|
|inactive|Battle timer is ON: inactive players will automatically lose when time's up. (requested by torie123)
|c|☆noLifeNL|Kan je timer uitdoen?
|c|☆noLifeNL|Ff de links dele
|inactiveoff|Battle timer is now OFF.
|j| pietplezier7
|c|☆torie123|zeg maar als ie weer aankan
|j| Ome Henk
|c|☆noLifeNL|Hij kan weer aan
|c|☆noLifeNL|Gl hf!
|j| Jorijn
|inactive|Battle timer is ON: inactive players will automatically lose when time's up. (requested by torie123)
|c|☆torie123|glhf!
|j| 000aj
|inactive|torie123 has 60 seconds left.
|inactive|noLifeNL has 60 seconds left.
|inactive|torie123 has 30 seconds left.
|inactive|noLifeNL has 30 seconds left.
|inactive|torie123 has 20 seconds left.
|inactive|noLifeNL has 20 seconds left.
|inactive|noLifeNL has 15 seconds left.
|inactive|noLifeNL has 10 seconds left.
|inactive|noLifeNL has 5 seconds left.
|
|t:|1783279688
|teamsize|p1|4
|teamsize|p2|4
|start
|switch|p1a: Aerodactyl|Aerodactyl, L50, M|100/100
|switch|p1b: Garchomp|Garchomp, L50, M|100/100
|switch|p2a: Salazzle|Salazzle, L50, F|100/100
|switch|p2b: Toxapex|Toxapex, L50, M|100/100
|-ability|p1a: Aerodactyl|Unnerve
|turn|1
|j| Bomduif
|inactive|torie123 has 30 seconds left.
|inactive|noLifeNL has 30 seconds left.
|inactive|torie123 has 20 seconds left.
|inactive|torie123 has 15 seconds left.
|inactive|torie123 has 10 seconds left.
|
|t:|1783279734
|move|p1a: Aerodactyl|Tailwind|p1a: Aerodactyl
|-sidestart|p1: torie123|move: Tailwind
|move|p1b: Garchomp|Dragon Claw|p2b: Toxapex
|-damage|p2b: Toxapex|70/100
|move|p2a: Salazzle|Toxic|p1b: Garchomp
|-status|p1b: Garchomp|tox
|move|p2b: Toxapex|Toxic|p1a: Aerodactyl
|-status|p1a: Aerodactyl|tox
|
|-heal|p2b: Toxapex|76/100|[from] item: Leftovers
|-damage|p1a: Aerodactyl|94/100 tox|[from] psn
|-damage|p1b: Garchomp|93/100 tox|[from] psn
|upkeep
|turn|2
|
|t:|1783279758
|switch|p2a: Gengar|Gengar, L50, M|100/100
|move|p2b: Toxapex|Wide Guard|p2b: Toxapex
|-singleturn|p2b: Toxapex|Wide Guard
|move|p1a: Aerodactyl|Dual Wingbeat|p2a: Gengar
|-damage|p2a: Gengar|73/100
|-damage|p2a: Gengar|47/100
|-hitcount|p2a: Gengar|2
|move|p1b: Garchomp|Earthquake|p2a: Gengar|[spread] 
|-activate|p2a: Gengar|move: Wide Guard
|-activate|p2b: Toxapex|move: Wide Guard
|-immune|p1a: Aerodactyl
|
|-heal|p2b: Toxapex|82/100|[from] item: Leftovers
|-damage|p1a: Aerodactyl|82/100 tox|[from] psn
|-damage|p1b: Garchomp|81/100 tox|[from] psn
|upkeep
|turn|3
|inactive|torie123 has 30 seconds left.
|inactive|noLifeNL has 30 seconds left.
|inactive|noLifeNL has 20 seconds left.
|
|t:|1783279797
|switch|p1a: Gholdengo|Gholdengo, L50|100/100
|detailschange|p2a: Gengar|Gengar-Mega, L50, M
|-mega|p2a: Gengar|Gengar|Gengarite
|move|p2a: Gengar|Protect|p2a: Gengar
|-singleturn|p2a: Gengar|Protect
|move|p1b: Garchomp|Dragon Claw|p2a: Gengar
|-activate|p2a: Gengar|move: Protect
|move|p2b: Toxapex|Infestation|p1b: Garchomp
|-damage|p1b: Garchomp|78/100 tox
|-activate|p1b: Garchomp|move: Infestation|[of] p2b: Toxapex
|-damage|p2b: Toxapex|70/100|[from] ability: Rough Skin|[of] p1b: Garchomp
|
|-heal|p2b: Toxapex|75/100|[from] item: Leftovers
|-damage|p1b: Garchomp|60/100 tox|[from] psn
|-damage|p1b: Garchomp|48/100 tox|[from] move: Infestation|[partiallytrapped]
|upkeep
|turn|4
|j| Gehtgutdigga
|inactive|torie123 has 30 seconds left.
|inactive|noLifeNL has 30 seconds left.
|
|t:|1783279829
|switch|p2a: Glimmora|Glimmora, L50, F|100/100
|-heal|p2b: Toxapex|100/100|[from] ability: Regenerator|[silent]
|switch|p2b: Salazzle|Salazzle, L50, F|100/100
|move|p1a: Gholdengo|Protect|p1a: Gholdengo
|-singleturn|p1a: Gholdengo|Protect
|move|p1b: Garchomp|Earthquake|p2a: Glimmora|[spread] p2a,p2b
|-activate|p1a: Gholdengo|move: Protect
|-supereffective|p2a: Glimmora|2
|-supereffective|p2b: Salazzle|2
|-damage|p2a: Glimmora|0 fnt
|-enditem|p2b: Salazzle|Focus Sash
|-damage|p2b: Salazzle|1/100
|-activate|p2a: Glimmora|ability: Toxic Debris
|-sidestart|p1: torie123|move: Toxic Spikes
|faint|p2a: Glimmora
|
|-damage|p1b: Garchomp|24/100 tox|[from] psn
|-end|p1b: Garchomp|Infestation|[partiallytrapped]|[silent]
|-sideend|p1: torie123|move: Tailwind
|upkeep
|
|t:|1783279839
|switch|p2a: Gengar|Gengar-Mega, L50, M|47/100
|turn|5
|inactive|torie123 has 30 seconds left.
|
|t:|1783279864
|switch|p1a: Aerodactyl|Aerodactyl, L50, M|82/100 tox
|-ability|p1a: Aerodactyl|Unnerve
|move|p2b: Salazzle|Overheat|p1a: Aerodactyl
|-resisted|p1a: Aerodactyl|1
|-damage|p1a: Aerodactyl|36/100 tox
|-unboost|p2b: Salazzle|spa|2
|move|p2a: Gengar|Shadow Ball|p1b: Garchomp
|-damage|p1b: Garchomp|0 fnt
|faint|p1b: Garchomp
|
|-damage|p1a: Aerodactyl|30/100 tox|[from] psn
|upkeep
|
|t:|1783279882
|switch|p1b: Gholdengo|Gholdengo, L50|100/100
|turn|6
|
|t:|1783279894
|switch|p2b: Toxapex|Toxapex, L50, M|100/100
|move|p2a: Gengar|Protect|p2a: Gengar
|-singleturn|p2a: Gengar|Protect
|move|p1a: Aerodactyl|Tailwind|p1a: Aerodactyl
|-sidestart|p1: torie123|move: Tailwind
|move|p1b: Gholdengo|Make It Rain|p2b: Toxapex|[spread] p2b
|-activate|p2a: Gengar|move: Protect
|-resisted|p2b: Toxapex|1
|-damage|p2b: Toxapex|75/100
|-unboost|p1b: Gholdengo|spa|2
|-damage|p1b: Gholdengo|90/100|[from] item: Life Orb
|
|-heal|p2b: Toxapex|80/100|[from] item: Leftovers
|-damage|p1a: Aerodactyl|19/100 tox|[from] psn
|upkeep
|turn|7
|inactive|torie123 has 30 seconds left.
|inactive|noLifeNL has 30 seconds left.
|inactive|noLifeNL has 20 seconds left.
|inactive|noLifeNL has 15 seconds left.
|inactive|noLifeNL has 10 seconds left.
|inactive|noLifeNL has 5 seconds left.
|
|t:|1783279946
|move|p2a: Gengar|Protect||[still]
|-fail|p2a: Gengar
|move|p1a: Aerodactyl|Dual Wingbeat|p2b: Toxapex|[miss]
|-miss|p1a: Aerodactyl|p2b: Toxapex
|move|p1b: Gholdengo|Shadow Ball|p2a: Gengar
|-supereffective|p2a: Gengar|1
|-damage|p2a: Gengar|0 fnt
|faint|p2a: Gengar
|-damage|p1b: Gholdengo|80/100|[from] item: Life Orb
|move|p2b: Toxapex|Infestation|p1a: Aerodactyl
|-resisted|p1a: Aerodactyl|1
|-damage|p1a: Aerodactyl|17/100 tox
|-activate|p1a: Aerodactyl|move: Infestation|[of] p2b: Toxapex
|
|-heal|p2b: Toxapex|86/100|[from] item: Leftovers
|-damage|p1a: Aerodactyl|0 fnt|[from] psn
|faint|p1a: Aerodactyl
|upkeep
|
|t:|1783279961
|switch|p1a: Mawile|Mawile, L50, F|100/100
|switch|p2a: Salazzle|Salazzle, L50, F|1/100
|-ability|p1a: Mawile|Intimidate|boost
|-unboost|p2a: Salazzle|atk|1
|-unboost|p2b: Toxapex|atk|1
|turn|8
|inactive|torie123 has 30 seconds left.
|
|t:|1783279988
|detailschange|p1a: Mawile|Mawile-Mega, L50, F
|-mega|p1a: Mawile|Mawile|Mawilite
|move|p2a: Salazzle|Protect|p2a: Salazzle
|-singleturn|p2a: Salazzle|Protect
|move|p1b: Gholdengo|Shadow Ball|p2a: Salazzle
|-activate|p2a: Salazzle|move: Protect
|move|p1a: Mawile|Play Rough|p2b: Toxapex|[miss]
|-miss|p1a: Mawile|p2b: Toxapex
|move|p2b: Toxapex|Infestation|p1a: Mawile
|-resisted|p1a: Mawile|2
|-damage|p1a: Mawile|99/100
|-activate|p1a: Mawile|move: Infestation|[of] p2b: Toxapex
|
|-heal|p2b: Toxapex|92/100|[from] item: Leftovers
|-damage|p1a: Mawile|87/100|[from] move: Infestation|[partiallytrapped]
|upkeep
|turn|9
|inactive|torie123 has 30 seconds left.
|inactive|noLifeNL has 30 seconds left.
|inactive|noLifeNL has 20 seconds left.
|
|t:|1783280026
|move|p2a: Salazzle|Protect||[still]
|-fail|p2a: Salazzle
|move|p1b: Gholdengo|Shadow Ball|p2a: Salazzle
|-damage|p2a: Salazzle|0 fnt
|faint|p2a: Salazzle
|-damage|p1b: Gholdengo|70/100|[from] item: Life Orb
|move|p1a: Mawile|Play Rough|p2b: Toxapex
|-resisted|p2b: Toxapex|1
|-damage|p2b: Toxapex|63/100
|move|p2b: Toxapex|Infestation|p1b: Gholdengo
|-resisted|p1b: Gholdengo|2
|-damage|p1b: Gholdengo|70/100
|-activate|p1b: Gholdengo|move: Infestation|[of] p2b: Toxapex
|
|-heal|p2b: Toxapex|68/100|[from] item: Leftovers
|-damage|p1b: Gholdengo|57/100|[from] move: Infestation|[partiallytrapped]
|-damage|p1a: Mawile|74/100|[from] move: Infestation|[partiallytrapped]
|-sideend|p1: torie123|move: Tailwind
|upkeep
|turn|10
|
|t:|1783280046
|move|p2b: Toxapex|Protect|p2b: Toxapex
|-singleturn|p2b: Toxapex|Protect
|move|p1b: Gholdengo|Nasty Plot|p1b: Gholdengo
|-boost|p1b: Gholdengo|spa|2
|move|p1a: Mawile|Iron Head|p2b: Toxapex
|-activate|p2b: Toxapex|move: Protect
|
|-heal|p2b: Toxapex|74/100|[from] item: Leftovers
|-damage|p1b: Gholdengo|45/100|[from] move: Infestation|[partiallytrapped]
|-damage|p1a: Mawile|62/100|[from] move: Infestation|[partiallytrapped]
|upkeep
|turn|11
|l| Gehtgutdigga
|
|t:|1783280071
|move|p2b: Toxapex|Protect|p2b: Toxapex
|-singleturn|p2b: Toxapex|Protect
|move|p1a: Mawile|Sucker Punch||[still]
|-fail|p1a: Mawile
|move|p1b: Gholdengo|Shadow Ball|p2b: Toxapex
|-activate|p2b: Toxapex|move: Protect
|
|-heal|p2b: Toxapex|80/100|[from] item: Leftovers
|-damage|p1b: Gholdengo|32/100|[from] move: Infestation|[partiallytrapped]
|-damage|p1a: Mawile|50/100g|[from] move: Infestation|[partiallytrapped]
|upkeep
|turn|12
|j| Gehtgutdigga
|
|t:|1783280087
|move|p2b: Toxapex|Protect||[still]
|-fail|p2b: Toxapex
|move|p1b: Gholdengo|Shadow Ball|p2b: Toxapex
|-damage|p2b: Toxapex|40/100
|-unboost|p2b: Toxapex|spd|1
|-damage|p1b: Gholdengo|23/100|[from] item: Life Orb
|move|p1a: Mawile|Play Rough|p2b: Toxapex
|-resisted|p2b: Toxapex|1
|-damage|p2b: Toxapex|9/100
|
|-heal|p2b: Toxapex|15/100|[from] item: Leftovers
|-damage|p1b: Gholdengo|10/100|[from] move: Infestation|[partiallytrapped]
|-end|p1a: Mawile|Infestation|[partiallytrapped]
|upkeep
|turn|13
|inactive|torie123 has 30 seconds left.
|
|t:|1783280116
|move|p2b: Toxapex|Protect|p2b: Toxapex
|-singleturn|p2b: Toxapex|Protect
|move|p1b: Gholdengo|Shadow Ball|p2b: Toxapex
|-activate|p2b: Toxapex|move: Protect
|move|p1a: Mawile|Iron Head|p2b: Toxapex
|-activate|p2b: Toxapex|move: Protect
|
|-heal|p2b: Toxapex|21/100|[from] item: Leftovers
|-end|p1b: Gholdengo|Infestation|[partiallytrapped]
|upkeep
|turn|14
|
|t:|1783280128
|move|p1b: Gholdengo|Shadow Ball|p2b: Toxapex
|-damage|p2b: Toxapex|0 fnt
|faint|p2b: Toxapex
|-damage|p1b: Gholdengo|1/100|[from] item: Life Orb
|
|win|torie123
||torie123 is ready for game 2.
||noLifeNL is ready for game 2.
|uhtml|next|Next: Game 2 of 3
|l| 000aj
|l| Gehtgutdigga
|j| LaraTheGamer
