|j|☆gengarisgoated0094
|j|☆RyushinYuki
|html|gengarisgoated0094RyushinYuki    
|uhtml|bestof|Game 2 of a best-of-3
|t:|1785516804
|gametype|doubles
|player|p1|gengarisgoated0094|psychic|
|player|p2|RyushinYuki|concordia|
|gen|9
|tier|[Gen 9 Champions] VGC 2026 Reg M-B (Bo3)
|rule|Species Clause: Limit one of each Pokémon
|rule|Item Clause: Limit 1 of each item
|clearpoke
|poke|p1|Gengar, L50, F, shiny|
|poke|p1|Venusaur, L50, M, shiny|
|poke|p1|Alcremie, L50, F, shiny|
|poke|p1|Typhlosion-Hisui, L50, F|
|poke|p1|Volcarona, L50, F|
|poke|p1|Lopunny, L50, M|
|poke|p2|Rotom-Wash, L50|
|poke|p2|Gallade, L50, M|
|poke|p2|Meganium, L50, M|
|poke|p2|Volcarona, L50, F|
|poke|p2|Corviknight, L50, F|
|poke|p2|Dragapult, L50, M|
|teampreview|4
|showteam|p1|Gengar||Gengarite|CursedBody|PerishSong,Protect,Substitute,ShadowBall|Timid||F|||50|]Venusaur||Venusaurite|Chlorophyll|Protect,EarthPower,GigaDrain,SludgeBomb|Modest||M|||50|]Alcremie||BabiriBerry|SweetVeil|Decorate,Encore,Endeavor,Protect|Bold||F|||50|]Typhlosion-Hisui||ChoiceScarf|Blaze|Eruption,ShadowBall,Overheat,FocusBlast|Modest||F|||50|]Volcarona||FocusSash|FlameBody|QuiverDance,HeatWave,GigaDrain,Protect|Modest||F|||50|]Lopunny||Lopunnite|CuteCharm|FakeOut,Uturn,Protect,CloseCombat|Jolly||M|||50|
|showteam|p2|Rotom-Wash||ChoiceScarf|Levitate|Electroweb,Thunderbolt,Trick,HydroPump|Timid|||||50|]Gallade||LifeOrb|Sharpness|SacredSword,PsychoCut,NightSlash,WideGuard|Jolly||M|||50|]Meganium||Meganiumite|Overgrow|SolarBeam,DazzlingGleam,WeatherBall,Protect|Timid||M|||50|]Volcarona||SitrusBerry|FlameBody|FieryDance,Protect,RagePowder,StruggleBug|Bold||F|||50|]Corviknight||Leftovers|Pressure|BraveBird,BulkUp,BodyPress,Tailwind|Adamant||F|||50|]Dragapult||FocusSash|Infiltrator|PhantomForce,DragonDarts,ThunderWave,Protect|Jolly||M|||50|
|inactive|Battle timer is ON: inactive players will automatically lose when time's up. (requested by gengarisgoated0094)
|c|☆RyushinYuki|idk how I won that game
|inactive|RyushinYuki has 60 seconds left.
|c|☆gengarisgoated0094|i clip farmed
|c|☆gengarisgoated0094|genuinly
|
|t:|1785516864
|teamsize|p1|4
|teamsize|p2|4
|start
|switch|p1a: Venusaur|Venusaur, L50, M, shiny|100/100
|switch|p1b: Alcremie|Alcremie, L50, F, shiny|100/100
|switch|p2a: Dragapult|Dragapult, L50, M|100/100
|switch|p2b: Rotom|Rotom-Wash, L50|100/100
|turn|1
|inactive|RyushinYuki has 30 seconds left.
|
|t:|1785516896
|switch|p2b: Corviknight|Corviknight, L50, F|100/100
|-ability|p2b: Corviknight|Pressure
|move|p1a: Venusaur|Protect|p1a: Venusaur
|-singleturn|p1a: Venusaur|Protect
|move|p2a: Dragapult|Thunder Wave|p1b: Alcremie
|-status|p1b: Alcremie|par
|move|p1b: Alcremie|Decorate|p1a: Venusaur
|-boost|p1a: Venusaur|atk|2
|-boost|p1a: Venusaur|spa|2
|
|upkeep
|turn|2
|
|t:|1785516918
|detailschange|p1a: Venusaur|Venusaur-Mega, L50, M, shiny
|-mega|p1a: Venusaur|Venusaur|Venusaurite
|move|p2a: Dragapult|Dragon Darts|p1a: Venusaur
|-damage|p1a: Venusaur|79/100
|-anim|p2a: Dragapult|Dragon Darts|p1a: Venusaur
|-damage|p1a: Venusaur|59/100
|move|p1a: Venusaur|Earth Power|p2a: Dragapult
|-damage|p2a: Dragapult|15/100
|move|p2b: Corviknight|Tailwind|p2b: Corviknight
|-sidestart|p2: RyushinYuki|move: Tailwind
|move|p1b: Alcremie|Decorate|p1a: Venusaur
|-boost|p1a: Venusaur|atk|2
|-boost|p1a: Venusaur|spa|2
|
|upkeep
|turn|3
|inactive|RyushinYuki has 30 seconds left.
|inactive|gengarisgoated0094 has 30 seconds left.
|
|t:|1785516952
|move|p2a: Dragapult|Protect|p2a: Dragapult
|-singleturn|p2a: Dragapult|Protect
|move|p1a: Venusaur|Protect|p1a: Venusaur
|-singleturn|p1a: Venusaur|Protect
|move|p2b: Corviknight|Brave Bird|p1a: Venusaur
|-activate|p1a: Venusaur|move: Protect
|cant|p1b: Alcremie|par
|
|upkeep
|turn|4
|inactive|gengarisgoated0094 has 30 seconds left.
|
|t:|1785516978
|move|p2a: Dragapult|Dragon Darts|p1a: Venusaur
|-damage|p1a: Venusaur|38/100
|-anim|p2a: Dragapult|Dragon Darts|p1a: Venusaur
|-damage|p1a: Venusaur|20/100y
|move|p2b: Corviknight|Brave Bird|p1a: Venusaur
|-supereffective|p1a: Venusaur|1
|-damage|p1a: Venusaur|0 fnt
|faint|p1a: Venusaur
|-damage|p2b: Corviknight|93/100|[from] Recoil
|move|p1b: Alcremie|Encore|p2b: Corviknight
|-start|p2b: Corviknight|Encore
|
|-heal|p2b: Corviknight|99/100|[from] item: Leftovers
|upkeep
|
|t:|1785516992
|switch|p1a: Volcarona|Volcarona, L50, F|100/100
|turn|5
|
|t:|1785517013
|switch|p2a: Rotom|Rotom-Wash, L50|100/100
|move|p1a: Volcarona|Protect|p1a: Volcarona
|-singleturn|p1a: Volcarona|Protect
|move|p2b: Corviknight|Brave Bird|p1a: Volcarona
|-activate|p1a: Volcarona|move: Protect
|move|p1b: Alcremie|Decorate|p1a: Volcarona
|-boost|p1a: Volcarona|atk|2
|-boost|p1a: Volcarona|spa|2
|
|-heal|p2b: Corviknight|100/100|[from] item: Leftovers
|-sideend|p2: RyushinYuki|move: Tailwind
|upkeep
|turn|6
|inactive|gengarisgoated0094 has 30 seconds left.
|inactive|RyushinYuki has 30 seconds left.
|
|t:|1785517046
|move|p2a: Rotom|Electroweb|p1b: Alcremie|[spread] p1a,p1b
|-damage|p1a: Volcarona|79/100
|-damage|p1b: Alcremie|84/100 par
|-unboost|p1a: Volcarona|spe|1
|-unboost|p1b: Alcremie|spe|1
|move|p1a: Volcarona|Heat Wave|p2a: Rotom|[spread] p2a,p2b
|-resisted|p2a: Rotom|1
|-supereffective|p2b: Corviknight|1
|-damage|p2a: Rotom|43/100
|-damage|p2b: Corviknight|0 fnt
|faint|p2b: Corviknight
|move|p1b: Alcremie|Endeavor|p2a: Rotom
|-immune|p2a: Rotom
|
|upkeep
|
|t:|1785517065
|switch|p2b: Dragapult|Dragapult, L50, M|15/100
|turn|7
|
|t:|1785517086
|switch|p1b: Lopunny|Lopunny, L50, M|100/100
|move|p1a: Volcarona|Protect|p1a: Volcarona
|-singleturn|p1a: Volcarona|Protect
|move|p2a: Rotom|Electroweb|p1a: Volcarona|[spread] p1b
|-activate|p1a: Volcarona|move: Protect
|-damage|p1b: Lopunny|76/100
|-unboost|p1b: Lopunny|spe|1
|move|p2b: Dragapult|Dragon Darts|p1b: Lopunny
|-crit|p1b: Lopunny
|-damage|p1b: Lopunny|23/100
|-anim|p2b: Dragapult|Dragon Darts|p1b: Lopunny
|-damage|p1b: Lopunny|0 fnt
|faint|p1b: Lopunny
|
|upkeep
|
|t:|1785517101
|switch|p1b: Alcremie|Alcremie, L50, F, shiny|84/100 par
|turn|8
|
|t:|1785517113
|move|p2a: Rotom|Electroweb|p1b: Alcremie|[spread] p1a,p1b
|-damage|p1a: Volcarona|59/100
|-damage|p1b: Alcremie|68/100 par
|-unboost|p1a: Volcarona|spe|1
|-unboost|p1b: Alcremie|spe|1
|move|p2b: Dragapult|Dragon Darts|p1a: Volcarona
|-damage|p1a: Volcarona|18/100
|-anim|p2b: Dragapult|Dragon Darts|p1a: Volcarona
|-damage|p1a: Volcarona|0 fnt
|faint|p1a: Volcarona
|move|p1b: Alcremie|Decorate|p1: Volcarona|[notarget]
|-fail|p1b: Alcremie
|
|upkeep
|turn|9
|-message|gengarisgoated0094 forfeited.
|
|win|RyushinYuki
|c|☆RyushinYuki|ggs
|l|☆gengarisgoated0094
|player|p1|
