|j|☆Ceylon don
|j|☆loolooby
|html|Ceylon donloolooby    
|uhtml|bestof|Game 2 of a best-of-3
|t:|1785625167
|gametype|doubles
|player|p1|Ceylon don|102|
|player|p2|loolooby|1|
|gen|9
|tier|[Gen 9 Champions] VGC 2026 Reg M-B (Bo3)
|rule|Species Clause: Limit one of each Pokémon
|rule|Item Clause: Limit 1 of each item
|clearpoke
|poke|p1|Staraptor, L50, F|
|poke|p1|Garchomp, L50, M|
|poke|p1|Whimsicott, L50, F|
|poke|p1|Delphox, L50, F|
|poke|p1|Glimmora, L50, M|
|poke|p1|Kingambit, L50, F|
|poke|p2|Charizard, L50, M, shiny|
|poke|p2|Garchomp, L50, M|
|poke|p2|Venusaur, L50, M|
|poke|p2|Dragapult, L50, F, shiny|
|poke|p2|Aerodactyl, L50, M, shiny|
|poke|p2|Kingambit, L50, F, shiny|
|teampreview|4
|showteam|p1|Staraptor||Staraptite|Intimidate|Protect,Roost,CloseCombat,BraveBird|Jolly||F|||50|]Garchomp||LifeOrb|RoughSkin|Protect,RockSlide,Earthquake,DragonClaw|Jolly||M|||50|]Whimsicott||OccaBerry|Prankster|Moonblast,Tailwind,Charm,LightScreen|Timid||F|||50|]Delphox||Delphoxite|Magician|Protect,Psychic,HeatWave,Substitute|Modest||F|||50|]Glimmora||FocusSash|ToxicDebris|SpikyShield,EarthPower,PowerGem,SludgeBomb|Timid||M|||50|]Kingambit||ChopleBerry|Defiant|KowtowCleave,IronHead,SuckerPunch,LowKick|Adamant||F|||50|
|showteam|p2|Charizard||CharizarditeY|Blaze|Protect,HeatWave,WeatherBall,SolarBeam|Timid||M|||50|]Garchomp||SitrusBerry|RoughSkin|Earthquake,DragonClaw,RockSlide,Protect|Jolly||M|||50|]Venusaur||LifeOrb|Chlorophyll|SludgeBomb,Protect,SleepPowder,EarthPower|Modest||M|||50|]Dragapult||ChoiceScarf|ClearBody|DracoMeteor,Thunderbolt,ShadowBall,Uturn|Modest||F|||50|]Aerodactyl||FocusSash|Unnerve|Taunt,StoneEdge,DragonClaw,DualWingbeat|Adamant||M|||50|]Kingambit||BlackGlasses|Defiant|SuckerPunch,KowtowCleave,Protect,IronHead|Adamant||F|||50|
|inactive|Battle timer is ON: inactive players will automatically lose when time's up. (requested by Ceylon don)
|
|t:|1785625218
|teamsize|p1|4
|teamsize|p2|4
|start
|switch|p1a: Whimsicott|Whimsicott, L50, F|100/100
|switch|p1b: Delphox|Delphox, L50, F|100/100
|switch|p2a: Dragapult|Dragapult, L50, F, shiny|100/100
|switch|p2b: Garchomp|Garchomp, L50, M|100/100
|turn|1
|inactive|loolooby has 30 seconds left.
|
|t:|1785625252
|detailschange|p1b: Delphox|Delphox-Mega, L50, F
|-mega|p1b: Delphox|Delphox|Delphoxite
|move|p2b: Garchomp|Protect|p2b: Garchomp
|-singleturn|p2b: Garchomp|Protect
|move|p1b: Delphox|Protect|p1b: Delphox
|-singleturn|p1b: Delphox|Protect
|move|p1a: Whimsicott|Tailwind|p1a: Whimsicott
|-sidestart|p1: Ceylon don|move: Tailwind
|move|p2a: Dragapult|Shadow Ball|p1a: Whimsicott
|-damage|p1a: Whimsicott|40/100
|
|upkeep
|turn|2
|inactive|loolooby has 30 seconds left.
|inactive|Ceylon don has 30 seconds left.
|inactive|loolooby has 20 seconds left.
|inactive|Ceylon don has 20 seconds left.
|inactive|loolooby has 15 seconds left.
|inactive|loolooby has 10 seconds left.
|
|t:|1785625299
|move|p1b: Delphox|Substitute|p1b: Delphox
|-start|p1b: Delphox|Substitute
|-damage|p1b: Delphox|75/100
|move|p1a: Whimsicott|Moonblast|p2b: Garchomp
|-supereffective|p2b: Garchomp|1
|-damage|p2b: Garchomp|44/100
|-enditem|p2b: Garchomp|Sitrus Berry|[eat]
|-heal|p2b: Garchomp|69/100|[from] item: Sitrus Berry
|move|p2a: Dragapult|Shadow Ball|p1b: Delphox
|-supereffective|p1b: Delphox|1
|-end|p1b: Delphox|Substitute
|move|p2b: Garchomp|Rock Slide|p1b: Delphox|[spread] p1a,p1b
|-crit|p1a: Whimsicott
|-supereffective|p1b: Delphox|1
|-damage|p1a: Whimsicott|0 fnt
|-damage|p1b: Delphox|10/100
|faint|p1a: Whimsicott
|
|upkeep
|
|t:|1785625318
|switch|p1a: Staraptor|Staraptor, L50, F|100/100
|-ability|p1a: Staraptor|Intimidate|boost
|-fail|p2a: Dragapult|unboost|[from] ability: Clear Body|[of] p2a: Dragapult
|-unboost|p2b: Garchomp|atk|1
|turn|3
|
|t:|1785625342
|move|p1b: Delphox|Psychic|p2a: Dragapult
|-damage|p2a: Dragapult|29/100
|move|p2a: Dragapult|Shadow Ball|p1b: Delphox
|-supereffective|p1b: Delphox|1
|-damage|p1b: Delphox|0 fnt
|faint|p1b: Delphox
|move|p1a: Staraptor|Brave Bird|p2a: Dragapult
|-damage|p2a: Dragapult|0 fnt
|faint|p2a: Dragapult
|-damage|p1a: Staraptor|90/100|[from] Recoil
|move|p2b: Garchomp|Rock Slide|p1a: Staraptor|[miss]
|-miss|p2b: Garchomp|p1a: Staraptor
|
|upkeep
|
|t:|1785625357
|switch|p2a: Charizard|Charizard, L50, M, shiny|100/100
|switch|p1b: Garchomp|Garchomp, L50, M|100/100
|turn|4
|inactive|loolooby has 30 seconds left.
|inactive|loolooby has 20 seconds left.
|inactive|loolooby has 15 seconds left.
|
|t:|1785625399
|detailschange|p2a: Charizard|Charizard-Mega-Y, L50, M, shiny
|-mega|p2a: Charizard|Charizard|Charizardite Y
|-weather|SunnyDay|[from] ability: Drought|[of] p2a: Charizard
|move|p2a: Charizard|Protect|p2a: Charizard
|-singleturn|p2a: Charizard|Protect
|move|p1b: Garchomp|Dragon Claw|p2b: Garchomp
|-supereffective|p2b: Garchomp|1
|-damage|p2b: Garchomp|0 fnt
|-damage|p1b: Garchomp|87/100|[from] ability: Rough Skin|[of] p2b: Garchomp
|faint|p2b: Garchomp
|-damage|p1b: Garchomp|78/100|[from] item: Life Orb
|move|p1a: Staraptor|Brave Bird|p2a: Charizard
|-activate|p2a: Charizard|move: Protect
|
|-weather|SunnyDay|[upkeep]
|-sideend|p1: Ceylon don|move: Tailwind
|upkeep
|
|t:|1785625414
|switch|p2b: Venusaur|Venusaur, L50, M|100/100
|turn|5
|inactive|loolooby has 30 seconds left.
|
|t:|1785625457
|move|p1a: Staraptor|Protect|p1a: Staraptor
|-singleturn|p1a: Staraptor|Protect
|move|p2b: Venusaur|Sleep Powder|p1b: Garchomp
|-status|p1b: Garchomp|slp|[from] move: Sleep Powder
|move|p2a: Charizard|Heat Wave|p1a: Staraptor|[spread] p1b
|-activate|p1a: Staraptor|move: Protect
|-resisted|p1b: Garchomp|1
|-damage|p1b: Garchomp|39/100 slp
|cant|p1b: Garchomp|slp
|
|-weather|SunnyDay|[upkeep]
|upkeep
|turn|6
|inactive|loolooby has 30 seconds left.
|inactive|loolooby has 20 seconds left.
|
|t:|1785625493
|move|p2b: Venusaur|Earth Power|p1b: Garchomp
|-damage|p1b: Garchomp|1/100 slp
|-unboost|p1b: Garchomp|spd|1
|-damage|p2b: Venusaur|90/100|[from] item: Life Orb
|move|p2a: Charizard|Heat Wave|p1b: Garchomp|[spread] p1a,p1b
|-resisted|p1b: Garchomp|1
|-damage|p1a: Staraptor|0 fnt
|-damage|p1b: Garchomp|0 fnt
|faint|p1a: Staraptor
|faint|p1b: Garchomp
|
|win|loolooby
