|j|☆sig.kire
|j|☆meikh_neiht
|html|sig.kiremeikh_neiht    
|uhtml|bestof|Game 2 of a best-of-3
|t:|1782532203
|gametype|doubles
|player|p1|sig.kire|ghetsis-gen5bw|1198
|player|p2|meikh_neiht|lucas|1157
|gen|9
|tier|[Gen 9 Champions] VGC 2026 Reg M-B (Bo3)
|rated|
|rule|Species Clause: Limit one of each Pokémon
|rule|Item Clause: Limit 1 of each item
|clearpoke
|poke|p1|Ceruledge, L50, F|
|poke|p1|Floette-Eternal, L50, F|
|poke|p1|Sinistcha-Masterpiece, L50|
|poke|p1|Milotic, L50, F|
|poke|p1|Scrafty, L50, M|
|poke|p1|Raichu, L50, F|
|poke|p2|Staraptor, L50, M|
|poke|p2|Sinistcha, L50|
|poke|p2|Maushold, L50|
|poke|p2|Kingambit, L50, M|
|poke|p2|Sneasler, L50, M|
|poke|p2|Delphox, L50, F|
|teampreview|4
|showteam|p1|Ceruledge||ColburBerry|FlashFire|BitterBlade,ShadowSneak,BulkUp,Protect|Adamant||F|||50|]Floette-Eternal||Floettite|FlowerVeil|DazzlingGleam,DrainingKiss,CalmMind,Protect|Modest||F|||50|]Sinistcha-Masterpiece||SitrusBerry|Hospitality|Protect,MatchaGotcha,RagePowder,LifeDew|Relaxed|||||50|]Milotic||Leftovers|Competitive|Coil,MuddyWater,Hypnosis,Protect|Calm||F|||50|]Scrafty||Scraftinite|Intimidate|CloseCombat,KnockOff,FakeOut,Protect|Adamant||M|||50|]Raichu||FocusSash|LightningRod|FakeOut,GrassKnot,Nuzzle,VoltSwitch|Timid||F|||50|
|showteam|p2|Staraptor||Staraptite|Intimidate|CloseCombat,BraveBird,Roost,Protect|Adamant||M|||50|]Sinistcha||SitrusBerry|Hospitality|RagePowder,MatchaGotcha,TrickRoom,LifeDew|Calm|||||50|]Maushold||ChopleBerry|FriendGuard|Encore,Charm,FollowMe,Protect|Timid|||||50|]Kingambit||OccaBerry|Defiant|KowtowCleave,SuckerPunch,SwordsDance,Protect|Adamant||M|||50|]Sneasler||WhiteHerb|Unburden|DireClaw,Protect,FakeOut,CloseCombat|Jolly||M|||50|]Delphox||Delphoxite|Blaze|HeatWave,Psyshock,NastyPlot,Protect|Timid||F|||50|
|
|t:|1782532246
|teamsize|p1|4
|teamsize|p2|4
|start
|switch|p1a: Ceruledge|Ceruledge, L50, F|100/100
|switch|p1b: Milotic|Milotic, L50, F|100/100
|switch|p2a: Maushold|Maushold, L50|100/100
|switch|p2b: Staraptor|Staraptor, L50, M|100/100
|-ability|p2b: Staraptor|Intimidate|boost
|-unboost|p1a: Ceruledge|atk|1
|-unboost|p1b: Milotic|atk|1
|-ability|p1b: Milotic|Competitive|boost
|-boost|p1b: Milotic|spa|2
|turn|1
|
|t:|1782532258
|detailschange|p2b: Staraptor|Staraptor-Mega, L50, M
|-mega|p2b: Staraptor|Staraptor|Staraptite
|move|p2a: Maushold|Charm|p2b: Staraptor
|-boost|p2b: Staraptor|atk|2
|move|p2b: Staraptor|Close Combat|p1b: Milotic
|-damage|p1b: Milotic|0 fnt
|-boost|p2b: Staraptor|def|1
|-boost|p2b: Staraptor|spd|1
|faint|p1b: Milotic
|move|p1a: Ceruledge|Bulk Up|p1a: Ceruledge
|-boost|p1a: Ceruledge|atk|1
|-boost|p1a: Ceruledge|def|1
|
|upkeep
|
|t:|1782532261
|switch|p1b: Raichu|Raichu, L50, F|100/100
|turn|2
|
|t:|1782532284
|move|p1b: Raichu|Fake Out|p2a: Maushold
|-damage|p2a: Maushold|88/100
|cant|p2a: Maushold|flinch
|move|p2b: Staraptor|Brave Bird|p1a: Ceruledge
|-damage|p1a: Ceruledge|1/100
|-damage|p2b: Staraptor|67/100|[from] Recoil
|move|p1a: Ceruledge|Bulk Up|p1a: Ceruledge
|-boost|p1a: Ceruledge|atk|1
|-boost|p1a: Ceruledge|def|1
|
|upkeep
|turn|3
|
|t:|1782532294
|move|p2a: Maushold|Follow Me|p2a: Maushold
|-singleturn|p2a: Maushold|move: Follow Me
|move|p1a: Ceruledge|Shadow Sneak|p2a: Maushold
|-immune|p2a: Maushold
|move|p1b: Raichu|Volt Switch|p2a: Maushold
|-damage|p2a: Maushold|50/100g
|
|t:|1782532296
|switch|p1b: Sinistcha|Sinistcha-Masterpiece, L50|100/100|[from] Volt Switch
|-heal|p1a: Ceruledge|25/100|[from] ability: Hospitality|[of] p1b: Sinistcha
|move|p2b: Staraptor|Brave Bird|p1a: Ceruledge
|-damage|p1a: Ceruledge|0 fnt
|faint|p1a: Ceruledge
|-damage|p2b: Staraptor|58/100|[from] Recoil
|
|upkeep
|
|t:|1782532297
|switch|p1a: Raichu|Raichu, L50, F|100/100
|turn|4
|
|t:|1782532307
|move|p1a: Raichu|Fake Out|p2b: Staraptor
|-damage|p2b: Staraptor|54/100
|move|p2a: Maushold|Follow Me|p2a: Maushold
|-singleturn|p2a: Maushold|move: Follow Me
|cant|p2b: Staraptor|flinch
|move|p1b: Sinistcha|Matcha Gotcha|p2a: Maushold|[spread] p2a,p2b
|-resisted|p2b: Staraptor|1
|-damage|p2a: Maushold|19/100
|-damage|p2b: Staraptor|48/100
|-status|p2a: Maushold|brn
|
|-damage|p2a: Maushold|13/100 brn|[from] brn
|upkeep
|turn|5
|
|t:|1782532315
|move|p1b: Sinistcha|Protect|p1b: Sinistcha
|-singleturn|p1b: Sinistcha|Protect
|move|p2a: Maushold|Follow Me|p2a: Maushold
|-singleturn|p2a: Maushold|move: Follow Me
|move|p1a: Raichu|Volt Switch|p2a: Maushold
|-damage|p2a: Maushold|0 fnt
|faint|p2a: Maushold
|move|p2b: Staraptor|Roost|p2b: Staraptor
|-heal|p2b: Staraptor|98/100
|-singleturn|p2b: Staraptor|move: Roost
|
|upkeep
|
|t:|1782532328
|switch|p2a: Sneasler|Sneasler, L50, M|100/100
|turn|6
|-message|sig.kire forfeited.
|
|win|meikh_neiht
|raw|sig.kire's rating: 1198 → 1170(-28 for losing)
|raw|meikh_neiht's rating: 1157 → 1185(+28 for winning)
|l|☆sig.kire
|player|p1|
