|j|☆exessvgc
|j|☆Washingtung DC
|html|exessvgcWashingtung DC    
|uhtml|bestof|Game 3 of a best-of-3
|t:|1782485139
|gametype|doubles
|player|p1|exessvgc|lucas|1197
|player|p2|Washingtung DC|roughneck|1172
|gen|9
|tier|[Gen 9 Champions] VGC 2026 Reg M-B (Bo3)
|rated|
|rule|Species Clause: Limit one of each Pokémon
|rule|Item Clause: Limit 1 of each item
|clearpoke
|poke|p1|Charizard, L50, M|
|poke|p1|Sneasler, L50, M|
|poke|p1|Farigiraf, L50, F|
|poke|p1|Aerodactyl, L50, F|
|poke|p1|Kingambit, L50, M|
|poke|p1|Sylveon, L50, M|
|poke|p2|Swampert, L50, M|
|poke|p2|Pelipper, L50, F|
|poke|p2|Archaludon, L50, M|
|poke|p2|Grimmsnarl, L50, M|
|poke|p2|Metagross, L50|
|poke|p2|Sinistcha, L50|
|teampreview|4
|showteam|p1|Charizard||CharizarditeX|Blaze|DragonDance,DragonClaw,FlareBlitz,Protect|Jolly||M|||50|]Sneasler||WhiteHerb|Unburden|FakeOut,Protect,CloseCombat,DireClaw|Jolly||M|||50|]Farigiraf||SitrusBerry|ArmorTail|TrickRoom,Thunderbolt,HelpingHand,TwinBeam|Calm||F|||50|]Aerodactyl||FocusSash|Unnerve|RockSlide,Tailwind,DualWingbeat,Protect|Jolly||F|||50|]Kingambit||LifeOrb|Defiant|KowtowCleave,SuckerPunch,IronHead,Protect|Brave||M|||50|]Sylveon||FairyFeather|Pixilate|HyperVoice,HyperBeam,Protect,QuickAttack|Quiet||M|||50|
|showteam|p2|Swampert||Swampertite|Torrent|Earthquake,WaveCrash,StompingTantrum,Protect|Adamant||M|||50|]Pelipper||SitrusBerry|Drizzle|Tailwind,WeatherBall,Hurricane,Protect|Modest||F|||50|]Archaludon||Leftovers|Stamina|DragonPulse,ElectroShot,FlashCannon,Protect|Modest||M|||50|]Grimmsnarl||BlackGlasses|Prankster|SuckerPunch,PartingShot,LightScreen,SpiritBreak|Adamant||M|||50|]Metagross||Metagrossite|ClearBody|PsychicFangs,IronHead,Protect,BodyPress|Jolly|||||50|]Sinistcha||KasibBerry|Hospitality|TrickRoom,MatchaGotcha,RagePowder,Imprison|Modest|||||50|
|
|t:|1782485158
|teamsize|p1|4
|teamsize|p2|4
|start
|switch|p1a: DINOSAUVO|Aerodactyl, L50, F|100/100
|switch|p1b: Sylveon|Sylveon, L50, M|100/100
|switch|p2a: Swampert|Swampert, L50, M|100/100
|switch|p2b: Grimmsnarl|Grimmsnarl, L50, M|100/100
|-ability|p1a: DINOSAUVO|Unnerve
|turn|1
|
|t:|1782485202
|detailschange|p2a: Swampert|Swampert-Mega, L50, M
|-mega|p2a: Swampert|Swampert|Swampertite
|move|p1b: Sylveon|Protect|p1b: Sylveon
|-singleturn|p1b: Sylveon|Protect
|move|p2b: Grimmsnarl|Parting Shot|p1b: Sylveon
|-activate|p1b: Sylveon|move: Protect
|move|p1a: DINOSAUVO|Tailwind|p1a: DINOSAUVO
|-sidestart|p1: exessvgc|move: Tailwind
|move|p2a: Swampert|Wave Crash|p1a: DINOSAUVO
|-supereffective|p1a: DINOSAUVO|1
|-enditem|p1a: DINOSAUVO|Focus Sash
|-damage|p1a: DINOSAUVO|1/100
|-damage|p2a: Swampert|72/100|[from] Recoil
|
|upkeep
|turn|2
|
|t:|1782485228
|switch|p1a: LA GIRAFFA|Farigiraf, L50, F|100/100
|switch|p2a: Metagross|Metagross, L50|100/100
|move|p2b: Grimmsnarl|Light Screen|p2b: Grimmsnarl
|-sidestart|p2: Washingtung DC|move: Light Screen
|move|p1b: Sylveon|Hyper Voice|p2b: Grimmsnarl|[spread] p2a,p2b
|-resisted|p2a: Metagross|1
|-supereffective|p2b: Grimmsnarl|1
|-damage|p2a: Metagross|81/100
|-damage|p2b: Grimmsnarl|40/100
|
|upkeep
|turn|3
|
|t:|1782485283
|move|p1b: Sylveon|Protect|p1b: Sylveon
|-singleturn|p1b: Sylveon|Protect
|move|p1a: LA GIRAFFA|Thunderbolt|p2a: Metagross
|-damage|p2a: Metagross|65/100
|move|p2a: Metagross|Iron Head|p1b: Sylveon
|-activate|p1b: Sylveon|move: Protect
|move|p2b: Grimmsnarl|Spirit Break|p1b: Sylveon
|-activate|p1b: Sylveon|move: Protect
|
|upkeep
|turn|4
|
|t:|1782485307
|switch|p2b: Pelipper|Pelipper, L50, F|100/100
|-weather|RainDance|[from] ability: Drizzle|[of] p2b: Pelipper
|move|p1a: LA GIRAFFA|Helping Hand|p1b: Sylveon
|-singleturn|p1b: Sylveon|Helping Hand|[of] p1a: LA GIRAFFA
|move|p1b: Sylveon|Hyper Beam|p2a: Metagross
|-resisted|p2a: Metagross|1
|-damage|p2a: Metagross|0 fnt
|-mustrecharge|p1b: Sylveon
|faint|p2a: Metagross
|
|-weather|RainDance|[upkeep]
|-sideend|p1: exessvgc|move: Tailwind
|upkeep
|
|t:|1782485316
|switch|p2a: Swampert|Swampert-Mega, L50, M|72/100
|turn|5
|
|t:|1782485324
|move|p2a: Swampert|Earthquake|p1a: LA GIRAFFA|[spread] p1a,p1b
|-immune|p2b: Pelipper
|-crit|p1a: LA GIRAFFA
|-damage|p1a: LA GIRAFFA|34/100
|-damage|p1b: Sylveon|51/100
|-enditem|p1a: LA GIRAFFA|Sitrus Berry|[eat]
|-heal|p1a: LA GIRAFFA|58/100|[from] item: Sitrus Berry
|move|p2b: Pelipper|Weather Ball|p1a: LA GIRAFFA
|-damage|p1a: LA GIRAFFA|0 fnt
|faint|p1a: LA GIRAFFA
|cant|p1b: Sylveon|recharge
|
|-weather|RainDance|[upkeep]
|upkeep
|
|t:|1782485339
|switch|p1a: EXESS|Charizard, L50, M|100/100
|turn|6
|
|t:|1782485356
|detailschange|p1a: EXESS|Charizard-Mega-X, L50, M
|-mega|p1a: EXESS|Charizard|Charizardite X
|move|p1b: Sylveon|Quick Attack|p2a: Swampert
|-damage|p2a: Swampert|59/100
|move|p2a: Swampert|Wave Crash|p1b: Sylveon
|-damage|p1b: Sylveon|0 fnt
|faint|p1b: Sylveon
|-damage|p2a: Swampert|42/100|[from] Recoil
|move|p1a: EXESS|Dragon Claw|p2a: Swampert
|-damage|p2a: Swampert|0 fnt
|faint|p2a: Swampert
|move|p2b: Pelipper|Tailwind|p2b: Pelipper
|-sidestart|p2: Washingtung DC|move: Tailwind
|
|-weather|RainDance|[upkeep]
|-sideend|p2: Washingtung DC|move: Light Screen
|upkeep
|
|t:|1782485370
|switch|p2a: Grimmsnarl|Grimmsnarl, L50, M|40/100
|switch|p1b: DINOSAUVO|Aerodactyl, L50, F|1/100
|-ability|p1b: DINOSAUVO|Unnerve
|turn|7
|
|t:|1782485391
|move|p1b: DINOSAUVO|Protect|p1b: DINOSAUVO
|-singleturn|p1b: DINOSAUVO|Protect
|move|p2a: Grimmsnarl|Sucker Punch||[still]
|-fail|p2a: Grimmsnarl
|move|p2b: Pelipper|Weather Ball|p1a: EXESS
|-damage|p1a: EXESS|17/100
|move|p1a: EXESS|Dragon Dance|p1a: EXESS
|-boost|p1a: EXESS|atk|1
|-boost|p1a: EXESS|spe|1
|
|-weather|RainDance|[upkeep]
|upkeep
|turn|8
|
|t:|1782485434
|move|p2a: Grimmsnarl|Sucker Punch||[still]
|-fail|p2a: Grimmsnarl
|move|p1a: EXESS|Dragon Dance|p1a: EXESS
|-boost|p1a: EXESS|atk|1
|-boost|p1a: EXESS|spe|1
|move|p2b: Pelipper|Weather Ball|p1b: DINOSAUVO
|-supereffective|p1b: DINOSAUVO|1
|-damage|p1b: DINOSAUVO|0 fnt
|faint|p1b: DINOSAUVO
|
|-weather|none
|upkeep
|turn|9
|
|t:|1782485453
|move|p1a: EXESS|Protect|p1a: EXESS
|-singleturn|p1a: EXESS|Protect
|move|p2a: Grimmsnarl|Sucker Punch||[still]
|-fail|p2a: Grimmsnarl
|move|p2b: Pelipper|Weather Ball|p1a: EXESS
|-activate|p1a: EXESS|move: Protect
|
|-sideend|p2: Washingtung DC|move: Tailwind
|upkeep
|turn|10
|
|t:|1782485471
|move|p2a: Grimmsnarl|Sucker Punch|p1a: EXESS
|-damage|p1a: EXESS|0 fnt
|faint|p1a: EXESS
|
|win|Washingtung DC
|raw|exessvgc's rating: 1197 → 1170(-27 for losing)
|raw|Washingtung DC's rating: 1172 → 1199(+27 for winning)
|l|☆exessvgc
|player|p1|
|l|☆Washingtung DC
|player|p2|
|j|☆exessvgc
|player|p1|exessvgc|lucas|
