|j|☆CrazyyBoi
|j|☆grounddegree125
|html|CrazyyBoigrounddegree125    
|uhtml|bestof|Game 1 of a best-of-3
|t:|1757766427
|gametype|doubles
|player|p1|CrazyyBoi|169|1089
|player|p2|grounddegree125|kieran-champion|1098
|gen|9
|tier|[Gen 9] VGC 2025 Reg H (Bo3)
|rated|
|rule|Species Clause: Limit one of each Pokémon
|rule|Item Clause: Limit 1 of each item
|clearpoke
|poke|p1|Meowscarada, L50, F|
|poke|p1|Sableye, L50, M|
|poke|p1|Gothitelle, L50, F|
|poke|p1|Kommo-o, L50, F|
|poke|p1|Incineroar, L50, F|
|poke|p1|Primarina, L50, F|
|poke|p2|Hatterene, L50, F|
|poke|p2|Indeedee-F, L50, F|
|poke|p2|Gallade, L50, M|
|poke|p2|Ursaluna, L50, F|
|poke|p2|Malamar, L50, F|
|poke|p2|Torkoal, L50, F|
|teampreview|4
|showteam|p1|Meowscarada||ClearAmulet|Overgrow|FlowerTrick,SuckerPunch,ThroatChop,Protect|||F|||50|,,,,,Fire]Sableye||MentalHerb|Prankster|WillOWisp,Quash,Disable,Encore|||M|||50|,,,,,Grass]Gothitelle||SitrusBerry|ShadowTag|FakeOut,Psychic,TrickRoom,Protect|||F|||50|,,,,,Steel]Kommo-o||ThroatSpray|Overcoat|ClangorousSoul,ClangingScales,Protect,AuraSphere|||F|||50|,,,,,Steel]Incineroar||SafetyGoggles|Intimidate|FakeOut,PartingShot,KnockOff,Taunt|||F|||50|,,,,,Ghost]Primarina||LifeOrb|LiquidVoice|HyperVoice,Moonblast,PerishSong,Protect|||F|||50|,,,,,Dragon
|showteam|p2|Hatterene||LifeOrb|MagicBounce|ExpandingForce,DazzlingGleam,Psychic,TrickRoom|||F|||50|,,,,,Psychic]Indeedee-F||PsychicSeed|PsychicSurge|AlluringVoice,FollowMe,HelpingHand,TrickRoom|||F|||50|,,,,,Grass]Gallade||ClearAmulet|Sharpness|PsychoCut,SacredSword,WideGuard,TrickRoom|||M|||50|,,,,,Grass]Ursaluna||FlameOrb|Guts|Facade,HeadlongRush,Substitute,Protect|||F|||50|,,,,,Ghost]Malamar||SafetyGoggles|Contrary|Superpower,KnockOff,TopsyTurvy,TrickRoom|||F|||50|,,,,,Fighting]Torkoal||Charcoal|Drought|Eruption,WeatherBall,EarthPower,Protect|||F|||50|,,,,,Fire
|inactive|Battle timer is ON: inactive players will automatically lose when time's up. (requested by grounddegree125)
|inactive|CrazyyBoi has 60 seconds left.
|inactive|grounddegree125 has 60 seconds left.
|inactive|grounddegree125 has 30 seconds left.
|
|t:|1757766490
|teamsize|p1|4
|teamsize|p2|4
|start
|switch|p1a: Primarina|Primarina, L50, F|100/100
|switch|p1b: Gothitelle|Gothitelle, L50, F|100/100
|switch|p2a: 🪷布莉姆温🪷|Hatterene, L50, F, shiny|100/100
|switch|p2b: 🪻爱管侍🪻|Indeedee-F, L50, F, shiny|100/100
|-fieldstart|move: Psychic Terrain|[from] ability: Psychic Surge|[of] p2b: 🪻爱管侍🪻
|-enditem|p2b: 🪻爱管侍🪻|Psychic Seed
|-boost|p2b: 🪻爱管侍🪻|spd|1|[from] item: Psychic Seed
|turn|1
|inactive|CrazyyBoi has 30 seconds left.
|
|t:|1757766520
|move|p2b: 🪻爱管侍🪻|Alluring Voice|p1b: Gothitelle
|-damage|p1b: Gothitelle|87/100
|move|p1a: Primarina|Perish Song|p1a: Primarina
|-start|p1a: Primarina|perish3|[silent]
|-start|p1b: Gothitelle|perish3|[silent]
|-start|p2a: 🪷布莉姆温🪷|perish3|[silent]
|-start|p2b: 🪻爱管侍🪻|perish3|[silent]
|-fieldactivate|move: Perish Song
|move|p1b: Gothitelle|Trick Room|p1b: Gothitelle
|-fieldstart|move: Trick Room|[of] p1b: Gothitelle
|move|p2a: 🪷布莉姆温🪷|Trick Room|p2a: 🪷布莉姆温🪷
|-fieldend|move: Trick Room
|
|-start|p2b: 🪻爱管侍🪻|perish3
|-start|p1a: Primarina|perish3
|-start|p1b: Gothitelle|perish3
|-start|p2a: 🪷布莉姆温🪷|perish3
|upkeep
|turn|2
|
|t:|1757766537
|switch|p1a: Incineroar|Incineroar, L50, F|100/100
|-ability|p1a: Incineroar|Intimidate|boost
|-unboost|p2a: 🪷布莉姆温🪷|atk|1
|-unboost|p2b: 🪻爱管侍🪻|atk|1
|-terastallize|p2a: 🪷布莉姆温🪷|Psychic
|move|p2b: 🪻爱管侍🪻|Helping Hand|p2a: 🪷布莉姆温🪷
|-singleturn|p2a: 🪷布莉姆温🪷|Helping Hand|[of] p2b: 🪻爱管侍🪻
|move|p1b: Gothitelle|Protect|p1b: Gothitelle
|-singleturn|p1b: Gothitelle|Protect
|move|p2a: 🪷布莉姆温🪷|Expanding Force|p1a: Incineroar|[spread] 
|-activate|p1b: Gothitelle|move: Protect
|-immune|p1a: Incineroar
|
|-start|p2b: 🪻爱管侍🪻|perish2
|-start|p1b: Gothitelle|perish2
|-start|p2a: 🪷布莉姆温🪷|perish2
|upkeep
|turn|3
|inactive|CrazyyBoi has 30 seconds left.
|inactive|CrazyyBoi has 20 seconds left.
|inactive|CrazyyBoi has 15 seconds left.
|
|t:|1757766580
|switch|p1b: Primarina|Primarina, L50, F|100/100
|move|p2b: 🪻爱管侍🪻|Helping Hand|p2a: 🪷布莉姆温🪷
|-singleturn|p2a: 🪷布莉姆温🪷|Helping Hand|[of] p2b: 🪻爱管侍🪻
|move|p1a: Incineroar|Parting Shot|p2b: 🪻爱管侍🪻
|-unboost|p2b: 🪻爱管侍🪻|atk|1
|-unboost|p2b: 🪻爱管侍🪻|spa|1
|
|t:|1757766593
|switch|p1a: Gothitelle|Gothitelle, L50, F|87/100|[from] Parting Shot
|move|p2a: 🪷布莉姆温🪷|Dazzling Gleam|p1a: Gothitelle|[spread] p1a,p1b
|-damage|p1a: Gothitelle|38/100
|-damage|p1b: Primarina|37/100
|-enditem|p1a: Gothitelle|Sitrus Berry|[eat]
|-heal|p1a: Gothitelle|63/100|[from] item: Sitrus Berry
|-damage|p2a: 🪷布莉姆温🪷|91/100|[from] item: Life Orb
|
|-start|p2b: 🪻爱管侍🪻|perish1
|-start|p2a: 🪷布莉姆温🪷|perish1
|upkeep
|turn|4
|
|t:|1757766604
|move|p1b: Primarina|Protect|p1b: Primarina
|-singleturn|p1b: Primarina|Protect
|move|p1a: Gothitelle|Protect|p1a: Gothitelle
|-singleturn|p1a: Gothitelle|Protect
|move|p2a: 🪷布莉姆温🪷|Dazzling Gleam|p1b: Primarina|[spread] 
|-activate|p1a: Gothitelle|move: Protect
|-activate|p1b: Primarina|move: Protect
|move|p2b: 🪻爱管侍🪻|Trick Room|p2b: 🪻爱管侍🪻
|-fieldstart|move: Trick Room|[of] p2b: 🪻爱管侍🪻
|
|-start|p2a: 🪷布莉姆温🪷|perish0
|-start|p2b: 🪻爱管侍🪻|perish0
|faint|p2a: 🪷布莉姆温🪷
|faint|p2b: 🪻爱管侍🪻
|upkeep
|
|t:|1757766606
|switch|p2a: 🌙月月熊🌙|Ursaluna, L50, F, shiny|100/100
|switch|p2b: 🌷艾路雷朵🌷|Gallade, L50, M, shiny|100/100
|turn|5
|
|t:|1757766622
|switch|p1a: Incineroar|Incineroar, L50, F|100/100
|-ability|p1a: Incineroar|Intimidate|boost
|-unboost|p2a: 🌙月月熊🌙|atk|1
|-fail|p2b: 🌷艾路雷朵🌷|unboost|[from] item: Clear Amulet|[of] p2b: 🌷艾路雷朵🌷
|move|p2a: 🌙月月熊🌙|Facade|p1a: Incineroar
|-damage|p1a: Incineroar|78/100
|move|p1b: Primarina|Perish Song|p1b: Primarina
|-start|p1a: Incineroar|perish3|[silent]
|-start|p1b: Primarina|perish3|[silent]
|-start|p2a: 🌙月月熊🌙|perish3|[silent]
|-start|p2b: 🌷艾路雷朵🌷|perish3|[silent]
|-fieldactivate|move: Perish Song
|move|p2b: 🌷艾路雷朵🌷|Psycho Cut|p1a: Incineroar
|-immune|p1a: Incineroar
|
|-start|p2a: 🌙月月熊🌙|perish3
|-start|p1a: Incineroar|perish3
|-start|p1b: Primarina|perish3
|-start|p2b: 🌷艾路雷朵🌷|perish3
|-fieldend|move: Psychic Terrain
|-status|p2a: 🌙月月熊🌙|brn|[from] item: Flame Orb
|upkeep
|turn|6
|-message|grounddegree125 forfeited.
|
|win|CrazyyBoi
|l|☆grounddegree125
|player|p2|
||grounddegree125 is ready for game 2.
|inactive|CrazyyBoi has 30 seconds to confirm battle start!
||CrazyyBoi is ready for game 2.
|uhtml|next|Next: Game 2 of 3
|l|☆CrazyyBoi
|player|p1|
