|j|☆shabubi
|j|☆Oriozz
|html|shabubiOriozz    
|uhtml|bestof|Game 1 of a best-of-3
|t:|1783310698
|gametype|doubles
|player|p1|shabubi|265|1082
|player|p2|Oriozz|1|1111
|gen|9
|tier|[Gen 9 Champions] VGC 2026 Reg M-B (Bo3)
|rated|
|rule|Species Clause: Limit one of each Pokémon
|rule|Item Clause: Limit 1 of each item
|clearpoke
|poke|p1|Froslass, L50, F|
|poke|p1|Scovillain, L50, F|
|poke|p1|Basculegion, L50, M|
|poke|p1|Kingambit, L50, M|
|poke|p1|Sneasler, L50, M|
|poke|p1|Lycanroc-Dusk, L50, F|
|poke|p2|Kingambit, L50, F|
|poke|p2|Floette-Eternal, L50, F|
|poke|p2|Sneasler, L50, M|
|poke|p2|Incineroar, L50, M|
|poke|p2|Garchomp, L50, M|
|poke|p2|Sinistcha, L50|
|teampreview|4
|showteam|p1|Froslass||Froslassite|CursedBody|Blizzard,ShadowBall,AuroraVeil,Protect|Modest||F|||50|]Scovillain||Scovillainite|Chlorophyll|GigaDrain,Overheat,RagePowder,Protect|Bold||F|||50|]Basculegion||SitrusBerry|Adaptability|WaveCrash,LastRespects,AquaJet,Protect|Adamant||M|||50|]Kingambit||BlackGlasses|Defiant|KowtowCleave,SuckerPunch,SwordsDance,Protect|Adamant||M|||50|]Sneasler||WhiteHerb|Unburden|CloseCombat,GunkShot,Protect,FakeOut|Adamant||M|||50|]Lycanroc-Dusk||FocusSash|ToughClaws|CloseCombat,Accelerock,RockSlide,Protect|Adamant||F|||50|
|showteam|p2|Kingambit||ChopleBerry|Defiant|KowtowCleave,Protect,SuckerPunch,IronHead|Adamant||F|||50|]Floette-Eternal||Floettite|FlowerVeil|DazzlingGleam,DrainingKiss,Protect,CalmMind|Bold||F|||50|]Sneasler||FocusSash|Unburden|FakeOut,DireClaw,CloseCombat,Coaching|Jolly||M|||50|]Incineroar||Leftovers|Intimidate|FakeOut,FlareBlitz,PartingShot,HelpingHand|Careful||M|||50|]Garchomp||Garchompite|RoughSkin|Earthquake,StompingTantrum,RockSlide,Protect|Adamant||M|||50|]Sinistcha||SitrusBerry|Hospitality|Protect,MatchaGotcha,TrickRoom,RagePowder|Bold|||||50|
|inactive|Battle timer is ON: inactive players will automatically lose when time's up. (requested by Oriozz)
|inactive|shabubi also wants the timer to be on.
|inactive|Oriozz has 60 seconds left.
|
|t:|1783310793
|teamsize|p1|4
|teamsize|p2|4
|start
|switch|p1a: Kingambit|Kingambit, L50, M|100/100
|switch|p1b: Scovillain|Scovillain, L50, F|100/100
|switch|p2a: Sneasler|Sneasler, L50, M|100/100
|switch|p2b: Incineroar|Incineroar, L50, M|100/100
|-ability|p2b: Incineroar|Intimidate|boost
|-unboost|p1a: Kingambit|atk|1
|-ability|p1a: Kingambit|Defiant|boost
|-boost|p1a: Kingambit|atk|2
|-unboost|p1b: Scovillain|atk|1
|turn|1
|inactive|shabubi has 30 seconds left.
|inactive|Oriozz has 30 seconds left.
|inactive|shabubi has 20 seconds left.
|inactive|shabubi has 15 seconds left.
|inactive|shabubi has 10 seconds left.
|inactive|shabubi has 5 seconds left.
|
|t:|1783310844
|move|p1b: Scovillain|Protect|p1b: Scovillain
|-singleturn|p1b: Scovillain|Protect
|move|p1a: Kingambit|Protect|p1a: Kingambit
|-singleturn|p1a: Kingambit|Protect
|move|p2a: Sneasler|Fake Out|p1a: Kingambit
|-activate|p1a: Kingambit|move: Protect
|move|p2b: Incineroar|Flare Blitz|p1b: Scovillain
|-activate|p1b: Scovillain|move: Protect
|
|upkeep
|turn|2
|
|t:|1783310862
|detailschange|p1b: Scovillain|Scovillain-Mega, L50, F
|-mega|p1b: Scovillain|Scovillain|Scovillainite
|move|p1b: Scovillain|Rage Powder|p1b: Scovillain
|-singleturn|p1b: Scovillain|move: Rage Powder
|move|p2a: Sneasler|Dire Claw|p1b: Scovillain
|-supereffective|p1b: Scovillain|1
|-damage|p1b: Scovillain|23/100
|-status|p2a: Sneasler|brn|[from] ability: Spicy Spray|[of] p1b: Scovillain
|move|p2b: Incineroar|Flare Blitz|p1b: Scovillain
|-damage|p1b: Scovillain|0 fnt
|-immune|p2b: Incineroar
|faint|p1b: Scovillain
|-damage|p2b: Incineroar|93/100|[from] Recoil
|move|p1a: Kingambit|Swords Dance|p1a: Kingambit
|-boost|p1a: Kingambit|atk|2
|
|-heal|p2b: Incineroar|99/100|[from] item: Leftovers
|-damage|p2a: Sneasler|94/100 brn|[from] brn
|upkeep
|
|t:|1783310881
|switch|p1b: Sneasler|Sneasler, L50, M|100/100
|turn|3
|inactive|Oriozz has 30 seconds left.
|inactive|Oriozz has 20 seconds left.
|
|t:|1783310920
|move|p1b: Sneasler|Fake Out|p2b: Incineroar
|-damage|p2b: Incineroar|87/100
|move|p2a: Sneasler|Close Combat|p1a: Kingambit
|-supereffective|p1a: Kingambit|2
|-damage|p1a: Kingambit|4/100
|-unboost|p2a: Sneasler|def|1
|-unboost|p2a: Sneasler|spd|1
|cant|p2b: Incineroar|flinch
|move|p1a: Kingambit|Swords Dance|p1a: Kingambit
|-boost|p1a: Kingambit|atk|2
|
|-heal|p2b: Incineroar|93/100|[from] item: Leftovers
|-damage|p2a: Sneasler|88/100 brn|[from] brn
|upkeep
|turn|4
|inactive|shabubi has 30 seconds left.
|inactive|Oriozz has 30 seconds left.
|
|t:|1783310948
|switch|p2a: Kingambit|Kingambit, L50, F|100/100
|move|p1a: Kingambit|Sucker Punch||[still]
|-fail|p1a: Kingambit
|move|p1b: Sneasler|Close Combat|p2b: Incineroar
|-supereffective|p2b: Incineroar|1
|-damage|p2b: Incineroar|0 fnt
|-unboost|p1b: Sneasler|def|1
|-unboost|p1b: Sneasler|spd|1
|faint|p2b: Incineroar
|-enditem|p1b: Sneasler|White Herb
|-clearnegativeboost|p1b: Sneasler|[silent]
|
|upkeep
|
|t:|1783310959
|switch|p2b: Sneasler|Sneasler, L50, M|88/100 brn
|turn|5
|
|t:|1783310979
|move|p1a: Kingambit|Protect|p1a: Kingambit
|-singleturn|p1a: Kingambit|Protect
|move|p2b: Sneasler|Fake Out|p1b: Sneasler
|-damage|p1b: Sneasler|91/100
|cant|p1b: Sneasler|flinch
|move|p2a: Kingambit|Kowtow Cleave|p1b: Sneasler
|-resisted|p1b: Sneasler|1
|-damage|p1b: Sneasler|66/100
|
|-damage|p2b: Sneasler|82/100 brn|[from] brn
|upkeep
|turn|6
|
|t:|1783310998
|switch|p2b: Floette|Floette-Eternal, L50, F|100/100
|move|p1a: Kingambit|Sucker Punch||[still]
|-fail|p1a: Kingambit
|move|p2a: Kingambit|Sucker Punch||[still]
|-fail|p2a: Kingambit
|move|p1b: Sneasler|Close Combat|p2a: Kingambit
|-supereffective|p2a: Kingambit|2
|-enditem|p2a: Kingambit|Chople Berry|[eat]
|-enditem|p2a: Kingambit|Chople Berry|[weaken]
|-damage|p2a: Kingambit|17/100
|-unboost|p1b: Sneasler|def|1
|-unboost|p1b: Sneasler|spd|1
|
|upkeep
|turn|7
|inactive|shabubi has 30 seconds left.
|inactive|Oriozz has 30 seconds left.
|
|t:|1783311030
|switch|p2a: Sneasler|Sneasler, L50, M|82/100 brn
|move|p2b: Floette|Protect|p2b: Floette
|-singleturn|p2b: Floette|Protect
|move|p1a: Kingambit|Protect|p1a: Kingambit
|-singleturn|p1a: Kingambit|Protect
|move|p1b: Sneasler|Gunk Shot|p2b: Floette
|-activate|p2b: Floette|move: Protect
|
|-damage|p2a: Sneasler|77/100 brn|[from] brn
|upkeep
|turn|8
|inactive|shabubi has 30 seconds left.
|
|t:|1783311064
|detailschange|p2b: Floette|Floette-Mega, L50, F
|-mega|p2b: Floette|Floette|Floettite
|-ability|p2b: Floette|Fairy Aura
|move|p1b: Sneasler|Protect|p1b: Sneasler
|-singleturn|p1b: Sneasler|Protect
|move|p2a: Sneasler|Fake Out|p1b: Sneasler
|-activate|p1b: Sneasler|move: Protect
|move|p1a: Kingambit|Sucker Punch||[still]
|-fail|p1a: Kingambit
|move|p2b: Floette|Calm Mind|p2b: Floette
|-boost|p2b: Floette|spa|1
|-boost|p2b: Floette|spd|1
|
|-damage|p2a: Sneasler|71/100 brn|[from] brn
|upkeep
|turn|9
|inactive|Oriozz has 30 seconds left.
|inactive|Oriozz has 20 seconds left.
|
|t:|1783311100
|move|p2b: Floette|Protect|p2b: Floette
|-singleturn|p2b: Floette|Protect
|move|p1a: Kingambit|Protect|p1a: Kingambit
|-singleturn|p1a: Kingambit|Protect
|move|p1b: Sneasler|Gunk Shot|p2b: Floette
|-activate|p2b: Floette|move: Protect
|move|p2a: Sneasler|Coaching|p2b: Floette
|-boost|p2b: Floette|atk|1
|-boost|p2b: Floette|def|1
|
|-damage|p2a: Sneasler|65/100 brn|[from] brn
|upkeep
|turn|10
|inactive|shabubi has 30 seconds left.
|
|t:|1783311128
|move|p1b: Sneasler|Gunk Shot|p2b: Floette
|-supereffective|p2b: Floette|1
|-damage|p2b: Floette|20/100y
|move|p2a: Sneasler|Coaching|p2b: Floette
|-boost|p2b: Floette|atk|1
|-boost|p2b: Floette|def|1
|move|p2b: Floette|Dazzling Gleam|p1b: Sneasler|[spread] p1a,p1b
|-damage|p1a: Kingambit|0 fnt
|-damage|p1b: Sneasler|0 fnt
|faint|p1a: Kingambit
|faint|p1b: Sneasler
|
|-damage|p2a: Sneasler|59/100 brn|[from] brn
|upkeep
|
|t:|1783311146
|switch|p1b: Basculegion|Basculegion, L50, M|100/100
|turn|11
|inactive|Oriozz has 30 seconds left.
|
|t:|1783311176
|move|p2a: Sneasler|Dire Claw|p1b: Basculegion
|-resisted|p1b: Basculegion|1
|-crit|p1b: Basculegion
|-damage|p1b: Basculegion|85/100
|move|p2b: Floette|Draining Kiss|p1b: Basculegion
|-damage|p1b: Basculegion|26/100
|-heal|p2b: Floette|82/100|[from] drain|[of] p1b: Basculegion
|-enditem|p1b: Basculegion|Sitrus Berry|[eat]
|-heal|p1b: Basculegion|51/100|[from] item: Sitrus Berry
|move|p1b: Basculegion|Last Respects|p2a: Sneasler
|-damage|p2a: Sneasler|0 fnt
|faint|p2a: Sneasler
|
|upkeep
|
|t:|1783311188
|switch|p2a: Kingambit|Kingambit, L50, F|17/100
|turn|12
|
|t:|1783311201
|move|p2a: Kingambit|Sucker Punch|p1b: Basculegion
|-supereffective|p1b: Basculegion|1
|-damage|p1b: Basculegion|0 fnt
|faint|p1b: Basculegion
|
|win|Oriozz
||shabubi is ready for game 2.
||Oriozz is ready for game 2.
|uhtml|next|Next: Game 2 of 3
