|j|☆testingsss
|j|☆cookingorcooked2
|html|testingssscookingorcooked2    
|uhtml|bestof|Game 1 of a best-of-3
|t:|1782309849
|gametype|doubles
|player|p1|testingsss|unknown|1230
|player|p2|cookingorcooked2|102|1332
|gen|9
|tier|[Gen 9 Champions] VGC 2026 Reg M-B (Bo3)
|rated|
|rule|Species Clause: Limit one of each Pokémon
|rule|Item Clause: Limit 1 of each item
|clearpoke
|poke|p1|Delphox, L50, M|
|poke|p1|Floette-Eternal, L50, F|
|poke|p1|Kingambit, L50, M|
|poke|p1|Sneasler, L50, F|
|poke|p1|Incineroar, L50, F|
|poke|p1|Sinistcha, L50|
|poke|p2|Gholdengo, L50|
|poke|p2|Rotom-Wash, L50|
|poke|p2|Ninetales-Alola, L50, M|
|poke|p2|Dragonite, L50, M|
|poke|p2|Garchomp, L50, F|
|poke|p2|Incineroar, L50, F|
|teampreview|4
|showteam|p1|Delphox||Delphoxite|Blaze|HeatWave,Psyshock,NastyPlot,Protect|Timid||M|||50|]Floette-Eternal||Floettite|FlowerVeil|Moonblast,DazzlingGleam,CalmMind,Protect|Modest||F|||50|]Kingambit||BlackGlasses|Defiant|SuckerPunch,KowtowCleave,SwordsDance,Protect|Adamant||M|||50|]Sneasler||FocusSash|PoisonTouch|FakeOut,CloseCombat,DireClaw,QuickGuard|Jolly||F|||50|]Incineroar||SitrusBerry|Intimidate|PartingShot,FlareBlitz,ThroatChop,FakeOut|Impish||F|||50|]Sinistcha||KasibBerry|Hospitality|RagePowder,MatchaGotcha,TrickRoom,Protect|Bold|||||50|
|showteam|p2|Gholdengo||LifeOrb|GoodasGold|MakeItRain,ShadowBall,NastyPlot,Protect|Timid|||||50|]Rotom-Wash||ChoiceScarf|Levitate|HydroPump,Thunderbolt,VoltSwitch,Electroweb|Timid|||||50|]Ninetales-Alola||FocusSash|SnowWarning|FreezeDry,Blizzard,Encore,Protect|Timid||M|||50|]Dragonite||Dragoninite|InnerFocus|DragonPulse,HeatWave,Tailwind,Protect|Modest||M|||50|]Garchomp||RoseliBerry|RoughSkin|Earthquake,DragonClaw,RockSlide,Protect|Jolly||F|||50|]Incineroar||SitrusBerry|Intimidate|ThroatChop,FlareBlitz,PartingShot,FakeOut|Careful||F|||50|
|inactive|Battle timer is ON: inactive players will automatically lose when time's up. (requested by testingsss)
|inactive|testingsss has 60 seconds left.
|inactive|cookingorcooked2 has 60 seconds left.
|
|t:|1782309906
|teamsize|p1|4
|teamsize|p2|4
|start
|switch|p1a: Floette|Floette-Eternal, L50, F|100/100
|switch|p1b: Kingambit|Kingambit, L50, M|100/100
|switch|p2a: Gholdengo|Gholdengo, L50|100/100
|switch|p2b: Dragonite|Dragonite, L50, M|100/100
|turn|1
|inactive|testingsss has 30 seconds left.
|
|t:|1782309939
|detailschange|p1a: Floette|Floette-Mega, L50, F
|-mega|p1a: Floette|Floette|Floettite
|-ability|p1a: Floette|Fairy Aura
|detailschange|p2b: Dragonite|Dragonite-Mega, L50, M
|-mega|p2b: Dragonite|Dragonite|Dragoninite
|move|p1b: Kingambit|Sucker Punch|p2a: Gholdengo
|-supereffective|p2a: Gholdengo|1
|-damage|p2a: Gholdengo|0 fnt
|faint|p2a: Gholdengo
|move|p1a: Floette|Calm Mind|p1a: Floette
|-boost|p1a: Floette|spa|1
|-boost|p1a: Floette|spd|1
|move|p2b: Dragonite|Heat Wave|p1a: Floette|[spread] p1a,p1b
|-supereffective|p1b: Kingambit|1
|-damage|p1a: Floette|84/100
|-damage|p1b: Kingambit|45/100
|
|upkeep
|
|t:|1782309952
|switch|p2a: Garchomp|Garchomp, L50, F|100/100
|turn|2
|
|t:|1782309963
|move|p1b: Kingambit|Sucker Punch||[still]
|-fail|p1b: Kingambit
|move|p2a: Garchomp|Earthquake|p1b: Kingambit|[spread] p1a,p1b
|-immune|p2b: Dragonite
|-supereffective|p1b: Kingambit|1
|-damage|p1a: Floette|46/100
|-damage|p1b: Kingambit|0 fnt
|faint|p1b: Kingambit
|move|p1a: Floette|Dazzling Gleam|p2a: Garchomp|[spread] p2a,p2b
|-supereffective|p2a: Garchomp|1
|-enditem|p2a: Garchomp|Roseli Berry|[eat]
|-enditem|p2a: Garchomp|Roseli Berry|[weaken]
|-supereffective|p2b: Dragonite|1
|-damage|p2a: Garchomp|24/100
|-damage|p2b: Dragonite|45/100
|move|p2b: Dragonite|Tailwind|p2b: Dragonite
|-sidestart|p2: cookingorcooked2|move: Tailwind
|
|upkeep
|
|t:|1782309970
|switch|p1b: Sinistcha|Sinistcha, L50|100/100
|-heal|p1a: Floette|71/100|[from] ability: Hospitality|[of] p1b: Sinistcha
|turn|3
|
|t:|1782309978
|move|p1a: Floette|Protect|p1a: Floette
|-singleturn|p1a: Floette|Protect
|move|p2a: Garchomp|Rock Slide|p1a: Floette|[spread] 
|-activate|p1a: Floette|move: Protect
|-miss|p2a: Garchomp|p1b: Sinistcha
|move|p2b: Dragonite|Heat Wave|p1a: Floette|[spread] p1b
|-activate|p1a: Floette|move: Protect
|-supereffective|p1b: Sinistcha|1
|-crit|p1b: Sinistcha
|-damage|p1b: Sinistcha|14/100
|-status|p1b: Sinistcha|brn
|move|p1b: Sinistcha|Trick Room|p1b: Sinistcha
|-fieldstart|move: Trick Room|[of] p1b: Sinistcha
|
|-damage|p1b: Sinistcha|7/100 brn|[from] brn
|upkeep
|turn|4
|
|t:|1782309991
|switch|p2a: Incineroar|Incineroar, L50, F|100/100
|-ability|p2a: Incineroar|Intimidate|boost
|-unboost|p1a: Floette|atk|1
|-unboost|p1b: Sinistcha|atk|1
|move|p2b: Dragonite|Protect|p2b: Dragonite
|-singleturn|p2b: Dragonite|Protect
|move|p1b: Sinistcha|Matcha Gotcha|p2a: Incineroar|[spread] p2a
|-activate|p2b: Dragonite|move: Protect
|-resisted|p2a: Incineroar|1
|-damage|p2a: Incineroar|91/100
|-heal|p1b: Sinistcha|12/100 brn|[from] drain|[of] p2a: Incineroar
|move|p1a: Floette|Dazzling Gleam|p2a: Incineroar|[spread] p2a
|-activate|p2b: Dragonite|move: Protect
|-damage|p2a: Incineroar|42/100
|-enditem|p2a: Incineroar|Sitrus Berry|[eat]
|-heal|p2a: Incineroar|66/100|[from] item: Sitrus Berry
|
|-damage|p1b: Sinistcha|6/100 brn|[from] brn
|upkeep
|turn|5
|inactive|testingsss has 30 seconds left.
|inactive|testingsss has 20 seconds left.
|inactive|testingsss has 15 seconds left.
|
|t:|1782310033
|move|p1b: Sinistcha|Protect|p1b: Sinistcha
|-singleturn|p1b: Sinistcha|Protect
|move|p2a: Incineroar|Fake Out|p1a: Floette
|-damage|p1a: Floette|59/100
|cant|p1a: Floette|flinch
|move|p2b: Dragonite|Heat Wave|p1b: Sinistcha|[spread] p1a
|-activate|p1b: Sinistcha|move: Protect
|-damage|p1a: Floette|43/100
|
|-damage|p1b: Sinistcha|1/100 brn|[from] brn
|-sideend|p2: cookingorcooked2|move: Tailwind
|upkeep
|turn|6
|
|t:|1782310054
|move|p2b: Dragonite|Protect|p2b: Dragonite
|-singleturn|p2b: Dragonite|Protect
|move|p1b: Sinistcha|Rage Powder|p1b: Sinistcha
|-singleturn|p1b: Sinistcha|move: Rage Powder
|move|p2a: Incineroar|Flare Blitz|p1b: Sinistcha
|-supereffective|p1b: Sinistcha|1
|-damage|p1b: Sinistcha|0 fnt
|faint|p1b: Sinistcha
|-damage|p2a: Incineroar|66/100|[from] Recoil
|move|p1a: Floette|Dazzling Gleam|p2b: Dragonite|[spread] p2a
|-activate|p2b: Dragonite|move: Protect
|-damage|p2a: Incineroar|20/100y
|
|upkeep
|
|t:|1782310057
|switch|p1b: Sneasler|Sneasler, L50, F|100/100
|turn|7
|
|t:|1782310075
|move|p1a: Floette|Protect|p1a: Floette
|-singleturn|p1a: Floette|Protect
|move|p1b: Sneasler|Fake Out|p2a: Incineroar
|-damage|p2a: Incineroar|6/100
|-status|p2a: Incineroar|psn|[from] ability: Poison Touch|[of] p1b: Sneasler
|cant|p2a: Incineroar|flinch
|move|p2b: Dragonite|Heat Wave|p1a: Floette|[spread] p1b
|-activate|p1a: Floette|move: Protect
|-damage|p1b: Sneasler|57/100
|
|-damage|p2a: Incineroar|0 fnt|[from] psn
|faint|p2a: Incineroar
|-fieldend|move: Trick Room
|upkeep
|
|t:|1782310084
|switch|p2a: Garchomp|Garchomp, L50, F|24/100
|turn|8
|
|t:|1782310087
|move|p1b: Sneasler|Close Combat|p2a: Garchomp
|-damage|p2a: Garchomp|0 fnt
|-unboost|p1b: Sneasler|def|1
|-unboost|p1b: Sneasler|spd|1
|-damage|p1b: Sneasler|45/100|[from] ability: Rough Skin|[of] p2a: Garchomp
|faint|p2a: Garchomp
|move|p1a: Floette|Moonblast|p2b: Dragonite
|-supereffective|p2b: Dragonite|1
|-damage|p2b: Dragonite|0 fnt
|faint|p2b: Dragonite
|
|win|testingsss
||cookingorcooked2 is ready for game 2.
