|j|☆spellbreakvgc
|j|☆aceccam56
|html|spellbreakvgcaceccam56    
|uhtml|bestof|Game 1 of a best-of-3
|t:|1757721401
|gametype|doubles
|player|p1|spellbreakvgc|lance|1159
|player|p2|aceccam56|2|1036
|gen|9
|tier|[Gen 9] VGC 2025 Reg H (Bo3)
|rated|
|rule|Species Clause: Limit one of each Pokémon
|rule|Item Clause: Limit 1 of each item
|clearpoke
|poke|p1|Dondozo, L50, M|
|poke|p1|Sneasler, L50, F|
|poke|p1|Ursaluna-Bloodmoon, L50, M|
|poke|p1|Indeedee, L50, M|
|poke|p1|Tatsugiri, L50, M|
|poke|p1|Whimsicott, L50, M|
|poke|p2|Charizard, L50, F|
|poke|p2|Torkoal, L50, F|
|poke|p2|Jumpluff, L50, M|
|poke|p2|Porygon2, L50|
|poke|p2|Ursaluna, L50, M|
|poke|p2|Farigiraf, L50, F|
|teampreview|4
|showteam|p1|Dondozo||Leftovers|Unaware|WaveCrash,OrderUp,Earthquake,Protect|||M|||50|,,,,,Grass]Sneasler||PsychicSeed|Unburden|DireClaw,CloseCombat,ThroatChop,Protect|||F|||50|,,,,,Dark]Ursaluna-Bloodmoon||LifeOrb|MindsEye|BloodMoon,HyperVoice,EarthPower,Protect|||M|||50|,,,,,Normal]Indeedee||FocusSash|PsychicSurge|ExpandingForce,TeraBlast,HelpingHand,Protect|||M|||50|,,,,,Psychic]Tatsugiri||SafetyGoggles|Commander|DracoMeteor,MuddyWater,HelpingHand,Protect|||M|||50|,,,,,Normal]Whimsicott||CovertCloak|Prankster|Moonblast,Tailwind,LightScreen,HelpingHand|||M|||50|,,,,,Poison
|showteam|p2|Charizard||ChoiceSpecs|SolarPower|HeatWave,Overheat,AirSlash,WeatherBall|||F|||50|,,,,,Fire]Torkoal||SafetyGoggles|Drought|Eruption,EarthPower,Protect,WeatherBall|||F|||50|,,,,,Fire]Jumpluff||CovertCloak|Chlorophyll|Tailwind,SleepPowder,RagePowder,SunnyDay|||M|||50|,,,,,Water]Porygon2||Eviolite|Download|IceBeam,TeraBlast,TrickRoom,Protect||||||50|,,,,,Fighting]Ursaluna||FlameOrb|Guts|Facade,HeadlongRush,Earthquake,Protect|||M|||50|,,,,,Ghost]Farigiraf||ThroatSpray|ArmorTail|HyperVoice,TrickRoom,HelpingHand,Protect|||F|||50|,,,,,Dark
|inactive|Battle timer is ON: inactive players will automatically lose when time's up. (requested by spellbreakvgc)
|
|t:|1757721446
|teamsize|p1|4
|teamsize|p2|4
|start
|switch|p1a: Tatsugiri|Tatsugiri, L50, M|100/100
|switch|p1b: Indeedee|Indeedee, L50, M|100/100
|switch|p2a: Torkoal|Torkoal, L50, F|100/100
|switch|p2b: Farigiraf|Farigiraf, L50, F|100/100
|-fieldstart|move: Psychic Terrain|[from] ability: Psychic Surge|[of] p1b: Indeedee
|-weather|SunnyDay|[from] ability: Drought|[of] p2a: Torkoal
|turn|1
|inactive|aceccam56 has 30 seconds left.
|
|t:|1757721473
|move|p1b: Indeedee|Expanding Force|p2b: Farigiraf|[spread] p2a,p2b
|-resisted|p2b: Farigiraf
|-damage|p2a: Torkoal|36/100
|-damage|p2b: Farigiraf|77/100
|move|p1a: Tatsugiri|Draco Meteor|p2b: Farigiraf|[miss]
|-miss|p1a: Tatsugiri|p2b: Farigiraf
|move|p2b: Farigiraf|Hyper Voice|p1b: Indeedee|[spread] p1a,p1b
|-damage|p1a: Tatsugiri|65/100
|-damage|p1b: Indeedee|60/100
|-enditem|p2b: Farigiraf|Throat Spray
|-boost|p2b: Farigiraf|spa|1|[from] item: Throat Spray
|move|p2a: Torkoal|Eruption|p1a: Tatsugiri|[spread] p1a,p1b
|-resisted|p1a: Tatsugiri
|-damage|p1a: Tatsugiri|58/100
|-damage|p1b: Indeedee|26/100
|
|-weather|SunnyDay|[upkeep]
|upkeep
|turn|2
|inactive|aceccam56 has 30 seconds left.
|
|t:|1757721499
|switch|p2a: Ursaluna|Ursaluna, L50, M|100/100
|-terastallize|p2b: Farigiraf|Dark
|move|p1b: Indeedee|Expanding Force|p2a: Ursaluna|[spread] p2a
|-immune|p2b: Farigiraf
|-damage|p2a: Ursaluna|52/100
|move|p1a: Tatsugiri|Draco Meteor|p2b: Farigiraf
|-damage|p2b: Farigiraf|19/100
|-unboost|p1a: Tatsugiri|spa|2
|move|p2b: Farigiraf|Trick Room|p2b: Farigiraf
|-fieldstart|move: Trick Room|[of] p2b: Farigiraf
|
|-weather|SunnyDay|[upkeep]
|-status|p2a: Ursaluna|brn|[from] item: Flame Orb
|upkeep
|turn|3
|
|t:|1757721516
|switch|p2b: Jumpluff|Jumpluff, L50, M|100/100
|move|p1a: Tatsugiri|Protect|p1a: Tatsugiri
|-singleturn|p1a: Tatsugiri|Protect
|move|p1b: Indeedee|Protect|p1b: Indeedee
|-singleturn|p1b: Indeedee|Protect
|move|p2a: Ursaluna|Earthquake|p1b: Indeedee|[spread] 
|-activate|p1a: Tatsugiri|move: Protect
|-activate|p1b: Indeedee|move: Protect
|-immune|p2b: Jumpluff
|
|-weather|SunnyDay|[upkeep]
|-damage|p2a: Ursaluna|45/100 brn|[from] brn
|upkeep
|turn|4
|
|t:|1757721533
|move|p1a: Tatsugiri|Protect||[still]
|-fail|p1a: Tatsugiri
|move|p1b: Indeedee|Protect|p1b: Indeedee
|-singleturn|p1b: Indeedee|Protect
|move|p2a: Ursaluna|Earthquake|p1b: Indeedee|[spread] p1a
|-activate|p1b: Indeedee|move: Protect
|-immune|p2b: Jumpluff
|-damage|p1a: Tatsugiri|0 fnt
|faint|p1a: Tatsugiri
|move|p2b: Jumpluff|Sleep Powder|p1b: Indeedee
|-activate|p1b: Indeedee|move: Protect
|
|-weather|SunnyDay|[upkeep]
|-damage|p2a: Ursaluna|39/100 brn|[from] brn
|upkeep
|
|t:|1757721538
|switch|p1a: Sneasler|Sneasler, L50, F|100/100
|-enditem|p1a: Sneasler|Psychic Seed
|-boost|p1a: Sneasler|spd|1|[from] item: Psychic Seed
|turn|5
|
|t:|1757721556
|move|p1a: Sneasler|Protect|p1a: Sneasler
|-singleturn|p1a: Sneasler|Protect
|move|p2a: Ursaluna|Earthquake|p1a: Sneasler|[spread] p1b
|-activate|p1a: Sneasler|move: Protect
|-immune|p2b: Jumpluff
|-damage|p1b: Indeedee|0 fnt
|faint|p1b: Indeedee
|move|p2b: Jumpluff|Sleep Powder|p1a: Sneasler
|-activate|p1a: Sneasler|move: Protect
|
|-weather|none
|-damage|p2a: Ursaluna|33/100 brn|[from] brn
|-fieldend|move: Psychic Terrain
|upkeep
|
|t:|1757721559
|switch|p1b: Ursaluna|Ursaluna-Bloodmoon, L50, M|100/100
|turn|6
|
|t:|1757721582
|move|p1b: Ursaluna|Protect|p1b: Ursaluna
|-singleturn|p1b: Ursaluna|Protect
|move|p1a: Sneasler|Protect||[still]
|-fail|p1a: Sneasler
|move|p2b: Jumpluff|Rage Powder|p2b: Jumpluff
|-singleturn|p2b: Jumpluff|move: Rage Powder
|move|p2a: Ursaluna|Earthquake|p1a: Sneasler|[spread] p1a
|-activate|p1b: Ursaluna|move: Protect
|-immune|p2b: Jumpluff
|-supereffective|p1a: Sneasler
|-damage|p1a: Sneasler|0 fnt
|faint|p1a: Sneasler
|
|-damage|p2a: Ursaluna|27/100 brn|[from] brn
|-fieldend|move: Trick Room
|upkeep
|turn|7
|-message|spellbreakvgc forfeited.
|
|win|aceccam56
