|j|☆kerzz49
|j|☆sergimacaco
|html|kerzz49sergimacaco    
|uhtml|bestof|Game 1 of a best-of-3
|t:|1782315761
|gametype|doubles
|player|p1|kerzz49|cilan|1189
|player|p2|sergimacaco|265|1183
|gen|9
|tier|[Gen 9 Champions] VGC 2026 Reg M-B (Bo3)
|rated|
|rule|Species Clause: Limit one of each Pokémon
|rule|Item Clause: Limit 1 of each item
|clearpoke
|poke|p1|Blaziken, L50, F|
|poke|p1|Kingambit, L50, M|
|poke|p1|Aerodactyl, L50, M|
|poke|p1|Weavile, L50, M|
|poke|p1|Basculegion, L50, M|
|poke|p1|Sylveon, L50, M|
|poke|p2|Staraptor, L50, F|
|poke|p2|Whimsicott, L50, M|
|poke|p2|Gholdengo, L50|
|poke|p2|Garchomp, L50, M|
|poke|p2|Sylveon, L50, F|
|poke|p2|Aerodactyl, L50, M|
|teampreview|4
|showteam|p1|Blaziken||Blazikenite|SpeedBoost|FlareBlitz,CloseCombat,SwordsDance,Protect|Adamant||F|||50|]Kingambit||LifeOrb|Defiant|KowtowCleave,IronHead,SuckerPunch,Protect|Adamant||M|||50|]Aerodactyl||Aerodactylite|Unnerve|RockSlide,DualWingbeat,IceFang,Tailwind|Jolly||M|||50|]Weavile||WideLens|Pressure|FakeOut,TripleAxel,KnockOff,UpperHand|Jolly||M|||50|]Basculegion||FocusSash|Adaptability|Liquidation,LastRespects,AquaJet,Protect|Adamant||M|||50|]Sylveon||FairyFeather|Pixilate|HyperVoice,HyperBeam,QuickAttack,Protect|Modest||M|||50|
|showteam|p2|Staraptor||Staraptite|Intimidate|BraveBird,CloseCombat,Protect,Roost|Jolly||F|||50|]Whimsicott||FocusSash|Prankster|SunnyDay,Encore,Charm,Tailwind|Timid||M|||50|]Gholdengo||ChoiceScarf|GoodasGold|ShadowBall,PowerGem,Thunderbolt,FlashCannon|Modest|||||50|]Garchomp||LifeOrb|RoughSkin|Earthquake,RockSlide,DragonClaw,Protect|Jolly||M|||50|]Sylveon||FairyFeather|Pixilate|QuickAttack,HyperBeam,HyperVoice,Protect|Modest||F|||50|]Aerodactyl||Aerodactylite|Unnerve|RockSlide,DualWingbeat,IceFang,Protect|Jolly||M|||50|
|inactive|Battle timer is ON: inactive players will automatically lose when time's up. (requested by kerzz49)
|
|t:|1782315825
|teamsize|p1|4
|teamsize|p2|4
|start
|switch|p1a: Aerodactyl|Aerodactyl, L50, M|100/100
|switch|p1b: Weavile|Weavile, L50, M|100/100
|switch|p2a: Staraptor|Staraptor, L50, F|100/100
|switch|p2b: Whimsicott|Whimsicott, L50, M|100/100
|-ability|p1a: Aerodactyl|Unnerve
|-ability|p1b: Weavile|Pressure
|-ability|p2a: Staraptor|Intimidate|boost
|-unboost|p1a: Aerodactyl|atk|1
|-unboost|p1b: Weavile|atk|1
|turn|1
|inactive|kerzz49 has 30 seconds left.
|inactive|sergimacaco has 30 seconds left.
|inactive|kerzz49 has 20 seconds left.
|inactive|kerzz49 has 15 seconds left.
|inactive|kerzz49 has 10 seconds left.
|
|t:|1782315872
|detailschange|p1a: Aerodactyl|Aerodactyl-Mega, L50, M
|-mega|p1a: Aerodactyl|Aerodactyl|Aerodactylite
|detailschange|p2a: Staraptor|Staraptor-Mega, L50, F
|-mega|p2a: Staraptor|Staraptor|Staraptite
|move|p1b: Weavile|Fake Out|p2a: Staraptor
|-damage|p2a: Staraptor|90/100
|move|p2b: Whimsicott|Tailwind|p2b: Whimsicott
|-sidestart|p2: sergimacaco|move: Tailwind
|cant|p2a: Staraptor|flinch
|move|p1a: Aerodactyl|Dual Wingbeat|p2a: Staraptor
|-supereffective|p2a: Staraptor|1
|-damage|p2a: Staraptor|49/100
|-supereffective|p2a: Staraptor|1
|-damage|p2a: Staraptor|11/100
|-hitcount|p2a: Staraptor|2
|
|upkeep
|turn|2
|inactive|kerzz49 has 30 seconds left.
|
|t:|1782315907
|move|p2b: Whimsicott|Charm|p2a: Staraptor
|-boost|p2a: Staraptor|atk|2
|move|p2a: Staraptor|Close Combat|p1a: Aerodactyl
|-damage|p1a: Aerodactyl|0 fnt
|-boost|p2a: Staraptor|def|1
|-boost|p2a: Staraptor|spd|1
|faint|p1a: Aerodactyl
|move|p1b: Weavile|Triple Axel|p2b: Whimsicott
|-supereffective|p2b: Whimsicott|1
|-damage|p2b: Whimsicott|78/100
|-supereffective|p2b: Whimsicott|1
|-damage|p2b: Whimsicott|41/100
|-supereffective|p2b: Whimsicott|1
|-damage|p2b: Whimsicott|0 fnt
|faint|p2b: Whimsicott
|-hitcount|p2: Whimsicott|3
|
|upkeep
|
|t:|1782315922
|switch|p1a: Kingambit|Kingambit, L50, M|100/100
|switch|p2b: Gholdengo|Gholdengo, L50|100/100
|turn|3
|
|t:|1782315940
|move|p1a: Kingambit|Sucker Punch||[still]
|-fail|p1a: Kingambit
|move|p2b: Gholdengo|Flash Cannon|p1b: Weavile
|-supereffective|p1b: Weavile|1
|-damage|p1b: Weavile|0 fnt
|faint|p1b: Weavile
|move|p2a: Staraptor|Roost|p2a: Staraptor
|-heal|p2a: Staraptor|61/100
|-singleturn|p2a: Staraptor|move: Roost
|
|upkeep
|
|t:|1782315945
|switch|p1b: Sylveon|Sylveon, L50, M|100/100
|turn|4
|
|t:|1782315959
|move|p2b: Gholdengo|Flash Cannon|p1b: Sylveon
|-supereffective|p1b: Sylveon|1
|-crit|p1b: Sylveon
|-damage|p1b: Sylveon|0 fnt
|faint|p1b: Sylveon
|move|p2a: Staraptor|Roost|p2a: Staraptor
|-heal|p2a: Staraptor|100/100
|-singleturn|p2a: Staraptor|move: Roost
|move|p1a: Kingambit|Kowtow Cleave|p2a: Staraptor
|-resisted|p2a: Staraptor|1
|-damage|p2a: Staraptor|77/100
|-damage|p1a: Kingambit|90/100|[from] item: Life Orb
|
|-sideend|p2: sergimacaco|move: Tailwind
|upkeep
|turn|5
|-message|kerzz49 forfeited.
|
|win|sergimacaco
||kerzz49 is ready for game 2.
||sergimacaco is ready for game 2.
|uhtml|next|Next: Game 2 of 3
