|j|☆ScillyWi11y
|j|☆andrewsp965
|html|ScillyWi11yandrewsp965    
|uhtml|bestof|Game 1 of a best-of-3
|t:|1756164006
|gametype|doubles
|player|p1|ScillyWi11y|101|1063
|player|p2|andrewsp965|266|1042
|gen|9
|tier|[Gen 9] VGC 2025 Reg H (Bo3)
|rated|
|rule|Species Clause: Limit one of each Pokémon
|rule|Item Clause: Limit 1 of each item
|clearpoke
|poke|p1|Garchomp, L50, F|
|poke|p1|Whimsicott, L50, M|
|poke|p1|Incineroar, L50, F|
|poke|p1|Gengar, L50, M|
|poke|p1|Primarina, L50, F|
|poke|p1|Kingambit, L50, F|
|poke|p2|Garchomp, L50, M|
|poke|p2|Typhlosion-Hisui, L50, F|
|poke|p2|Jumpluff, L50, M|
|poke|p2|Torkoal, L50, M|
|poke|p2|Dragonite, L50, M|
|poke|p2|Kingambit, L50, F|
|teampreview|4
|showteam|p1|Garchomp||LifeOrb|RoughSkin|Earthquake,Protect,DragonClaw,StompingTantrum|||F|||50|,,,,,Fairy]Whimsicott||CovertCloak|Prankster|Tailwind,FakeTears,Taunt,Moonblast|||M|||50|,,,,,Fairy]Incineroar||SafetyGoggles|Intimidate|FakeOut,Protect,PartingShot,KnockOff|||F|||50|,,,,,Bug]Gengar||FocusSash|CursedBody|SludgeBomb,ShadowBall,Protect,TrickRoom|||M|||50|,,,,,Grass]Primarina||ThroatSpray|LiquidVoice|Moonblast,HyperVoice,CalmMind,Protect|||F|||50|,,,,,Water]Kingambit||BlackGlasses|Defiant|SuckerPunch,KowtowCleave,Protect,IronHead|||F|||50|,,,,,Flying
|showteam|p2|Garchomp||LifeOrb|RoughSkin|DragonClaw,StompingTantrum,Earthquake,Protect|||M|||50|,,,,,Fairy]Typhlosion-Hisui||ChoiceSpecs|Blaze|Eruption,HeatWave,ShadowBall,Overheat|||F|||50|,,,,,Fire]Jumpluff||CovertCloak|Chlorophyll|Tailwind,SleepPowder,Encore,LeafStorm|||M|||50|,,,,,Dark]Torkoal||EjectPack|Drought|Overheat,HelpingHand,BurningJealousy,Protect|||M|||50|,,,,,Flying]Dragonite||LoadedDice|Multiscale|ScaleShot,ExtremeSpeed,IceSpinner,Protect|||M|||50|,,,,,Fairy]Kingambit||AssaultVest|Defiant|IronHead,SuckerPunch,Assurance,LowKick|||F|||50|,,,,,Flying
|
|t:|1756164039
|teamsize|p1|4
|teamsize|p2|4
|start
|switch|p1a: Whimsicott|Whimsicott, L50, M|100/100
|switch|p1b: Gengar|Gengar, L50, M|100/100
|switch|p2a: Torkoal|Torkoal, L50, M|100/100
|switch|p2b: Dragonite|Dragonite, L50, M|100/100
|-weather|SunnyDay|[from] ability: Drought|[of] p2a: Torkoal
|turn|1
|inactive|Battle timer is ON: inactive players will automatically lose when time's up. (requested by ScillyWi11y)
|
|t:|1756164066
|move|p1b: Gengar|Sludge Bomb|p2a: Torkoal
|-damage|p2a: Torkoal|32/100
|move|p1a: Whimsicott|Moonblast|p2b: Dragonite
|-supereffective|p2b: Dragonite
|-damage|p2b: Dragonite|66/100
|move|p2b: Dragonite|Scale Shot|p1b: Gengar
|-damage|p1b: Gengar|69/100
|-damage|p1b: Gengar|38/100
|-damage|p1b: Gengar|6/100
|-damage|p1b: Gengar|0 fnt
|faint|p1b: Gengar
|-hitcount|p1: Gengar|4
|-unboost|p2b: Dragonite|def|1
|-boost|p2b: Dragonite|spe|1
|move|p2a: Torkoal|Overheat|p1a: Whimsicott
|-supereffective|p1a: Whimsicott
|-damage|p1a: Whimsicott|0 fnt
|-unboost|p2a: Torkoal|spa|2
|faint|p1a: Whimsicott
|-enditem|p2a: Torkoal|Eject Pack
|
|t:|1756164088
|switch|p2a: Jumpluff|Jumpluff, L50, M|100/100
|
|-weather|SunnyDay|[upkeep]
|upkeep
|
|t:|1756164091
|switch|p1b: Garchomp|Garchomp, L50, F|100/100
|switch|p1a: Kingambit|Kingambit, L50, F|100/100
|turn|2
|inactive|ScillyWi11y has 30 seconds left.
|
|t:|1756164118
|move|p2b: Dragonite|Protect|p2b: Dragonite
|-singleturn|p2b: Dragonite|Protect
|move|p2a: Jumpluff|Sleep Powder|p1a: Kingambit
|-status|p1a: Kingambit|slp|[from] move: Sleep Powder
|move|p1b: Garchomp|Dragon Claw|p2a: Jumpluff
|-damage|p2a: Jumpluff|28/100
|-damage|p1b: Garchomp|91/100|[from] item: Life Orb
|cant|p1a: Kingambit|slp
|
|-weather|SunnyDay|[upkeep]
|upkeep
|turn|3
|inactive|ScillyWi11y has 30 seconds left.
|inactive|andrewsp965 has 30 seconds left.
|
|t:|1756164144
|move|p2a: Jumpluff|Sleep Powder|p1b: Garchomp
|-status|p1b: Garchomp|slp|[from] move: Sleep Powder
|move|p2b: Dragonite|Scale Shot|p1b: Garchomp
|-supereffective|p1b: Garchomp
|-damage|p1b: Garchomp|58/100 slp
|-supereffective|p1b: Garchomp
|-damage|p1b: Garchomp|25/100 slp
|-supereffective|p1b: Garchomp
|-damage|p1b: Garchomp|0 fnt
|faint|p1b: Garchomp
|-hitcount|p1: Garchomp|3
|-unboost|p2b: Dragonite|def|1
|-boost|p2b: Dragonite|spe|1
|cant|p1a: Kingambit|slp
|
|-weather|SunnyDay|[upkeep]
|upkeep
|turn|4
|
|t:|1756164166
|cant|p1a: Kingambit|slp
|move|p2a: Jumpluff|Leaf Storm|p1a: Kingambit
|-resisted|p1a: Kingambit
|-damage|p1a: Kingambit|86/100 slp
|-unboost|p2a: Jumpluff|spa|2
|move|p2b: Dragonite|Scale Shot|p1a: Kingambit
|-resisted|p1a: Kingambit
|-damage|p1a: Kingambit|81/100 slp
|-resisted|p1a: Kingambit
|-crit|p1a: Kingambit
|-damage|p1a: Kingambit|72/100 slp
|-resisted|p1a: Kingambit
|-damage|p1a: Kingambit|66/100 slp
|-resisted|p1a: Kingambit
|-damage|p1a: Kingambit|61/100 slp
|-hitcount|p1a: Kingambit|4
|-unboost|p2b: Dragonite|def|1
|-boost|p2b: Dragonite|spe|1
|
|-weather|SunnyDay|[upkeep]
|upkeep
|turn|5
|
|t:|1756164188
|switch|p2b: Garchomp|Garchomp, L50, M|100/100
|-curestatus|p1a: Kingambit|slp|[msg]
|move|p1a: Kingambit|Sucker Punch||[still]
|-fail|p1a: Kingambit
|move|p2a: Jumpluff|Sleep Powder|p1a: Kingambit
|-status|p1a: Kingambit|slp|[from] move: Sleep Powder
|
|-weather|none
|upkeep
|turn|6
|
|t:|1756164205
|switch|p2a: Dragonite|Dragonite, L50, M|66/100
|move|p2b: Garchomp|Earthquake|p1a: Kingambit|[spread] p1a
|-immune|p2a: Dragonite
|-supereffective|p1a: Kingambit
|-crit|p1a: Kingambit
|-damage|p1a: Kingambit|0 fnt
|faint|p1a: Kingambit
|-damage|p2b: Garchomp|91/100|[from] item: Life Orb
|
|win|andrewsp965
||andrewsp965 is ready for game 2.
|c|☆ScillyWi11y|Why u jerk me off
|inactive|ScillyWi11y has 30 seconds to confirm battle start!
||ScillyWi11y is ready for game 2.
|uhtml|next|Next: Game 2 of 3
|l|☆ScillyWi11y
|player|p1|
