|j|☆capacete5
|j|☆berto777
|html|capacete5berto777    
|uhtml|bestof|Game 1 of a best-of-3
|t:|1782426054
|gametype|doubles
|player|p1|capacete5|byron|1055
|player|p2|berto777|1|1104
|gen|9
|tier|[Gen 9 Champions] VGC 2026 Reg M-B (Bo3)
|rated|
|rule|Species Clause: Limit one of each Pokémon
|rule|Item Clause: Limit 1 of each item
|clearpoke
|poke|p1|Aerodactyl, L50, F|
|poke|p1|Garchomp, L50, F|
|poke|p1|Kingambit, L50, M|
|poke|p1|Farigiraf, L50, F|
|poke|p1|Sylveon, L50, F|
|poke|p1|Charizard, L50, F|
|poke|p2|Charizard, L50, F|
|poke|p2|Sinistcha, L50|
|poke|p2|Sableye, L50, M|
|poke|p2|Sneasler, L50, M|
|poke|p2|Garchomp, L50, F|
|poke|p2|Eelektross, L50, M|
|teampreview|4
|showteam|p1|Aerodactyl||Aerodactylite|Unnerve|RockSlide,IceFang,DualWingbeat,Tailwind|Jolly||F|||50|]Garchomp||LifeOrb|RoughSkin|Protect,DragonClaw,Earthquake,StompingTantrum|Adamant||F|||50|]Kingambit||FocusSash|Defiant|LowKick,IronHead,SuckerPunch,Protect|Adamant||M|||50|]Farigiraf||SitrusBerry|ArmorTail|HelpingHand,Psychic,TrickRoom,EnergyBall|Bold||F|||50|]Sylveon||FairyFeather|Pixilate|HyperVoice,Protect,HyperBeam,QuickAttack|Bold||F|||50|]Charizard||CharizarditeY|Blaze|HeatWave,WeatherBall,SolarBeam,Protect|Modest||F|||50|
|showteam|p2|Charizard||CharizarditeY|Blaze|Protect,WeatherBall,HeatWave,SolarBeam|Timid||F|||50|]Sinistcha||ColburBerry|Hospitality|MatchaGotcha,RagePowder,LifeDew,ShadowBall|Bold|||||50|]Sableye||FocusSash|Prankster|Quash,Detect,Encore,FakeOut|Careful||M|||50|]Sneasler||WhiteHerb|Unburden|CloseCombat,FakeOut,Protect,DireClaw|Adamant||M|||50|]Garchomp||ChoiceScarf|RoughSkin|RockSlide,Earthquake,DragonClaw,IronHead|Jolly||F|||50|]Eelektross||Eelektrossite|Levitate|Discharge,Protect,GigaDrain,Thunderbolt|Modest||M|||50|
|inactive|Battle timer is ON: inactive players will automatically lose when time's up. (requested by capacete5)
|inactive|capacete5 has 60 seconds left.
|inactive|berto777 has 60 seconds left.
|inactive|capacete5 has 30 seconds left.
|inactive|capacete5 has 20 seconds left.
|inactive|capacete5 has 15 seconds left.
|inactive|capacete5 has 10 seconds left.
|inactive|capacete5 has 5 seconds left.
|
|t:|1782426144
|teamsize|p1|4
|teamsize|p2|4
|start
|switch|p1a: Aerodactyl|Aerodactyl, L50, F|100/100
|switch|p1b: Farigiraf|Farigiraf, L50, F|100/100
|switch|p2a: Sableye|Sableye, L50, M|100/100
|switch|p2b: Eelektross|Eelektross, L50, M|100/100
|-ability|p1a: Aerodactyl|Unnerve
|turn|1
|inactive|capacete5 has 30 seconds left.
|inactive|capacete5 has 20 seconds left.
|inactive|capacete5 has 15 seconds left.
|inactive|capacete5 has 10 seconds left.
|inactive|capacete5 has 5 seconds left.
|
|t:|1782426194
|switch|p2a: Garchomp|Garchomp, L50, F|100/100
|detailschange|p1a: Aerodactyl|Aerodactyl-Mega, L50, F
|-mega|p1a: Aerodactyl|Aerodactyl|Aerodactylite
|detailschange|p2b: Eelektross|Eelektross-Mega, L50, M
|-mega|p2b: Eelektross|Eelektross|Eelektrossite
|move|p1a: Aerodactyl|Rock Slide|p2a: Garchomp|[spread] p2a,p2b
|-resisted|p2a: Garchomp|1
|-damage|p2a: Garchomp|88/100
|-damage|p2b: Eelektross|73/100
|move|p2b: Eelektross|Discharge|p1a: Aerodactyl|[spread] p1a,p1b
|-immune|p2a: Garchomp
|-supereffective|p1a: Aerodactyl|1
|-crit|p1b: Farigiraf
|-damage|p1a: Aerodactyl|29/100
|-damage|p1b: Farigiraf|44/100
|-status|p1a: Aerodactyl|par
|-enditem|p1b: Farigiraf|Sitrus Berry|[eat]
|-heal|p1b: Farigiraf|69/100|[from] item: Sitrus Berry
|move|p1b: Farigiraf|Energy Ball|p2a: Garchomp
|-damage|p2a: Garchomp|63/100
|
|upkeep
|turn|2
|inactive|capacete5 has 30 seconds left.
|inactive|capacete5 has 20 seconds left.
|
|t:|1782426230
|move|p2a: Garchomp|Rock Slide|p1b: Farigiraf|[spread] p1a,p1b
|-supereffective|p1a: Aerodactyl|1
|-damage|p1a: Aerodactyl|0 fnt
|-damage|p1b: Farigiraf|55/100
|faint|p1a: Aerodactyl
|move|p2b: Eelektross|Discharge|p1b: Farigiraf|[spread] p1b
|-immune|p2a: Garchomp
|-damage|p1b: Farigiraf|15/100
|move|p1b: Farigiraf|Trick Room|p1b: Farigiraf
|-fieldstart|move: Trick Room|[of] p1b: Farigiraf
|
|upkeep
|
|t:|1782426240
|switch|p1a: Sylveon|Sylveon, L50, F|100/100
|turn|3
|
|t:|1782426250
|switch|p2a: Sinistcha|Sinistcha, L50|100/100
|-heal|p2b: Eelektross|98/100|[from] ability: Hospitality|[of] p2a: Sinistcha
|move|p1b: Farigiraf|Helping Hand|p1a: Sylveon
|-singleturn|p1a: Sylveon|Helping Hand|[of] p1b: Farigiraf
|move|p1a: Sylveon|Hyper Voice|p2a: Sinistcha|[spread] p2a,p2b
|-crit|p2a: Sinistcha
|-damage|p2a: Sinistcha|0 fnt
|-damage|p2b: Eelektross|35/100
|faint|p2a: Sinistcha
|move|p2b: Eelektross|Discharge|p1b: Farigiraf|[spread] p1a,p1b
|-damage|p1a: Sylveon|73/100
|-damage|p1b: Farigiraf|0 fnt
|-status|p1a: Sylveon|par
|faint|p1b: Farigiraf
|-ability|p2b: Eelektross|Eelevate|boost
|-boost|p2b: Eelektross|spa|1
|
|upkeep
|
|t:|1782426270
|switch|p1b: Kingambit|Kingambit, L50, M|100/100
|switch|p2a: Sableye|Sableye, L50, M|100/100
|turn|4
|
|t:|1782426285
|move|p2a: Sableye|Fake Out|p1a: Sylveon
|-damage|p1a: Sylveon|64/100 par
|cant|p1a: Sylveon|flinch
|move|p2b: Eelektross|Thunderbolt|p1a: Sylveon
|-damage|p1a: Sylveon|1/100 par
|move|p1b: Kingambit|Iron Head|p2a: Sableye
|-damage|p2a: Sableye|36/100
|
|upkeep
|turn|5
|inactive|capacete5 has 30 seconds left.
|inactive|berto777 has 30 seconds left.
|inactive|capacete5 has 20 seconds left.
|
|t:|1782426322
|move|p2a: Sableye|Detect|p2a: Sableye
|-singleturn|p2a: Sableye|Protect
|cant|p1a: Sylveon|par
|move|p2b: Eelektross|Discharge|p1a: Sylveon|[spread] p1a,p1b
|-activate|p2a: Sableye|move: Protect
|-damage|p1a: Sylveon|0 fnt
|-damage|p1b: Kingambit|43/100
|faint|p1a: Sylveon
|-ability|p2b: Eelektross|Eelevate|boost
|-boost|p2b: Eelektross|spa|1
|move|p1b: Kingambit|Iron Head|p2a: Sableye
|-activate|p2a: Sableye|move: Protect
|
|upkeep
|turn|6
|
|t:|1782426342
|move|p2a: Sableye|Quash|p1b: Kingambit
|-hint|Since gen 7, Dark is immune to Prankster moves.
|-immune|p1b: Kingambit
|move|p1b: Kingambit|Sucker Punch|p2b: Eelektross
|-damage|p2b: Eelektross|0 fnt
|faint|p2b: Eelektross
|
|-fieldend|move: Trick Room
|upkeep
|
|t:|1782426351
|switch|p2b: Garchomp|Garchomp, L50, F|63/100
|turn|7
|
|t:|1782426364
|move|p2a: Sableye|Detect|p2a: Sableye
|-singleturn|p2a: Sableye|Protect
|move|p1b: Kingambit|Sucker Punch|p2b: Garchomp
|-damage|p2b: Garchomp|23/100
|-damage|p1b: Kingambit|31/100|[from] ability: Rough Skin|[of] p2b: Garchomp
|move|p2b: Garchomp|Earthquake|p1b: Kingambit|[spread] p1b
|-activate|p2a: Sableye|move: Protect
|-supereffective|p1b: Kingambit|1
|-damage|p1b: Kingambit|0 fnt
|faint|p1b: Kingambit
|
|win|berto777
