|j|☆ZacianBot
|j|☆ttsui234
|html|ZacianBotttsui234    
|uhtml|bestof|Game 1 of a best-of-3
|t:|1785178645
|gametype|doubles
|player|p1|ZacianBot|koga|1000
|player|p2|ttsui234|1|1048
|gen|9
|tier|[Gen 9 Champions] VGC 2026 Reg M-B (Bo3)
|rated|
|rule|Species Clause: Limit one of each Pokémon
|rule|Item Clause: Limit 1 of each item
|clearpoke
|poke|p1|Froslass, L50, F|
|poke|p1|Kingambit, L50, M|
|poke|p1|Incineroar, L50, F|
|poke|p1|Dragonite, L50, F|
|poke|p1|Sneasler, L50, F|
|poke|p1|Palafin, L50, M|
|poke|p2|Staraptor, L50, F|
|poke|p2|Garchomp, L50, F|
|poke|p2|Whimsicott, L50, M|
|poke|p2|Delphox, L50, M, shiny|
|poke|p2|Glimmora, L50, M|
|poke|p2|Kingambit, L50, F, shiny|
|teampreview|4
|showteam|p1|Froslass||Froslassite|SnowCloak|Protect,AuroraVeil,Blizzard,ShadowBall|Timid||F|||50|]Kingambit||ChopleBerry|Defiant|KowtowCleave,SuckerPunch,IronHead,LowKick|Adamant||M|||50|]Incineroar||SitrusBerry|Intimidate|FlareBlitz,PartingShot,ThroatChop,FakeOut|Impish||F|||50|]Dragonite||Dragoninite|Multiscale|Protect,Tailwind,Flamethrower,DragonPulse|Modest||F|||50|]Sneasler||FocusSash|PoisonTouch|Protect,DireClaw,CloseCombat,FakeOut|Jolly||F|||50|]Palafin||MysticWater|ZerotoHero|Protect,JetPunch,WaveCrash,BulkUp|Adamant||M|||50|
|showteam|p2|Staraptor||Staraptite|Intimidate|Protect,Roost,CloseCombat,BraveBird|Jolly||F|||50|]Garchomp||LifeOrb|RoughSkin|Protect,RockSlide,Earthquake,DragonClaw|Jolly||F|||50|]Whimsicott||OccaBerry|Prankster|Moonblast,Tailwind,Charm,LightScreen|Timid||M|||50|]Delphox||Delphoxite|Blaze|HeatWave,Psychic,Substitute,Protect|Modest||M|||50|]Glimmora||FocusSash|ToxicDebris|SpikyShield,EarthPower,PowerGem,SludgeBomb|Timid||M|||50|]Kingambit||ChopleBerry|Defiant|KowtowCleave,IronHead,SuckerPunch,LowKick|Adamant||F|||50|
|inactive|Battle timer is ON: inactive players will automatically lose when time's up. (requested by ZacianBot)
|inactive|ZacianBot has 60 seconds left.
|inactive|ttsui234 has 60 seconds left.
|inactive|ttsui234 has 30 seconds left.
|inactive|ZacianBot has 30 seconds left.
|inactive|ttsui234 has 20 seconds left.
|inactive|ZacianBot has 20 seconds left.
|inactive|ttsui234 has 15 seconds left.
|inactive|ZacianBot has 15 seconds left.
|inactive|ZacianBot has 10 seconds left.
|inactive|ZacianBot has 5 seconds left.
|
|t:|1785178742
|teamsize|p1|4
|teamsize|p2|4
|start
|switch|p1a: Froslass|Froslass, L50, F|100/100
|switch|p1b: Sneasler|Sneasler, L50, F|100/100
|switch|p2a: Staraptor|Staraptor, L50, F|100/100
|switch|p2b: Whimsicott|Whimsicott, L50, M|100/100
|-ability|p2a: Staraptor|Intimidate|boost
|-unboost|p1a: Froslass|atk|1
|-unboost|p1b: Sneasler|atk|1
|turn|1
|
|t:|1785178760
|detailschange|p1a: Froslass|Froslass-Mega, L50, F
|-mega|p1a: Froslass|Froslass|Froslassite
|-weather|Snowscape|[from] ability: Snow Warning|[of] p1a: Froslass
|move|p2a: Staraptor|Protect|p2a: Staraptor
|-singleturn|p2a: Staraptor|Protect
|move|p1b: Sneasler|Fake Out|p2b: Whimsicott
|-damage|p2b: Whimsicott|89/100
|cant|p2b: Whimsicott|flinch
|move|p1a: Froslass|Aurora Veil|p1a: Froslass
|-sidestart|p1: ZacianBot|move: Aurora Veil
|
|-weather|Snowscape|[upkeep]
|upkeep
|turn|2
|inactive|ZacianBot has 30 seconds left.
|inactive|ZacianBot has 20 seconds left.
|inactive|ZacianBot has 15 seconds left.
|inactive|ZacianBot has 10 seconds left.
|
|t:|1785178806
|detailschange|p2a: Staraptor|Staraptor-Mega, L50, F
|-mega|p2a: Staraptor|Staraptor|Staraptite
|move|p1b: Sneasler|Protect|p1b: Sneasler
|-singleturn|p1b: Sneasler|Protect
|move|p2b: Whimsicott|Light Screen|p2b: Whimsicott
|-sidestart|p2: ttsui234|move: Light Screen
|move|p2a: Staraptor|Close Combat|p1b: Sneasler
|-activate|p1b: Sneasler|move: Protect
|move|p1a: Froslass|Blizzard|p2b: Whimsicott|[spread] p2a,p2b
|-supereffective|p2a: Staraptor|1
|-supereffective|p2b: Whimsicott|1
|-damage|p2a: Staraptor|43/100
|-damage|p2b: Whimsicott|15/100
|
|-weather|Snowscape|[upkeep]
|upkeep
|turn|3
|
|t:|1785178827
|move|p2b: Whimsicott|Tailwind|p2b: Whimsicott
|-sidestart|p2: ttsui234|move: Tailwind
|move|p2a: Staraptor|Roost|p2a: Staraptor
|-heal|p2a: Staraptor|93/100
|-singleturn|p2a: Staraptor|move: Roost
|move|p1b: Sneasler|Dire Claw|p2a: Staraptor
|-damage|p2a: Staraptor|63/100
|move|p1a: Froslass|Blizzard|p2b: Whimsicott|[spread] p2a,p2b
|-supereffective|p2b: Whimsicott|1
|-damage|p2a: Staraptor|32/100
|-damage|p2b: Whimsicott|0 fnt
|faint|p2b: Whimsicott
|
|-weather|Snowscape|[upkeep]
|upkeep
|
|t:|1785178840
|switch|p2b: Glimmora|Glimmora, L50, M|100/100
|turn|4
|
|t:|1785178848
|move|p1a: Froslass|Protect|p1a: Froslass
|-singleturn|p1a: Froslass|Protect
|move|p2a: Staraptor|Roost|p2a: Staraptor
|-heal|p2a: Staraptor|82/100
|-singleturn|p2a: Staraptor|move: Roost
|move|p2b: Glimmora|Power Gem|p1a: Froslass
|-activate|p1a: Froslass|move: Protect
|move|p1b: Sneasler|Dire Claw|p2a: Staraptor
|-damage|p2a: Staraptor|50/100g
|
|-weather|Snowscape|[upkeep]
|upkeep
|turn|5
|
|t:|1785178868
|move|p2a: Staraptor|Roost|p2a: Staraptor
|-heal|p2a: Staraptor|100/100
|-singleturn|p2a: Staraptor|move: Roost
|move|p2b: Glimmora|Power Gem|p1a: Froslass
|-supereffective|p1a: Froslass|1
|-damage|p1a: Froslass|48/100
|move|p1b: Sneasler|Dire Claw|p2a: Staraptor
|-damage|p2a: Staraptor|69/100
|move|p1a: Froslass|Blizzard|p2a: Staraptor|[spread] p2a,p2b
|-damage|p2a: Staraptor|39/100
|-damage|p2b: Glimmora|63/100
|
|-weather|none
|-sideend|p1: ZacianBot|move: Aurora Veil
|upkeep
|turn|6
|
|t:|1785178887
|move|p1b: Sneasler|Protect|p1b: Sneasler
|-singleturn|p1b: Sneasler|Protect
|move|p1a: Froslass|Protect|p1a: Froslass
|-singleturn|p1a: Froslass|Protect
|move|p2a: Staraptor|Brave Bird|p1b: Sneasler
|-activate|p1b: Sneasler|move: Protect
|move|p2b: Glimmora|Power Gem|p1a: Froslass
|-activate|p1a: Froslass|move: Protect
|
|-sideend|p2: ttsui234|move: Light Screen
|-sideend|p2: ttsui234|move: Tailwind
|upkeep
|turn|7
|
|t:|1785178903
|move|p1b: Sneasler|Close Combat|p2b: Glimmora
|-damage|p2b: Glimmora|6/100
|-unboost|p1b: Sneasler|def|1
|-unboost|p1b: Sneasler|spd|1
|-activate|p2b: Glimmora|ability: Toxic Debris
|-sidestart|p1: ZacianBot|move: Toxic Spikes
|move|p2a: Staraptor|Brave Bird|p1b: Sneasler
|-supereffective|p1b: Sneasler|1
|-enditem|p1b: Sneasler|Focus Sash
|-damage|p1b: Sneasler|1/100
|-damage|p2a: Staraptor|8/100|[from] Recoil
|move|p1a: Froslass|Shadow Ball|p2a: Staraptor
|-damage|p2a: Staraptor|0 fnt
|faint|p2a: Staraptor
|move|p2b: Glimmora|Power Gem|p1a: Froslass
|-supereffective|p1a: Froslass|1
|-damage|p1a: Froslass|0 fnt
|faint|p1a: Froslass
|
|upkeep
|
|t:|1785178928
|switch|p2a: Garchomp|Garchomp, L50, F|100/100
|switch|p1a: Kingambit|Kingambit, L50, M|100/100
|turn|8
|inactive|ZacianBot has 30 seconds left.
|inactive|ZacianBot has 20 seconds left.
|inactive|ZacianBot has 15 seconds left.
|inactive|ZacianBot has 10 seconds left.
|inactive|ZacianBot has 5 seconds left.
|
|t:|1785178979
|move|p2b: Glimmora|Spiky Shield|p2b: Glimmora
|-singleturn|p2b: Glimmora|move: Protect
|move|p1b: Sneasler|Close Combat|p2b: Glimmora
|-activate|p2b: Glimmora|move: Protect
|-damage|p1b: Sneasler|0 fnt|[from] Spiky Shield|[of] p2b: Glimmora
|faint|p1b: Sneasler
|move|p2a: Garchomp|Earthquake|p1a: Kingambit|[spread] p1a
|-activate|p2b: Glimmora|move: Protect
|-supereffective|p1a: Kingambit|1
|-damage|p1a: Kingambit|19/100
|-damage|p2a: Garchomp|90/100|[from] item: Life Orb
|move|p1a: Kingambit|Kowtow Cleave|p2a: Garchomp
|-damage|p2a: Garchomp|47/100
|-damage|p1a: Kingambit|7/100|[from] ability: Rough Skin|[of] p2a: Garchomp
|
|upkeep
|
|t:|1785178983
|switch|p1b: Incineroar|Incineroar, L50, F|100/100
|-status|p1b: Incineroar|psn
|-ability|p1b: Incineroar|Intimidate|boost
|-unboost|p2a: Garchomp|atk|1
|-unboost|p2b: Glimmora|atk|1
|turn|9
|
|t:|1785178999
|move|p2a: Garchomp|Protect|p2a: Garchomp
|-singleturn|p2a: Garchomp|Protect
|move|p1b: Incineroar|Fake Out|p2b: Glimmora
|-resisted|p2b: Glimmora|1
|-damage|p2b: Glimmora|1/100
|-activate|p2b: Glimmora|ability: Toxic Debris
|-sidestart|p1: ZacianBot|move: Toxic Spikes
|move|p1a: Kingambit|Sucker Punch||[still]
|-fail|p1a: Kingambit
|cant|p2b: Glimmora|flinch
|
|-damage|p1b: Incineroar|87/100 psn|[from] psn
|upkeep
|turn|10
|
|t:|1785179015
|move|p2b: Glimmora|Spiky Shield|p2b: Glimmora
|-singleturn|p2b: Glimmora|move: Protect
|move|p1a: Kingambit|Sucker Punch||[still]
|-fail|p1a: Kingambit
|move|p2a: Garchomp|Earthquake|p1a: Kingambit|[spread] p1a,p1b
|-activate|p2b: Glimmora|move: Protect
|-supereffective|p1a: Kingambit|1
|-supereffective|p1b: Incineroar|1
|-damage|p1a: Kingambit|0 fnt
|-damage|p1b: Incineroar|33/100 psn
|-enditem|p1b: Incineroar|Sitrus Berry|[eat]
|-heal|p1b: Incineroar|58/100 psn|[from] item: Sitrus Berry
|faint|p1a: Kingambit
|-damage|p2a: Garchomp|37/100|[from] item: Life Orb
|move|p1b: Incineroar|Flare Blitz|p2a: Garchomp
|-resisted|p2a: Garchomp|1
|-damage|p2a: Garchomp|13/100
|-damage|p1b: Incineroar|46/100 psn|[from] ability: Rough Skin|[of] p2a: Garchomp
|-damage|p1b: Incineroar|38/100 psn|[from] Recoil
|
|-damage|p1b: Incineroar|26/100 psn|[from] psn
|upkeep
|turn|11
|-message|ZacianBot forfeited.
|
|win|ttsui234
