|j|â˜†wishlocals
|j|â˜†hexagonfoot
|html|wishlocalshexagonfoot    
|uhtml|bestof|Game 1 of a best-of-3
|t:|1756493595
|gametype|doubles
|player|p1|wishlocals|102|1154
|player|p2|hexagonfoot|caitlin|1194
|gen|9
|tier|[Gen 9] VGC 2025 Reg H (Bo3)
|rated|
|rule|Species Clause: Limit one of each PokÃ©mon
|rule|Item Clause: Limit 1 of each item
|clearpoke
|poke|p1|Archaludon, L50, M|
|poke|p1|Sneasler, L50, F|
|poke|p1|Rillaboom, L50, M|
|poke|p1|Incineroar, L50, M|
|poke|p1|Primarina, L50, F|
|poke|p1|Dragonite, L50, M|
|poke|p2|Kingambit, L50, F|
|poke|p2|Primarina, L50, M|
|poke|p2|Sneasler, L50, F|
|poke|p2|Magmar, L50, F|
|poke|p2|Rillaboom, L50, F|
|poke|p2|Dragapult, L50, F|
|teampreview|4
|showteam|p1|Archaludon||PowerHerb|Sturdy|ElectroShot,Protect,FlashCannon,DracoMeteor|||M|||50|,,,,,Stellar]Sneasler||FocusSash|Unburden|CloseCombat,DireClaw,Coaching,Protect|||F|||50|,,,,,Ghost]Rillaboom||MiracleSeed|GrassySurge|FakeOut,GrassyGlide,WoodHammer,Protect|||M|||50|,,,,,Fire]Incineroar||AssaultVest|Intimidate|FakeOut,FlareBlitz,KnockOff,Uturn|||M|||50|,,,,,Ghost]Primarina||Leftovers|LiquidVoice|HyperVoice,Moonblast,CalmMind,Protect|||F|||50|,,,,,Poison]Dragonite||LoadedDice|Multiscale|ScaleShot,Protect,Tailwind,Haze|||M|||50|,,,,,Steel
|showteam|p2|Kingambit||BlackGlasses|Defiant|KowtowCleave,SuckerPunch,SwordsDance,Protect|||F|||50|,,,,,Ghost]Primarina||SitrusBerry|LiquidVoice|HyperVoice,Moonblast,Haze,Protect|||M|||50|,,,,,Water]Sneasler||FocusSash|PoisonTouch|CloseCombat,DireClaw,FakeOut,Protect|||F|||50|,,,,,Stellar]Magmar||Eviolite|VitalSpirit|Overheat,WillOWisp,FollowMe,Protect|||F|||50|,,,,,Ghost]Rillaboom||AssaultVest|GrassySurge|WoodHammer,GrassyGlide,HighHorsepower,FakeOut|||F|||50|,,,,,Fire]Dragapult||ChoiceBand|ClearBody|DragonDarts,PhantomForce,TeraBlast,Uturn|||F|||50|,,,,,Ghost
|inactive|Battle timer is ON: inactive players will automatically lose when time's up. (requested by hexagonfoot)
|
|t:|1756493630
|teamsize|p1|4
|teamsize|p2|4
|start
|switch|p1a: Dragonite|Dragonite, L50, M|100/100
|switch|p1b: Incineroar|Incineroar, L50, M|100/100
|switch|p2a: Sneasler|Sneasler, L50, F|100/100
|switch|p2b: Dragapult|Dragapult, L50, F|100/100
|-ability|p1b: Incineroar|Intimidate|boost
|-unboost|p2a: Sneasler|atk|1
|-fail|p2b: Dragapult|unboost|[from] ability: Clear Body|[of] p2b: Dragapult
|turn|1
|inactive|hexagonfoot has 30 seconds left.
|
|t:|1756493657
|-terastallize|p1b: Incineroar|Ghost
|move|p1a: Dragonite|Protect|p1a: Dragonite
|-singleturn|p1a: Dragonite|Protect
|move|p2a: Sneasler|Fake Out|p1a: Dragonite
|-activate|p1a: Dragonite|move: Protect
|move|p2b: Dragapult|U-turn|p1b: Incineroar
|-resisted|p1b: Incineroar
|-damage|p1b: Incineroar|85/100
|
|t:|1756493665
|switch|p2b: Primarina|Primarina, L50, M|100/100|[from] U-turn
|move|p1b: Incineroar|Knock Off|p2b: Primarina
|-resisted|p2b: Primarina
|-damage|p2b: Primarina|79/100
|-enditem|p2b: Primarina|Sitrus Berry|[from] move: Knock Off|[of] p1b: Incineroar
|
|upkeep
|turn|2
|inactive|wishlocals has 30 seconds left.
|
|t:|1756493694
|move|p2a: Sneasler|Dire Claw|p1a: Dragonite
|-damage|p1a: Dragonite|88/100
|move|p1a: Dragonite|Scale Shot|p2a: Sneasler
|-damage|p2a: Sneasler|77/100
|-damage|p2a: Sneasler|53/100
|-damage|p2a: Sneasler|32/100
|-damage|p2a: Sneasler|10/100
|-hitcount|p2a: Sneasler|4
|-unboost|p1a: Dragonite|def|1
|-boost|p1a: Dragonite|spe|1
|move|p2b: Primarina|Moonblast|p1a: Dragonite
|-supereffective|p1a: Dragonite
|-crit|p1a: Dragonite
|-damage|p1a: Dragonite|0 fnt
|faint|p1a: Dragonite
|move|p1b: Incineroar|U-turn|p2a: Sneasler
|-resisted|p2a: Sneasler
|-damage|p2a: Sneasler|1/100
|c|â˜†wishlocals|4 hit and crit
|inactive|wishlocals has 30 seconds left.
|c|â˜†wishlocals|this game is incredible
|inactive|wishlocals has 20 seconds left.
|
|t:|1756493729
|switch|p1b: Rillaboom|Rillaboom, L50, M|100/100|[from] U-turn
|-fieldstart|move: Grassy Terrain|[from] ability: Grassy Surge|[of] p1b: Rillaboom
|
|-heal|p2a: Sneasler|7/100|[from] Grassy Terrain
|-heal|p2b: Primarina|85/100|[from] Grassy Terrain
|upkeep
|
|t:|1756493735
|switch|p1a: Incineroar|Incineroar, L50, M, tera:Ghost|85/100
|-ability|p1a: Incineroar|Intimidate|boost
|-unboost|p2a: Sneasler|atk|1
|-unboost|p2b: Primarina|atk|1
|turn|3
|
|t:|1756493751
|move|p2a: Sneasler|Protect|p2a: Sneasler
|-singleturn|p2a: Sneasler|Protect
|move|p2b: Primarina|Protect|p2b: Primarina
|-singleturn|p2b: Primarina|Protect
|move|p1a: Incineroar|Fake Out|p2b: Primarina
|-activate|p2b: Primarina|move: Protect
|move|p1b: Rillaboom|Grassy Glide|p2a: Sneasler
|-activate|p2a: Sneasler|move: Protect
|
|-heal|p2a: Sneasler|13/100|[from] Grassy Terrain
|-heal|p2b: Primarina|91/100|[from] Grassy Terrain
|-heal|p1a: Incineroar|91/100|[from] Grassy Terrain
|upkeep
|turn|4
|c|â˜†hexagonfoot|im a funny man
|inactive|hexagonfoot has 30 seconds left.
|
|t:|1756493779
|move|p1b: Rillaboom|Grassy Glide|p2a: Sneasler
|-resisted|p2a: Sneasler
|-damage|p2a: Sneasler|0 fnt
|faint|p2a: Sneasler
|move|p2b: Primarina|Moonblast|p1b: Rillaboom
|-damage|p1b: Rillaboom|55/100
|move|p1a: Incineroar|Knock Off|p2b: Primarina
|-resisted|p2b: Primarina
|-crit|p2b: Primarina
|-damage|p2b: Primarina|70/100
|
|-heal|p1b: Rillaboom|61/100|[from] Grassy Terrain
|-heal|p2b: Primarina|75/100|[from] Grassy Terrain
|-heal|p1a: Incineroar|97/100|[from] Grassy Terrain
|upkeep
|
|t:|1756493796
|switch|p2a: Dragapult|Dragapult, L50, F|100/100
|turn|5
|inactive|wishlocals has 30 seconds left.
|inactive|wishlocals has 20 seconds left.
|
|t:|1756493836
|switch|p1a: Sneasler|Sneasler, L50, F|100/100
|-terastallize|p2a: Dragapult|Ghost
|move|p1b: Rillaboom|Grassy Glide|p2b: Primarina
|-supereffective|p2b: Primarina
|-damage|p2b: Primarina|0 fnt
|faint|p2b: Primarina
|move|p2a: Dragapult|Tera Blast|p1a: Sneasler|[anim] Tera Blast Ghost
|-enditem|p1a: Sneasler|Focus Sash
|-damage|p1a: Sneasler|1/100
|
|-heal|p1a: Sneasler|7/100|[from] Grassy Terrain
|-heal|p1b: Rillaboom|67/100|[from] Grassy Terrain
|upkeep
|
|t:|1756493849
|switch|p2b: Magmar|Magmar, L50, F|100/100
|turn|6
|inactive|hexagonfoot has 30 seconds left.
|
|t:|1756493875
|switch|p1b: Incineroar|Incineroar, L50, M, tera:Ghost|97/100
|-ability|p1b: Incineroar|Intimidate|boost
|-fail|p2a: Dragapult|unboost|[from] ability: Clear Body|[of] p2a: Dragapult
|-unboost|p2b: Magmar|atk|1
|move|p2b: Magmar|Follow Me|p2b: Magmar
|-singleturn|p2b: Magmar|move: Follow Me
|move|p1a: Sneasler|Coaching|p1b: Incineroar
|-boost|p1b: Incineroar|atk|1
|-boost|p1b: Incineroar|def|1
|move|p2a: Dragapult|Tera Blast|p1b: Incineroar|[anim] Tera Blast Ghost
|-supereffective|p1b: Incineroar
|-damage|p1b: Incineroar|1/100
|
|-heal|p1a: Sneasler|13/100|[from] Grassy Terrain
|-heal|p1b: Incineroar|7/100|[from] Grassy Terrain
|-fieldend|move: Grassy Terrain
|upkeep
|turn|7
|inactive|hexagonfoot has 30 seconds left.
|
|t:|1756493906
|move|p1b: Incineroar|Fake Out|p2b: Magmar
|-damage|p2b: Magmar|84/100
|move|p1a: Sneasler|Dire Claw|p2a: Dragapult
|-resisted|p2a: Dragapult
|-damage|p2a: Dragapult|71/100
|-status|p2a: Dragapult|psn
|move|p2a: Dragapult|Tera Blast|p1a: Sneasler|[anim] Tera Blast Ghost
|-damage|p1a: Sneasler|0 fnt
|faint|p1a: Sneasler
|cant|p2b: Magmar|flinch
|
|-damage|p2a: Dragapult|59/100 psn|[from] psn
|upkeep
|
|t:|1756493927
|switch|p1a: Rillaboom|Rillaboom, L50, M|67/100
|-fieldstart|move: Grassy Terrain|[from] ability: Grassy Surge|[of] p1a: Rillaboom
|turn|8
|
|t:|1756493945
|move|p2b: Magmar|Follow Me|p2b: Magmar
|-singleturn|p2b: Magmar|move: Follow Me
|move|p2a: Dragapult|Tera Blast|p1b: Incineroar|[anim] Tera Blast Ghost
|-supereffective|p1b: Incineroar
|-damage|p1b: Incineroar|0 fnt
|faint|p1b: Incineroar
|move|p1a: Rillaboom|Wood Hammer|p2b: Magmar
|-resisted|p2b: Magmar
|-damage|p2b: Magmar|48/100
|-damage|p1a: Rillaboom|57/100|[from] Recoil
|
|-heal|p2a: Dragapult|65/100 psn|[from] Grassy Terrain
|-heal|p2b: Magmar|54/100|[from] Grassy Terrain
|-heal|p1a: Rillaboom|63/100|[from] Grassy Terrain
|-damage|p2a: Dragapult|53/100 psn|[from] psn
|upkeep
|turn|9
|
|t:|1756493959
|move|p2b: Magmar|Follow Me|p2b: Magmar
|-singleturn|p2b: Magmar|move: Follow Me
|move|p1a: Rillaboom|Grassy Glide|p2b: Magmar
|-resisted|p2b: Magmar
|-damage|p2b: Magmar|35/100
|move|p2a: Dragapult|Tera Blast|p1a: Rillaboom|[anim] Tera Blast Ghost
|-damage|p1a: Rillaboom|0 fnt
|faint|p1a: Rillaboom
|
|win|hexagonfoot
||hexagonfoot is ready for game 2.
||wishlocals is ready for game 2.
|uhtml|next|Next: Game 2 of 3
