|j|â˜†Ssamuuelll
|j|â˜†MetaphorCrazyMonk
|html|SsamuuelllMetaphorCrazyMonk    
|uhtml|bestof|Game 2 of a best-of-3
|t:|1786103829
|gametype|doubles
|player|p1|Ssamuuelll|169|1227
|player|p2|MetaphorCrazyMonk|1|1325
|gen|9
|tier|[Gen 9 Champions] VGC 2026 Reg M-B (Bo3)
|rated|
|rule|Species Clause: Limit one of each PokÃ©mon
|rule|Item Clause: Limit 1 of each item
|clearpoke
|poke|p1|Staraptor, L50, F|
|poke|p1|Maushold-Four, L50|
|poke|p1|Sinistcha-Masterpiece, L50|
|poke|p1|Gholdengo, L50|
|poke|p1|Tyranitar, L50, M|
|poke|p1|Excadrill, L50, M|
|poke|p2|Starmie, L50, shiny|
|poke|p2|Blaziken, L50, M|
|poke|p2|Kingambit, L50, M|
|poke|p2|Garchomp, L50, M|
|poke|p2|Sylveon, L50, F|
|poke|p2|Farigiraf, L50, M|
|teampreview|4
|showteam|p1|Staraptor||Staraptite|Intimidate|CloseCombat,BraveBird,Tailwind,Protect|Jolly||F|||50|]Maushold-Four||ChopleBerry|FriendGuard|Charm,FollowMe,SuperFang,Protect|Timid|||||50|]Sinistcha-Masterpiece||SitrusBerry|Hospitality|MatchaGotcha,TrickRoom,RagePowder,Protect|Bold|||||50|]Gholdengo||LifeOrb|GoodasGold|MakeItRain,ShadowBall,NastyPlot,Protect|Modest|||||50|]Tyranitar||ChoiceScarf|SandStream|RockSlide,KnockOff,IcePunch,LowKick|Jolly||M|||50|]Excadrill||FocusSash|SandRush|HighHorsepower,IronHead,RockSlide,Protect|Adamant||M|||50|
|showteam|p2|Starmie||Starminite|Illuminate|Liquidation,ZenHeadbutt,IceSpinner,Protect|Jolly|||||50|]Blaziken||FocusSash|SpeedBoost|Overheat,AuraSphere,Coaching,Protect|Timid||M|||50|]Kingambit||ChopleBerry|Defiant|KowtowCleave,IronHead,SuckerPunch,Protect|Adamant||M|||50|]Garchomp||LifeOrb|RoughSkin|DragonClaw,StompingTantrum,RockSlide,Protect|Jolly||M|||50|]Sylveon||FairyFeather|Pixilate|HyperVoice,HyperBeam,Yawn,Detect|Modest||F|||50|]Farigiraf||SitrusBerry|ArmorTail|TwinBeam,Roar,TrickRoom,HelpingHand|Bold||M|||50|
|j| rovesciaporci
|c|â˜†MetaphorCrazyMonk|non bene comunque
|j| estupinanthepuledr
|
|t:|1786103897
|teamsize|p1|4
|teamsize|p2|4
|start
|switch|p1a: Tyranitar|Tyranitar, L50, M|100/100
|switch|p1b: Excadrill|Excadrill, L50, M|100/100
|switch|p2a: Blaziken|Blaziken, L50, M|100/100
|switch|p2b: Sylveon|Sylveon, L50, F|100/100
|-weather|Sandstorm|[from] ability: Sand Stream|[of] p1a: Tyranitar
|turn|1
|
|t:|1786103937
|switch|p1a: Sinistcha|Sinistcha-Masterpiece, L50|100/100
|move|p1b: Excadrill|High Horsepower|p2a: Blaziken
|-supereffective|p2a: Blaziken|1
|-enditem|p2a: Blaziken|Focus Sash
|-damage|p2a: Blaziken|1/100
|move|p2a: Blaziken|Aura Sphere|p1a: Sinistcha
|-immune|p1a: Sinistcha
|move|p2b: Sylveon|Yawn|p1b: Excadrill
|-start|p1b: Excadrill|move: Yawn|[of] p2b: Sylveon
|
|-weather|Sandstorm|[upkeep]
|-damage|p2a: Blaziken|0 fnt|[from] Sandstorm
|-damage|p1a: Sinistcha|93/100|[from] Sandstorm
|-damage|p2b: Sylveon|93/100|[from] Sandstorm
|faint|p2a: Blaziken
|upkeep
|c|â˜†MetaphorCrazyMonk|g7
|
|t:|1786103951
|switch|p2a: Starmie|Starmie, L50, shiny|100/100
|turn|2
|
|t:|1786103977
|switch|p1b: Staraptor|Staraptor, L50, F|100/100
|-ability|p1b: Staraptor|Intimidate|boost
|-unboost|p2a: Starmie|atk|1
|-unboost|p2b: Sylveon|atk|1
|detailschange|p2a: Starmie|Starmie-Mega, L50, shiny
|-mega|p2a: Starmie|Starmie|Starminite
|move|p2a: Starmie|Ice Spinner|p1a: Sinistcha
|-supereffective|p1a: Sinistcha|1
|-damage|p1a: Sinistcha|42/100
|-enditem|p1a: Sinistcha|Sitrus Berry|[eat]
|-heal|p1a: Sinistcha|66/100|[from] item: Sitrus Berry
|move|p1a: Sinistcha|Matcha Gotcha|p2b: Sylveon|[spread] p2a,p2b
|-supereffective|p2a: Starmie|1
|-damage|p2a: Starmie|34/100
|-heal|p1a: Sinistcha|92/100|[from] drain|[of] p2a: Starmie
|-damage|p2b: Sylveon|75/100
|-heal|p1a: Sinistcha|100/100|[from] drain|[of] p2b: Sylveon
|-status|p2a: Starmie|brn
|move|p2b: Sylveon|Hyper Voice|p1b: Staraptor|[spread] p1a,p1b
|-damage|p1a: Sinistcha|54/100
|-damage|p1b: Staraptor|27/100
|
|-weather|Sandstorm|[upkeep]
|-damage|p2a: Starmie|28/100 brn|[from] Sandstorm
|-damage|p1b: Staraptor|21/100|[from] Sandstorm
|-damage|p1a: Sinistcha|48/100|[from] Sandstorm
|-damage|p2b: Sylveon|69/100|[from] Sandstorm
|-damage|p2a: Starmie|22/100 brn|[from] brn
|upkeep
|turn|3
|l| estupinanthepuledr
|
|t:|1786104024
|detailschange|p1b: Staraptor|Staraptor-Mega, L50, F
|-mega|p1b: Staraptor|Staraptor|Staraptite
|move|p2a: Starmie|Ice Spinner|p1b: Staraptor
|-supereffective|p1b: Staraptor|1
|-damage|p1b: Staraptor|0 fnt
|faint|p1b: Staraptor
|move|p1a: Sinistcha|Matcha Gotcha|p2a: Starmie|[spread] p2a,p2b
|-supereffective|p2a: Starmie|1
|-damage|p2a: Starmie|0 fnt
|-heal|p1a: Sinistcha|57/100|[from] drain|[of] p2a: Starmie
|-damage|p2b: Sylveon|49/100
|-heal|p1a: Sinistcha|67/100|[from] drain|[of] p2b: Sylveon
|faint|p2a: Starmie
|move|p2b: Sylveon|Hyper Voice|p1a: Sinistcha
|-damage|p1a: Sinistcha|6/100
|
|-weather|Sandstorm|[upkeep]
|-damage|p1a: Sinistcha|1/100|[from] Sandstorm
|-damage|p2b: Sylveon|43/100|[from] Sandstorm
|upkeep
|c|â˜†MetaphorCrazyMonk|va bene
|
|t:|1786104045
|switch|p2a: Garchomp|Garchomp, L50, M|100/100
|switch|p1b: Excadrill|Excadrill, L50, M|100/100
|turn|4
|
|t:|1786104062
|move|p2b: Sylveon|Detect|p2b: Sylveon
|-singleturn|p2b: Sylveon|Protect
|move|p1b: Excadrill|Iron Head|p2b: Sylveon
|-activate|p2b: Sylveon|move: Protect
|move|p2a: Garchomp|Rock Slide|p1b: Excadrill|[spread] p1a,p1b
|-resisted|p1b: Excadrill|2
|-damage|p1a: Sinistcha|0 fnt
|-damage|p1b: Excadrill|90/100
|faint|p1a: Sinistcha
|-damage|p2a: Garchomp|90/100|[from] item: Life Orb
|
|-weather|Sandstorm|[upkeep]
|-damage|p2b: Sylveon|37/100|[from] Sandstorm
|upkeep
|
|t:|1786104076
|switch|p1a: Tyranitar|Tyranitar, L50, M|100/100
|turn|5
|
|t:|1786104082
|move|p2a: Garchomp|Protect|p2a: Garchomp
|-singleturn|p2a: Garchomp|Protect
|move|p2b: Sylveon|Detect|p2b: Sylveon
|-singleturn|p2b: Sylveon|Protect
|move|p1b: Excadrill|Iron Head|p2b: Sylveon
|-activate|p2b: Sylveon|move: Protect
|move|p1a: Tyranitar|Ice Punch|p2a: Garchomp
|-activate|p2a: Garchomp|move: Protect
|
|-weather|none
|upkeep
|turn|6
|c|â˜†MetaphorCrazyMonk|calmi
|c|â˜†MetaphorCrazyMonk|impossibile tankare
|c|â˜†MetaphorCrazyMonk|pero Ã¨ jolly
|c|â˜†MetaphorCrazyMonk|Ã¨ allegro
|c|â˜†MetaphorCrazyMonk|che fa rima con
|c| rovesciaporci|eeeee
|
|t:|1786104124
|move|p1a: Tyranitar|Ice Punch|p2a: Garchomp
|-supereffective|p2a: Garchomp|2
|-damage|p2a: Garchomp|0 fnt
|-damage|p1a: Tyranitar|88/100|[from] ability: Rough Skin|[of] p2a: Garchomp
|faint|p2a: Garchomp
|move|p1b: Excadrill|Iron Head|p2b: Sylveon
|-supereffective|p2b: Sylveon|1
|-damage|p2b: Sylveon|0 fnt
|faint|p2b: Sylveon
|
|win|Ssamuuelll
|c|â˜†MetaphorCrazyMonk|un poâ€™ di show via
|inactive|Ssamuuelll has 30 seconds to confirm battle start!
|inactive|MetaphorCrazyMonk has 30 seconds to confirm battle start!
||MetaphorCrazyMonk is ready for game 3.
|j| goldaniga
||Ssamuuelll is ready for game 3.
|uhtml|next|Next: Game 3 of 3
|l| rovesciaporci
