|j|☆leonsunp
|j|☆i saw carcosa
|html|leonsunpi saw carcosa    
|uhtml|bestof|Game 3 of a best-of-3
|t:|1757178532
|gametype|doubles
|player|p1|leonsunp|colress|1304
|player|p2|i saw carcosa|pokemonbreederf|1351
|gen|9
|tier|[Gen 9] VGC 2025 Reg H (Bo3)
|rated|
|rule|Species Clause: Limit one of each Pokémon
|rule|Item Clause: Limit 1 of each item
|clearpoke
|poke|p1|Sneasler, L50, F|
|poke|p1|Indeedee, L50, M|
|poke|p1|Volcarona, L50, F|
|poke|p1|Ursaluna-Bloodmoon, L50, M|
|poke|p1|Annihilape, L50, F|
|poke|p1|Tyranitar, L50, M|
|poke|p2|Sneasler, L50, M|
|poke|p2|Ursaluna-Bloodmoon, L50, M|
|poke|p2|Dragonite, L50, F|
|poke|p2|Gholdengo, L50|
|poke|p2|Amoonguss, L50, M|
|poke|p2|Incineroar, L50, F|
|teampreview|4
|showteam|p1|Sneasler||PsychicSeed|Unburden|CloseCombat,DireClaw,ThroatChop,Protect|||F|||50|,,,,,Dark]Indeedee||ChoiceScarf|PsychicSurge|ExpandingForce,TeraBlast,Trick,Protect|||M|||50|,,,,,Psychic]Volcarona||SitrusBerry|FlameBody|Overheat,StruggleBug,RagePowder,Tailwind|||F|||50|,,,,,Grass]Ursaluna-Bloodmoon||LifeOrb|MindsEye|BloodMoon,HyperVoice,EarthPower,Protect|||M|||50|,,,,,Normal]Annihilape||SafetyGoggles|Defiant|CloseCombat,RageFist,Taunt,FinalGambit|||F|||50|,,,,,Fairy]Tyranitar||AssaultVest|SandStream|RockSlide,KnockOff,TeraBlast,LowKick|||M|||50|,,,,,Flying
|showteam|p2|Sneasler||FocusSash|Unburden|DireClaw,CloseCombat,FakeOut,Protect|||M|||50|,,,,,Stellar]Ursaluna-Bloodmoon||AssaultVest|MindsEye|BloodMoon,VacuumWave,EarthPower,HyperVoice|||M|||50|,,,,,Water]Dragonite||LoadedDice|Multiscale|ScaleShot,Tailwind,Haze,Protect|||F|||50|,,,,,Fairy]Gholdengo||LifeOrb|GoodasGold|MakeItRain,ShadowBall,NastyPlot,Protect||||||50|,,,,,Water]Amoonguss||SitrusBerry|Regenerator|PollenPuff,Protect,RagePowder,Spore|||M|||50|,,,,,Water]Incineroar||SafetyGoggles|Intimidate|KnockOff,FlareBlitz,PartingShot,FakeOut|||F|||50|,,,,,Ghost
|inactive|Battle timer is ON: inactive players will automatically lose when time's up. (requested by leonsunp)
|
|t:|1757178563
|teamsize|p1|4
|teamsize|p2|4
|start
|switch|p1a: Volcarona|Volcarona, L50, F|100/100
|switch|p1b: Ursaluna|Ursaluna-Bloodmoon, L50, M|100/100
|switch|p2a: Ursaluna|Ursaluna-Bloodmoon, L50, M|100/100
|switch|p2b: Sneasler|Sneasler, L50, M|100/100
|turn|1
|
|t:|1757178585
|switch|p1b: Indeedee|Indeedee, L50, M|100/100
|-fieldstart|move: Psychic Terrain|[from] ability: Psychic Surge|[of] p1b: Indeedee
|move|p2b: Sneasler|Close Combat|p1b: Indeedee
|-damage|p1b: Indeedee|0 fnt
|-unboost|p2b: Sneasler|def|1
|-unboost|p2b: Sneasler|spd|1
|faint|p1b: Indeedee
|move|p1a: Volcarona|Tailwind|p1a: Volcarona
|-sidestart|p1: leonsunp|move: Tailwind
|move|p2a: Ursaluna|Blood Moon|p1a: Volcarona
|-damage|p1a: Volcarona|33/100
|-enditem|p1a: Volcarona|Sitrus Berry|[eat]
|-heal|p1a: Volcarona|58/100|[from] item: Sitrus Berry
|
|upkeep
|
|t:|1757178602
|switch|p1b: Ursaluna|Ursaluna-Bloodmoon, L50, M|100/100
|turn|2
|inactive|i saw carcosa has 30 seconds left.
|
|t:|1757178627
|switch|p2b: Gholdengo|Gholdengo, L50|100/100
|-terastallize|p1b: Ursaluna|Normal
|-terastallize|p2a: Ursaluna|Water
|move|p1a: Volcarona|Struggle Bug|p2b: Gholdengo|[spread] p2a,p2b
|-resisted|p2b: Gholdengo
|-damage|p2a: Ursaluna|89/100
|-damage|p2b: Gholdengo|96/100
|-unboost|p2a: Ursaluna|spa|1
|-unboost|p2b: Gholdengo|spa|1
|move|p1b: Ursaluna|Hyper Voice|p2a: Ursaluna|[spread] p2a,p2b
|-resisted|p2b: Gholdengo
|-crit|p2b: Gholdengo
|-damage|p2a: Ursaluna|45/100
|-damage|p2b: Gholdengo|40/100
|-damage|p1b: Ursaluna|91/100|[from] item: Life Orb
|move|p2a: Ursaluna|Hyper Voice|p1b: Ursaluna|[spread] p1a,p1b
|-damage|p1a: Volcarona|36/100
|-damage|p1b: Ursaluna|61/100
|
|upkeep
|turn|3
|inactive|i saw carcosa has 30 seconds left.
|
|t:|1757178654
|switch|p1a: Sneasler|Sneasler, L50, F|100/100
|-enditem|p1a: Sneasler|Psychic Seed
|-boost|p1a: Sneasler|spd|1|[from] item: Psychic Seed
|move|p2b: Gholdengo|Protect|p2b: Gholdengo
|-singleturn|p2b: Gholdengo|Protect
|move|p1b: Ursaluna|Hyper Voice|p2a: Ursaluna|[spread] p2a
|-activate|p2b: Gholdengo|move: Protect
|-damage|p2a: Ursaluna|3/100
|-damage|p1b: Ursaluna|51/100|[from] item: Life Orb
|move|p2a: Ursaluna|Hyper Voice|p1a: Sneasler|[spread] p1a,p1b
|-damage|p1a: Sneasler|80/100
|-damage|p1b: Ursaluna|21/100
|
|upkeep
|turn|4
|inactive|leonsunp has 30 seconds left.
|inactive|i saw carcosa has 30 seconds left.
|inactive|leonsunp has 20 seconds left.
|inactive|leonsunp has 15 seconds left.
|
|t:|1757178697
|move|p1a: Sneasler|Dire Claw|p2b: Gholdengo
|-immune|p2b: Gholdengo
|move|p1b: Ursaluna|Hyper Voice|p2a: Ursaluna|[spread] p2a,p2b
|-resisted|p2b: Gholdengo
|-damage|p2a: Ursaluna|0 fnt
|-damage|p2b: Gholdengo|3/100
|faint|p2a: Ursaluna
|-damage|p1b: Ursaluna|12/100|[from] item: Life Orb
|move|p2b: Gholdengo|Make It Rain|p1a: Sneasler|[spread] p1a,p1b
|-damage|p1a: Sneasler|47/100
|-damage|p1b: Ursaluna|0 fnt
|-unboost|p2b: Gholdengo|spa|1
|faint|p1b: Ursaluna
|-damage|p2b: Gholdengo|0 fnt|[from] item: Life Orb
|faint|p2b: Gholdengo
|
|-sideend|p1: leonsunp|move: Tailwind
|upkeep
|
|t:|1757178713
|switch|p2b: Sneasler|Sneasler, L50, M|100/100
|switch|p1b: Volcarona|Volcarona, L50, F|36/100
|switch|p2a: Dragonite|Dragonite, L50, F|100/100
|turn|5
|
|t:|1757178737
|move|p1b: Volcarona|Rage Powder|p1b: Volcarona
|-singleturn|p1b: Volcarona|move: Rage Powder
|move|p1a: Sneasler|Dire Claw|p2a: Dragonite
|-damage|p2a: Dragonite|74/100
|move|p2b: Sneasler|Dire Claw|p1b: Volcarona
|-damage|p1b: Volcarona|0 fnt
|faint|p1b: Volcarona
|move|p2a: Dragonite|Tailwind|p2a: Dragonite
|-sidestart|p2: i saw carcosa|move: Tailwind
|
|-fieldend|move: Psychic Terrain
|upkeep
|turn|6
|
|t:|1757178748
|move|p2b: Sneasler|Dire Claw|p1a: Sneasler
|-resisted|p1a: Sneasler
|-damage|p1a: Sneasler|11/100
|move|p1a: Sneasler|Dire Claw|p2a: Dragonite
|-damage|p2a: Dragonite|25/100
|-status|p2a: Dragonite|psn
|move|p2a: Dragonite|Scale Shot|p1a: Sneasler
|-damage|p1a: Sneasler|0 fnt
|faint|p1a: Sneasler
|-hitcount|p1: Sneasler|1
|
|win|i saw carcosa
|raw|leonsunp's rating: 1304 → 1287(-17 for losing)
|raw|i saw carcosa's rating: 1351 → 1368(+17 for winning)
|c|☆i saw carcosa|gg
|c|☆leonsunp|gg
