|j|☆KodeBeast0526
|j|☆69swagman
|html|KodeBeast052669swagman    
|uhtml|bestof|Game 2 of a best-of-3
|t:|1785116363
|gametype|doubles
|player|p1|KodeBeast0526|sailor|1268
|player|p2|69swagman|1|1163
|gen|9
|tier|[Gen 9 Champions] VGC 2026 Reg M-B (Bo3)
|rated|
|rule|Species Clause: Limit one of each Pokémon
|rule|Item Clause: Limit 1 of each item
|clearpoke
|poke|p1|Staraptor, L50, F, shiny|
|poke|p1|Gholdengo, L50|
|poke|p1|Whimsicott, L50, M, shiny|
|poke|p1|Incineroar, L50, M, shiny|
|poke|p1|Basculegion, L50, M|
|poke|p1|Garchomp, L50, M, shiny|
|poke|p2|Chesnaught, L50, M|
|poke|p2|Sinistcha, L50|
|poke|p2|Hydreigon, L50, M|
|poke|p2|Ceruledge, L50, M|
|poke|p2|Milotic, L50, F|
|poke|p2|Blastoise, L50, M|
|teampreview|4
|showteam|p1|Staraptor||Staraptite|Intimidate|BraveBird,CloseCombat,Tailwind,Protect|Jolly||F|||50|]Gholdengo||Leftovers|GoodasGold|MakeItRain,ShadowBall,NastyPlot,Protect|Modest|||||50|]Whimsicott||FocusSash|Prankster|Moonblast,Tailwind,Encore,FakeTears|Timid||M|||50|]Incineroar||SitrusBerry|Intimidate|DarkestLariat,FlareBlitz,FakeOut,PartingShot|Impish||M|||50|]Basculegion||ChoiceScarf|Adaptability|FlipTurn,WaveCrash,LastRespects,AquaJet|Adamant||M|||50|]Garchomp||LifeOrb|RoughSkin|Earthquake,DragonClaw,RockSlide,Protect|Jolly||M|||50|
|showteam|p2|Chesnaught||Chesnaughtite|Bulletproof|BellyDrum,SeedBomb,DrainPunch,Protect|Relaxed||M|||50|]Sinistcha||SitrusBerry|Hospitality|MatchaGotcha,RagePowder,LifeDew,TrickRoom|Relaxed|||||50|]Hydreigon||ChoiceScarf|Levitate|Snarl,DracoMeteor,HeatWave,DarkPulse|Timid||M|||50|]Ceruledge||ColburBerry|FlashFire|BitterBlade,ShadowSneak,BulkUp,Protect|Adamant||M|||50|]Milotic||Leftovers|Competitive|Coil,Hypnosis,MuddyWater,Protect|Modest||F|||50|]Blastoise||Blastoisinite|Torrent|FakeOut,WaterSpout,DarkPulse,AuraSphere|Quiet||M|||50|
|
|t:|1785116408
|teamsize|p1|4
|teamsize|p2|4
|start
|switch|p1a: Incineroar|Incineroar, L50, M, shiny|100/100
|switch|p1b: Staraptor|Staraptor, L50, F, shiny|100/100
|switch|p2a: Hydreigon|Hydreigon, L50, M|100/100
|switch|p2b: Ceruledge|Ceruledge, L50, M|100/100
|-ability|p1b: Staraptor|Intimidate|boost
|-unboost|p2a: Hydreigon|atk|1
|-unboost|p2b: Ceruledge|atk|1
|-ability|p1a: Incineroar|Intimidate|boost
|-unboost|p2a: Hydreigon|atk|1
|-unboost|p2b: Ceruledge|atk|1
|turn|1
|
|t:|1785116434
|switch|p2b: Milotic|Milotic, L50, F|100/100
|detailschange|p1b: Staraptor|Staraptor-Mega, L50, F, shiny
|-mega|p1b: Staraptor|Staraptor|Staraptite
|move|p2a: Hydreigon|Draco Meteor|p1b: Staraptor
|-crit|p1b: Staraptor
|-damage|p1b: Staraptor|0 fnt
|-unboost|p2a: Hydreigon|spa|2
|faint|p1b: Staraptor
|move|p1a: Incineroar|Darkest Lariat|p2b: Milotic
|-damage|p2b: Milotic|71/100
|
|-heal|p2b: Milotic|77/100|[from] item: Leftovers
|upkeep
|
|t:|1785116446
|switch|p1b: Whimsicott|Whimsicott, L50, M, shiny|100/100
|turn|2
|
|t:|1785116471
|move|p1b: Whimsicott|Tailwind|p1b: Whimsicott
|-sidestart|p1: KodeBeast0526|move: Tailwind
|move|p2a: Hydreigon|Draco Meteor|p1a: Incineroar
|-damage|p1a: Incineroar|67/100
|-unboost|p2a: Hydreigon|spa|2
|move|p1a: Incineroar|Parting Shot|p2a: Hydreigon
|-unboost|p2a: Hydreigon|atk|1
|-unboost|p2a: Hydreigon|spa|1
|
|t:|1785116482
|switch|p1a: Basculegion|Basculegion, L50, M|100/100|[from] Parting Shot
|move|p2b: Milotic|Hypnosis|p1b: Whimsicott|[miss]
|-miss|p2b: Milotic|p1b: Whimsicott
|
|-heal|p2b: Milotic|83/100|[from] item: Leftovers
|upkeep
|turn|3
|
|t:|1785116496
|move|p1a: Basculegion|Flip Turn|p2a: Hydreigon
|-resisted|p2a: Hydreigon|1
|-damage|p2a: Hydreigon|74/100
|
|t:|1785116499
|switch|p1a: Incineroar|Incineroar, L50, M, shiny|67/100|[from] Flip Turn
|-ability|p1a: Incineroar|Intimidate|boost
|-unboost|p2a: Hydreigon|atk|1
|-unboost|p2b: Milotic|atk|1
|-ability|p2b: Milotic|Competitive|boost
|-boost|p2b: Milotic|spa|2
|move|p1b: Whimsicott|Moonblast|p2b: Milotic
|-damage|p2b: Milotic|57/100
|move|p2a: Hydreigon|Draco Meteor|p1a: Incineroar
|-damage|p1a: Incineroar|48/100
|-unboost|p2a: Hydreigon|spa|1
|-enditem|p1a: Incineroar|Sitrus Berry|[eat]
|-heal|p1a: Incineroar|72/100|[from] item: Sitrus Berry
|move|p2b: Milotic|Hypnosis|p1b: Whimsicott
|-status|p1b: Whimsicott|slp|[from] move: Hypnosis
|
|-heal|p2b: Milotic|63/100|[from] item: Leftovers
|upkeep
|turn|4
|
|t:|1785116531
|switch|p2a: Sinistcha|Sinistcha, L50|100/100
|-heal|p2b: Milotic|88/100|[from] ability: Hospitality|[of] p2a: Sinistcha
|move|p1a: Incineroar|Fake Out|p2b: Milotic
|-damage|p2b: Milotic|77/100
|cant|p1b: Whimsicott|slp
|cant|p2b: Milotic|flinch
|
|-heal|p2b: Milotic|83/100|[from] item: Leftovers
|upkeep
|turn|5
|
|t:|1785116550
|-curestatus|p1b: Whimsicott|slp|[msg]
|move|p1b: Whimsicott|Encore|p2b: Milotic
|-start|p2b: Milotic|Encore
|move|p1a: Incineroar|Flare Blitz|p2a: Sinistcha
|-supereffective|p2a: Sinistcha|1
|-damage|p2a: Sinistcha|24/100
|-enditem|p2a: Sinistcha|Sitrus Berry|[eat]
|-heal|p2a: Sinistcha|49/100|[from] item: Sitrus Berry
|-damage|p1a: Incineroar|50/100g|[from] Recoil
|move|p2b: Milotic|Hypnosis|p1b: Whimsicott
|-status|p1b: Whimsicott|slp|[from] move: Hypnosis
|move|p2a: Sinistcha|Life Dew|p2a: Sinistcha|[spread] p2a,p2b
|-heal|p2a: Sinistcha|74/100
|-heal|p2b: Milotic|100/100
|
|-sideend|p1: KodeBeast0526|move: Tailwind
|upkeep
|turn|6
|
|t:|1785116577
|cant|p1b: Whimsicott|slp
|move|p2b: Milotic|Hypnosis|p1a: Incineroar
|-status|p1a: Incineroar|slp|[from] move: Hypnosis
|move|p2a: Sinistcha|Matcha Gotcha|p1b: Whimsicott|[spread] p1a,p1b
|-resisted|p1a: Incineroar|1
|-resisted|p1b: Whimsicott|1
|-damage|p1a: Incineroar|40/100 slp
|-heal|p2a: Sinistcha|80/100|[from] drain|[of] p1a: Incineroar
|-damage|p1b: Whimsicott|81/100 slp
|-heal|p2a: Sinistcha|88/100|[from] drain|[of] p1b: Whimsicott
|cant|p1a: Incineroar|slp
|
|upkeep
|turn|7
|
|t:|1785116604
|-curestatus|p1b: Whimsicott|slp|[msg]
|move|p1b: Whimsicott|Moonblast|p2b: Milotic
|-damage|p2b: Milotic|75/100
|move|p2b: Milotic|Hypnosis|p1b: Whimsicott
|-status|p1b: Whimsicott|slp|[from] move: Hypnosis
|move|p2a: Sinistcha|Matcha Gotcha|p1b: Whimsicott|[spread] p1b
|-miss|p2a: Sinistcha|p1a: Incineroar
|-resisted|p1b: Whimsicott|1
|-damage|p1b: Whimsicott|60/100 slp
|-heal|p2a: Sinistcha|96/100|[from] drain|[of] p1b: Whimsicott
|cant|p1a: Incineroar|slp
|
|-heal|p2b: Milotic|81/100|[from] item: Leftovers
|-end|p2b: Milotic|Encore
|upkeep
|turn|8
|
|t:|1785116623
|cant|p1b: Whimsicott|slp
|move|p2b: Milotic|Muddy Water|p1a: Incineroar|[spread] p1a,p1b
|-supereffective|p1a: Incineroar|1
|-resisted|p1b: Whimsicott|1
|-damage|p1a: Incineroar|0 fnt
|-damage|p1b: Whimsicott|17/100 slp
|faint|p1a: Incineroar
|move|p2a: Sinistcha|Matcha Gotcha|p1b: Whimsicott
|-resisted|p1b: Whimsicott|1
|-damage|p1b: Whimsicott|0 fnt
|-heal|p2a: Sinistcha|100/100|[from] drain|[of] p1b: Whimsicott
|faint|p1b: Whimsicott
|
|-heal|p2b: Milotic|87/100|[from] item: Leftovers
|upkeep
|
|t:|1785116637
|switch|p1b: Basculegion|Basculegion, L50, M|100/100
|turn|9
|
|t:|1785116646
|move|p1b: Basculegion|Last Respects|p2a: Sinistcha
|-supereffective|p2a: Sinistcha|1
|-damage|p2a: Sinistcha|0 fnt
|faint|p2a: Sinistcha
|move|p2b: Milotic|Hypnosis|p1b: Basculegion
|-status|p1b: Basculegion|slp|[from] move: Hypnosis
|
|-heal|p2b: Milotic|93/100|[from] item: Leftovers
|upkeep
|inactive|Battle timer is ON: inactive players will automatically lose when time's up. (requested by KodeBeast0526)
|
|t:|1785116654
|switch|p2a: Hydreigon|Hydreigon, L50, M|74/100
|turn|10
|
|t:|1785116662
|move|p2a: Hydreigon|Dark Pulse|p1b: Basculegion
|-supereffective|p1b: Basculegion|1
|-damage|p1b: Basculegion|2/100 slp
|cant|p1b: Basculegion|slp
|move|p2b: Milotic|Muddy Water|p1b: Basculegion
|-resisted|p1b: Basculegion|1
|-damage|p1b: Basculegion|0 fnt
|faint|p1b: Basculegion
|
|win|69swagman
