|j|☆ctg01
|j|☆PITOU ET TIGROU
|html|ctg01PITOU ET TIGROU    
|uhtml|bestof|Game 2 of a best-of-3
|t:|1783266044
|gametype|doubles
|player|p1|ctg01|blue|1109
|player|p2|PITOU ET TIGROU|cynthia-gen4|1000
|gen|9
|tier|[Gen 9 Champions] VGC 2026 Reg M-B (Bo3)
|rated|
|rule|Species Clause: Limit one of each Pokémon
|rule|Item Clause: Limit 1 of each item
|clearpoke
|poke|p1|Charizard, L50, M|
|poke|p1|Staraptor, L50, F|
|poke|p1|Garchomp, L50, M|
|poke|p1|Basculegion, L50, M|
|poke|p1|Whimsicott, L50, F|
|poke|p1|Kingambit, L50, M, shiny|
|poke|p2|Raichu, L50, F|
|poke|p2|Jolteon, L50, M|
|poke|p2|Archaludon, L50, F|
|poke|p2|Pelipper, L50, F|
|poke|p2|Basculegion, L50, M|
|poke|p2|Swampert, L50, M|
|teampreview|4
|showteam|p1|Charizard||CharizarditeY|Blaze|HeatWave,Overheat,SolarBeam,Protect|Timid||M|||50|]Staraptor||Staraptite|Intimidate|CloseCombat,BraveBird,Roost,Protect|Jolly||F|||50|]Garchomp||LifeOrb|RoughSkin|DragonClaw,Earthquake,RockSlide,Protect|Jolly||M|||50|]Basculegion||ChoiceScarf|Adaptability|WaveCrash,LastRespects,FlipTurn,AquaJet|Jolly||M|||50|]Whimsicott||FocusSash|Prankster|Moonblast,Charm,Tailwind,Encore|Timid||F|||50|]Kingambit||ChopleBerry|Defiant|KowtowCleave,SuckerPunch,IronHead,Protect|Adamant||M|||50|
|showteam|p2|Raichu||RaichuniteX|Static|RisingVoltage,FakeOut,GrassKnot,Nuzzle|Hasty||F|||50|]Jolteon||LifeOrb|QuickFeet|RisingVoltage,VoltSwitch,ShadowBall,Electroweb|Timid||M|||50|]Archaludon||Magnet|Sturdy|ElectroShot,DracoMeteor,SteelBeam,Protect|Timid||F|||50|]Pelipper||SitrusBerry|Drizzle|WeatherBall,Tailwind,Hurricane,WideGuard|Modest||F|||50|]Basculegion||ChoiceScarf|Adaptability|LastRespects,AquaJet,WaveCrash,FlipTurn|Jolly||M|||50|]Swampert||Swampertite|Damp|Earthquake,WaveCrash,IcePunch,Protect|Adamant||M|||50|
|inactive|Battle timer is ON: inactive players will automatically lose when time's up. (requested by PITOU ET TIGROU)
|inactive|ctg01 also wants the timer to be on.
|inactive|ctg01 has 60 seconds left.
|
|t:|1783266084
|teamsize|p1|4
|teamsize|p2|4
|start
|switch|p1a: Basculegion|Basculegion, L50, M|100/100
|switch|p1b: Staraptor|Staraptor, L50, F|100/100
|switch|p2a: Pelipper|Pelipper, L50, F|100/100
|switch|p2b: Basculegion|Basculegion, L50, M|100/100
|-ability|p1b: Staraptor|Intimidate|boost
|-unboost|p2a: Pelipper|atk|1
|-unboost|p2b: Basculegion|atk|1
|-weather|RainDance|[from] ability: Drizzle|[of] p2a: Pelipper
|turn|1
|
|t:|1783266106
|detailschange|p1b: Staraptor|Staraptor-Mega, L50, F
|-mega|p1b: Staraptor|Staraptor|Staraptite
|move|p2b: Basculegion|Flip Turn|p1b: Staraptor
|-damage|p1b: Staraptor|63/100
|
|t:|1783266111
|switch|p2b: Jolteon|Jolteon, L50, M|100/100|[from] Flip Turn
|move|p1a: Basculegion|Last Respects|p2b: Jolteon
|-damage|p2b: Jolteon|36/100
|move|p1b: Staraptor|Close Combat|p2a: Pelipper
|-resisted|p2a: Pelipper|1
|-damage|p2a: Pelipper|71/100
|-boost|p1b: Staraptor|def|1
|-boost|p1b: Staraptor|spd|1
|move|p2a: Pelipper|Tailwind|p2a: Pelipper
|-sidestart|p2: PITOU ET TIGROU|move: Tailwind
|
|-weather|RainDance|[upkeep]
|upkeep
|turn|2
|inactive|PITOU ET TIGROU has 30 seconds left.
|
|t:|1783266139
|move|p1b: Staraptor|Protect|p1b: Staraptor
|-singleturn|p1b: Staraptor|Protect
|move|p2b: Jolteon|Volt Switch|p1a: Basculegion
|-supereffective|p1a: Basculegion|1
|-damage|p1a: Basculegion|5/100
|-damage|p2b: Jolteon|26/100|[from] item: Life Orb
|
|t:|1783266146
|switch|p2b: Basculegion|Basculegion, L50, M|100/100|[from] Volt Switch
|move|p1a: Basculegion|Last Respects|p2b: Basculegion
|-supereffective|p2b: Basculegion|1
|-damage|p2b: Basculegion|10/100
|move|p2a: Pelipper|Hurricane|p1b: Staraptor
|-activate|p1b: Staraptor|move: Protect
|
|-weather|RainDance|[upkeep]
|upkeep
|turn|3
|
|t:|1783266167
|switch|p1b: Garchomp|Garchomp, L50, M|100/100
|move|p2b: Basculegion|Flip Turn|p1a: Basculegion
|-resisted|p1a: Basculegion|1
|-damage|p1a: Basculegion|0 fnt
|faint|p1a: Basculegion
|
|t:|1783266173
|switch|p2b: Jolteon|Jolteon, L50, M|26/100|[from] Flip Turn
|move|p2a: Pelipper|Hurricane|p1b: Garchomp
|-damage|p1b: Garchomp|42/100
|
|-weather|RainDance|[upkeep]
|upkeep
|
|t:|1783266176
|switch|p1a: Whimsicott|Whimsicott, L50, F|100/100
|turn|4
|
|t:|1783266194
|move|p1a: Whimsicott|Tailwind|p1a: Whimsicott
|-sidestart|p1: ctg01|move: Tailwind
|move|p2b: Jolteon|Shadow Ball|p1a: Whimsicott
|-damage|p1a: Whimsicott|42/100
|-damage|p2b: Jolteon|16/100|[from] item: Life Orb
|move|p1b: Garchomp|Dragon Claw|p2b: Jolteon
|-damage|p2b: Jolteon|0 fnt
|faint|p2b: Jolteon
|-damage|p1b: Garchomp|32/100|[from] item: Life Orb
|move|p2a: Pelipper|Weather Ball|p1b: Garchomp
|-damage|p1b: Garchomp|0 fnt
|faint|p1b: Garchomp
|
|-weather|RainDance|[upkeep]
|-sideend|p2: PITOU ET TIGROU|move: Tailwind
|upkeep
|l|☆PITOU ET TIGROU
|inactive|PITOU ET TIGROU disconnected and has a minute to reconnect!
|player|p2|
|inactive|ctg01 no longer wants the timer on, but the timer is staying on because pitouettigrou still does.
|inactive|PITOU ET TIGROU has 30 seconds left.
|inactive|PITOU ET TIGROU has 20 seconds left.
|inactive|PITOU ET TIGROU has 15 seconds left.
|inactive|PITOU ET TIGROU has 10 seconds left.
|inactive|PITOU ET TIGROU has 5 seconds left.
|j|☆PITOU ET TIGROU
|inactive|PITOU ET TIGROU reconnected and has 5 seconds left.
|player|p2|PITOU ET TIGROU|cynthia-gen4|
|n|☆PITOU ET TIGROU|pitouettigrou
|
|t:|1783266249
|switch|p2b: Raichu|Raichu, L50, F|100/100
|switch|p1b: Staraptor|Staraptor-Mega, L50, F|63/100
|turn|5
|
|t:|1783266267
|detailschange|p2b: Raichu|Raichu-Mega-X, L50, F
|-mega|p2b: Raichu|Raichu|Raichunite X
|-fieldstart|move: Electric Terrain|[from] ability: Electric Surge|[of] p2b: Raichu
|move|p2b: Raichu|Fake Out|p1a: Whimsicott
|-damage|p1a: Whimsicott|23/100
|cant|p1a: Whimsicott|flinch
|move|p1b: Staraptor|Close Combat|p2b: Raichu
|-damage|p2b: Raichu|15/100
|-boost|p1b: Staraptor|def|1
|-boost|p1b: Staraptor|spd|1
|move|p2a: Pelipper|Hurricane|p1b: Staraptor
|-supereffective|p1b: Staraptor|1
|-crit|p1b: Staraptor
|-damage|p1b: Staraptor|0 fnt
|faint|p1b: Staraptor
|
|-weather|none
|upkeep
|turn|6
|c|☆ctg01|noooo
|c|☆ctg01|F crit
|c|☆ctg01|gg2
|-message|ctg01 forfeited.
|
|win|PITOU ET TIGROU
