|j|☆monsoonisbest
|j|☆jirkunow
|html|monsoonisbestjirkunow    
|uhtml|bestof|Game 1 of a best-of-3
|t:|1784821839
|gametype|doubles
|player|p1|monsoonisbest|170|1228
|player|p2|jirkunow|dancer|1167
|gen|9
|tier|[Gen 9 Champions] VGC 2026 Reg M-B (Bo3)
|rated|
|rule|Species Clause: Limit one of each Pokémon
|rule|Item Clause: Limit 1 of each item
|clearpoke
|poke|p1|Gengar, L50, F|
|poke|p1|Swampert, L50, M|
|poke|p1|Incineroar, L50, M|
|poke|p1|Politoed, L50, M|
|poke|p1|Archaludon, L50, M|
|poke|p1|Vivillon-Monsoon, L50, F|
|poke|p2|Pelipper, L50, M|
|poke|p2|Charizard, L50, M|
|poke|p2|Basculegion, L50, M|
|poke|p2|Archaludon, L50, F|
|poke|p2|Kingambit, L50, F|
|poke|p2|Venusaur, L50, M|
|teampreview|4
|showteam|p1|Gengar||Gengarite|CursedBody|ShadowBall,PerishSong,SludgeBomb,Protect|Timid||F|||50|]Swampert||Swampertite|Damp|WaveCrash,Earthquake,IcePunch,Protect|Adamant||M|||50|]Incineroar||PasshoBerry|Intimidate|ThroatChop,PartingShot,FakeOut,Protect|Sassy||M|||50|]Politoed||SitrusBerry|Drizzle|WeatherBall,PerishSong,Encore,Protect|Calm||M|||50|]Archaludon||Leftovers|Stamina|DragonPulse,FlashCannon,ElectroShot,Protect|Bold||M|||50|]Vivillon-Monsoon||FocusSash|CompoundEyes|Hurricane,SleepPowder,RagePowder,Protect|Timid||F|||50|
|showteam|p2|Pelipper||SitrusBerry|Drizzle|Hurricane,WideGuard,Tailwind,WeatherBall|Modest||M|||50|]Charizard||CharizarditeY|SolarPower|HeatWave,WeatherBall,Protect,SolarBeam|Timid||M|||50|]Basculegion||ChoiceScarf|Adaptability|FlipTurn,AquaJet,WaveCrash,LastRespects|Jolly||M|||50|]Archaludon||Leftovers|Stamina|ElectroShot,DragonPulse,SteelBeam,Protect|Modest||F|||50|]Kingambit||BlackGlasses|Defiant|SuckerPunch,KowtowCleave,LowKick,Protect|Adamant||F|||50|]Venusaur||FocusSash|Chlorophyll|SleepPowder,EarthPower,SludgeBomb,Protect|Modest||M|||50|
|
|t:|1784821876
|teamsize|p1|4
|teamsize|p2|4
|start
|switch|p1a: Vivillon|Vivillon-Monsoon, L50, F|100/100
|switch|p1b: Gengar|Gengar, L50, F|100/100
|switch|p2a: Charizard|Charizard, L50, M|100/100
|switch|p2b: Archaludon|Archaludon, L50, F|100/100
|turn|1
|
|t:|1784821904
|switch|p2a: Pelipper|Pelipper, L50, M|100/100
|-weather|RainDance|[from] ability: Drizzle|[of] p2a: Pelipper
|detailschange|p1b: Gengar|Gengar-Mega, L50, F
|-mega|p1b: Gengar|Gengar|Gengarite
|move|p1b: Gengar|Perish Song|p1b: Gengar
|-start|p1a: Vivillon|perish3|[silent]
|-start|p1b: Gengar|perish3|[silent]
|-start|p2a: Pelipper|perish3|[silent]
|-start|p2b: Archaludon|perish3|[silent]
|-fieldactivate|move: Perish Song
|move|p1a: Vivillon|Sleep Powder|p2b: Archaludon
|-status|p2b: Archaludon|slp|[from] move: Sleep Powder
|cant|p2b: Archaludon|slp
|
|-weather|RainDance|[upkeep]
|-start|p1b: Gengar|perish3
|-start|p1a: Vivillon|perish3
|-start|p2b: Archaludon|perish3
|-start|p2a: Pelipper|perish3
|upkeep
|turn|2
|
|t:|1784821924
|switch|p1a: Incineroar|Incineroar, L50, M|100/100
|-ability|p1a: Incineroar|Intimidate|boost
|-unboost|p2a: Pelipper|atk|1
|-unboost|p2b: Archaludon|atk|1
|move|p1b: Gengar|Protect|p1b: Gengar
|-singleturn|p1b: Gengar|Protect
|-curestatus|p2b: Archaludon|slp|[msg]
|move|p2b: Archaludon|Electro Shot||[still]
|-prepare|p2b: Archaludon|Electro Shot
|-boost|p2b: Archaludon|spa|1
|-anim|p2b: Archaludon|Electro Shot|p1a: Incineroar
|-damage|p1a: Incineroar|51/100
|move|p2a: Pelipper|Tailwind|p2a: Pelipper
|-sidestart|p2: jirkunow|move: Tailwind
|
|-weather|RainDance|[upkeep]
|-start|p2b: Archaludon|perish2
|-start|p1b: Gengar|perish2
|-start|p2a: Pelipper|perish2
|upkeep
|turn|3
|
|t:|1784821950
|switch|p1b: Politoed|Politoed, L50, M|100/100
|move|p2b: Archaludon|Electro Shot||[still]
|-prepare|p2b: Archaludon|Electro Shot
|-boost|p2b: Archaludon|spa|1
|-anim|p2b: Archaludon|Electro Shot|p1b: Politoed
|-supereffective|p1b: Politoed|1
|-damage|p1b: Politoed|0 fnt
|faint|p1b: Politoed
|move|p2a: Pelipper|Weather Ball|p1a: Incineroar
|-supereffective|p1a: Incineroar|1
|-enditem|p1a: Incineroar|Passho Berry|[eat]
|-enditem|p1a: Incineroar|Passho Berry|[weaken]
|-damage|p1a: Incineroar|0 fnt
|faint|p1a: Incineroar
|
|-weather|RainDance|[upkeep]
|-start|p2b: Archaludon|perish1
|-start|p2a: Pelipper|perish1
|upkeep
|
|t:|1784821957
|switch|p1b: Gengar|Gengar-Mega, L50, F|100/100
|switch|p1a: Vivillon|Vivillon-Monsoon, L50, F|100/100
|turn|4
|
|t:|1784821973
|move|p1b: Gengar|Protect|p1b: Gengar
|-singleturn|p1b: Gengar|Protect
|move|p1a: Vivillon|Protect|p1a: Vivillon
|-singleturn|p1a: Vivillon|Protect
|move|p2b: Archaludon|Electro Shot||[still]
|-prepare|p2b: Archaludon|Electro Shot
|-boost|p2b: Archaludon|spa|1
|-anim|p2b: Archaludon|Electro Shot|p1b: Gengar
|-activate|p1b: Gengar|move: Protect
|move|p2a: Pelipper|Hurricane|p1a: Vivillon
|-activate|p1a: Vivillon|move: Protect
|
|-weather|RainDance|[upkeep]
|-start|p2b: Archaludon|perish0
|-start|p2a: Pelipper|perish0
|faint|p2b: Archaludon
|faint|p2a: Pelipper
|upkeep
|
|t:|1784821977
|switch|p2b: Venusaur|Venusaur, L50, M|100/100
|switch|p2a: Charizard|Charizard, L50, M|100/100
|turn|5
|
|t:|1784821990
|detailschange|p2a: Charizard|Charizard-Mega-Y, L50, M
|-mega|p2a: Charizard|Charizard|Charizardite Y
|-weather|SunnyDay|[from] ability: Drought|[of] p2a: Charizard
|move|p2b: Venusaur|Earth Power|p1b: Gengar
|-supereffective|p1b: Gengar|1
|-damage|p1b: Gengar|41/100
|move|p2a: Charizard|Heat Wave|p1b: Gengar|[spread] p1a,p1b
|-supereffective|p1a: Vivillon|1
|-enditem|p1a: Vivillon|Focus Sash
|-damage|p1a: Vivillon|1/100
|-damage|p1b: Gengar|0 fnt
|-status|p1a: Vivillon|brn
|faint|p1b: Gengar
|move|p1a: Vivillon|Hurricane|p2b: Venusaur|[miss]
|-miss|p1a: Vivillon|p2b: Venusaur
|
|-weather|SunnyDay|[upkeep]
|-damage|p1a: Vivillon|0 fnt|[from] brn
|faint|p1a: Vivillon
|
|win|jirkunow
