|j|☆cubox11n
|j|☆wait for swarley
|html|cubox11nwait for swarley    
|uhtml|bestof|Game 1 of a best-of-3
|t:|1757680643
|gametype|doubles
|player|p1|cubox11n|170|1379
|player|p2|wait for swarley|volo|1343
|gen|9
|tier|[Gen 9] VGC 2025 Reg H (Bo3)
|rated|
|rule|Species Clause: Limit one of each Pokémon
|rule|Item Clause: Limit 1 of each item
|clearpoke
|poke|p1|Tyranitar, L50, F|
|poke|p1|Garchomp, L50, F|
|poke|p1|Basculegion, L50, M|
|poke|p1|Volcarona, L50, F|
|poke|p1|Amoonguss, L50, M|
|poke|p1|Grimmsnarl, L50, M|
|poke|p2|Dachsbun, L50, M|
|poke|p2|Torkoal, L50, M|
|poke|p2|Typhlosion-Hisui, L50, M|
|poke|p2|Kingambit, L50, M|
|poke|p2|Rillaboom, L50, F|
|poke|p2|Zoroark-Hisui, L50, F|
|teampreview|4
|showteam|p1|Tyranitar||AssaultVest|SandStream|LowKick,TeraBlast,RockSlide,KnockOff|||F|||50|,,,,,Flying]Garchomp||BrightPowder|SandVeil|StompingTantrum,DragonClaw,SwordsDance,Protect|||F|||50|,,,,,Poison]Basculegion||ChoiceScarf|Adaptability|LastRespects,WaveCrash,FlipTurn,AquaJet|||M|||50|,,,,,Water]Volcarona||Leftovers|FlameBody|HeatWave,GigaDrain,QuiverDance,Protect|||F|||50|,,,,,Grass]Amoonguss||SitrusBerry|Regenerator|Spore,RagePowder,LeafStorm,ClearSmog|||M|||50|,,,,,Steel]Grimmsnarl||LightClay|Prankster|ThunderWave,LightScreen,Reflect,SpiritBreak|||M|||50|,,,,,Water
|showteam|p2|Dachsbun||Leftovers|WellBakedBody|BodyPress,Snarl,Rest,Yawn|||M|||50|,,,,,Steel]Torkoal||SitrusBerry|Drought|WeatherBall,Eruption,LavaPlume,Protect|||M|||50|,,,,,Fire]Typhlosion-Hisui||ChoiceScarf|Blaze|Eruption,ShadowBall,LavaPlume,Overheat|||M|||50|,,,,,Dark]Kingambit||BlackGlasses|Defiant|SuckerPunch,Assurance,Protect,SwordsDance|||M|||50|,,,,,Dark]Rillaboom||AssaultVest|GrassySurge|FakeOut,GrassyGlide,WoodHammer,Uturn|||F|||50|,,,,,Grass]Zoroark-Hisui||ChoiceSpecs|Illusion|IcyWind,BitterMalice,HyperVoice,HyperBeam|||F|||50|,,,,,Normal
|inactive|Battle timer is ON: inactive players will automatically lose when time's up. (requested by wait for swarley)
|
|t:|1757680680
|teamsize|p1|4
|teamsize|p2|4
|start
|switch|p1a: Grimmsnarl|Grimmsnarl, L50, M, shiny|100/100
|switch|p1b: Volcarona|Volcarona, L50, F|100/100
|switch|p2a: Typhlosion|Typhlosion-Hisui, L50, M|100/100
|switch|p2b: Rillaboom|Rillaboom, L50, F, shiny|100/100
|-fieldstart|move: Grassy Terrain|[from] ability: Grassy Surge|[of] p2b: Rillaboom
|turn|1
|
|t:|1757680694
|switch|p2b: Dachsbun|Dachsbun, L50, M, shiny|100/100
|move|p1a: Grimmsnarl|Light Screen|p1a: Grimmsnarl
|-sidestart|p1: cubox11n|move: Light Screen
|move|p2a: Typhlosion|Lava Plume|p1b: Volcarona|[spread] p1a,p1b
|-ability|p2b: Dachsbun|Well-Baked Body|boost
|-boost|p2b: Dachsbun|def|2
|-damage|p1a: Grimmsnarl|79/100
|-damage|p1b: Volcarona|82/100
|move|p1b: Volcarona|Quiver Dance|p1b: Volcarona
|-boost|p1b: Volcarona|spa|1
|-boost|p1b: Volcarona|spd|1
|-boost|p1b: Volcarona|spe|1
|
|-heal|p1b: Volcarona|88/100|[from] Grassy Terrain
|-heal|p1b: Volcarona|94/100|[from] item: Leftovers
|-heal|p1a: Grimmsnarl|85/100|[from] Grassy Terrain
|upkeep
|turn|2
|
|t:|1757680714
|-terastallize|p2b: Dachsbun|Steel
|move|p2a: Typhlosion|Lava Plume|p1b: Volcarona|[spread] p1a,p1b
|-ability|p2b: Dachsbun|Well-Baked Body|boost
|-boost|p2b: Dachsbun|def|2
|-damage|p1a: Grimmsnarl|64/100
|-damage|p1b: Volcarona|81/100
|-status|p1a: Grimmsnarl|brn
|move|p1b: Volcarona|Quiver Dance|p1b: Volcarona
|-boost|p1b: Volcarona|spa|1
|-boost|p1b: Volcarona|spd|1
|-boost|p1b: Volcarona|spe|1
|move|p2b: Dachsbun|Yawn|p1b: Volcarona
|-start|p1b: Volcarona|move: Yawn|[of] p2b: Dachsbun
|move|p1a: Grimmsnarl|Spirit Break|p2a: Typhlosion
|-resisted|p2a: Typhlosion
|-damage|p2a: Typhlosion|90/100
|-unboost|p2a: Typhlosion|spa|1
|
|-heal|p1b: Volcarona|87/100|[from] Grassy Terrain
|-heal|p1b: Volcarona|93/100|[from] item: Leftovers
|-heal|p2a: Typhlosion|96/100|[from] Grassy Terrain
|-heal|p1a: Grimmsnarl|70/100 brn|[from] Grassy Terrain
|-damage|p1a: Grimmsnarl|64/100 brn|[from] brn
|upkeep
|turn|3
|
|t:|1757680731
|move|p1a: Grimmsnarl|Reflect|p1a: Grimmsnarl
|-sidestart|p1: cubox11n|Reflect
|move|p1b: Volcarona|Heat Wave|p2b: Dachsbun|[spread] 
|-ability|p2b: Dachsbun|Well-Baked Body|boost
|-boost|p2b: Dachsbun|def|2
|-miss|p1b: Volcarona|p2a: Typhlosion
|move|p2a: Typhlosion|Lava Plume|p1a: Grimmsnarl|[spread] p1a,p1b
|-immune|p2b: Dachsbun|[from] ability: Well-Baked Body
|-damage|p1a: Grimmsnarl|50/100 brn
|-damage|p1b: Volcarona|86/100
|move|p2b: Dachsbun|Body Press|p1a: Grimmsnarl
|-damage|p1a: Grimmsnarl|0 fnt
|faint|p1a: Grimmsnarl
|
|-heal|p1b: Volcarona|93/100|[from] Grassy Terrain
|-heal|p1b: Volcarona|99/100|[from] item: Leftovers
|-heal|p2a: Typhlosion|100/100|[from] Grassy Terrain
|-end|p1b: Volcarona|move: Yawn|[silent]
|-status|p1b: Volcarona|slp
|upkeep
|
|t:|1757680739
|switch|p1a: Garchomp|Garchomp, L50, F|100/100
|turn|4
|
|t:|1757680758
|switch|p2a: Torkoal|Torkoal, L50, M|100/100
|-weather|SunnyDay|[from] ability: Drought|[of] p2a: Torkoal
|cant|p1b: Volcarona|slp
|move|p1a: Garchomp|Stomping Tantrum|p2b: Dachsbun
|-supereffective|p2b: Dachsbun
|-damage|p2b: Dachsbun|85/100
|move|p2b: Dachsbun|Body Press|p1a: Garchomp
|-damage|p1a: Garchomp|39/100
|
|-weather|SunnyDay|[upkeep]
|-heal|p1b: Volcarona|100/100 slp|[from] Grassy Terrain
|-heal|p1a: Garchomp|45/100|[from] Grassy Terrain
|-heal|p2b: Dachsbun|92/100|[from] Grassy Terrain
|-heal|p2b: Dachsbun|98/100|[from] item: Leftovers
|upkeep
|turn|5
|
|t:|1757680776
|-curestatus|p1b: Volcarona|slp|[msg]
|move|p1b: Volcarona|Giga Drain|p2b: Dachsbun
|-resisted|p2b: Dachsbun
|-damage|p2b: Dachsbun|57/100
|move|p1a: Garchomp|Stomping Tantrum|p2b: Dachsbun
|-supereffective|p2b: Dachsbun
|-damage|p2b: Dachsbun|45/100
|move|p2b: Dachsbun|Body Press|p1a: Garchomp
|-damage|p1a: Garchomp|0 fnt
|faint|p1a: Garchomp
|move|p2a: Torkoal|Lava Plume|p1b: Volcarona|[spread] p1b
|-immune|p2b: Dachsbun|[from] ability: Well-Baked Body
|-damage|p1b: Volcarona|90/100
|
|-weather|SunnyDay|[upkeep]
|-heal|p1b: Volcarona|96/100|[from] Grassy Terrain
|-heal|p1b: Volcarona|100/100|[from] item: Leftovers
|-heal|p2b: Dachsbun|51/100|[from] Grassy Terrain
|-heal|p2b: Dachsbun|57/100|[from] item: Leftovers
|-fieldend|move: Grassy Terrain
|upkeep
|
|t:|1757680778
|switch|p1a: Tyranitar|Tyranitar, L50, F|100/100
|-weather|Sandstorm|[from] ability: Sand Stream|[of] p1a: Tyranitar
|turn|6
|
|t:|1757680803
|switch|p2a: Rillaboom|Rillaboom, L50, F, shiny|100/100
|-fieldstart|move: Grassy Terrain|[from] ability: Grassy Surge|[of] p2a: Rillaboom
|-terastallize|p1a: Tyranitar|Flying
|move|p1b: Volcarona|Giga Drain|p2b: Dachsbun
|-resisted|p2b: Dachsbun
|-damage|p2b: Dachsbun|13/100
|move|p2b: Dachsbun|Body Press|p1a: Tyranitar
|-resisted|p1a: Tyranitar
|-damage|p1a: Tyranitar|72/100
|move|p1a: Tyranitar|Rock Slide|p2b: Dachsbun|[spread] p2a,p2b
|-resisted|p2b: Dachsbun
|-damage|p2a: Rillaboom|73/100
|-damage|p2b: Dachsbun|10/100
|
|-weather|Sandstorm|[upkeep]
|-damage|p1b: Volcarona|94/100|[from] Sandstorm
|-damage|p2a: Rillaboom|67/100|[from] Sandstorm
|-damage|p1a: Tyranitar|66/100|[from] Sandstorm
|-heal|p1b: Volcarona|100/100|[from] Grassy Terrain
|-heal|p2b: Dachsbun|17/100|[from] Grassy Terrain
|-heal|p2b: Dachsbun|23/100|[from] item: Leftovers
|-heal|p2a: Rillaboom|73/100|[from] Grassy Terrain
|upkeep
|turn|7
|inactive|wait for swarley has 30 seconds left.
|inactive|cubox11n has 30 seconds left.
|
|t:|1757680835
|move|p1b: Volcarona|Protect|p1b: Volcarona
|-singleturn|p1b: Volcarona|Protect
|move|p2a: Rillaboom|Fake Out|p1b: Volcarona
|-activate|p1b: Volcarona|move: Protect
|move|p2b: Dachsbun|Yawn|p1b: Volcarona
|-activate|p1b: Volcarona|move: Protect
|move|p1a: Tyranitar|Tera Blast|p2a: Rillaboom|[anim] Tera Blast Flying
|-supereffective|p2a: Rillaboom
|-damage|p2a: Rillaboom|0 fnt
|faint|p2a: Rillaboom
|
|-weather|Sandstorm|[upkeep]
|-damage|p1b: Volcarona|94/100|[from] Sandstorm
|-damage|p1a: Tyranitar|60/100|[from] Sandstorm
|-heal|p1b: Volcarona|100/100|[from] Grassy Terrain
|-heal|p2b: Dachsbun|29/100|[from] Grassy Terrain
|-heal|p2b: Dachsbun|35/100|[from] item: Leftovers
|upkeep
|
|t:|1757680847
|switch|p2a: Torkoal|Torkoal, L50, M|100/100
|-weather|SunnyDay|[from] ability: Drought|[of] p2a: Torkoal
|turn|8
|
|t:|1757680851
|move|p1b: Volcarona|Giga Drain|p2b: Dachsbun
|-resisted|p2b: Dachsbun
|-damage|p2b: Dachsbun|0 fnt
|faint|p2b: Dachsbun
|move|p1a: Tyranitar|Rock Slide|p2a: Torkoal
|-supereffective|p2a: Torkoal
|-damage|p2a: Torkoal|39/100
|-enditem|p2a: Torkoal|Sitrus Berry|[eat]
|-heal|p2a: Torkoal|64/100|[from] item: Sitrus Berry
|cant|p2a: Torkoal|flinch
|
|-weather|SunnyDay|[upkeep]
|-heal|p2a: Torkoal|71/100|[from] Grassy Terrain
|-sideend|p1: cubox11n|move: Light Screen
|upkeep
|
|t:|1757680861
|switch|p2b: Typhlosion|Typhlosion-Hisui, L50, M|100/100
|turn|9
|
|t:|1757680876
|move|p1b: Volcarona|Quiver Dance|p1b: Volcarona
|-boost|p1b: Volcarona|spa|1
|-boost|p1b: Volcarona|spd|1
|-boost|p1b: Volcarona|spe|1
|move|p2b: Typhlosion|Overheat|p1b: Volcarona
|-damage|p1b: Volcarona|60/100
|-unboost|p2b: Typhlosion|spa|2
|move|p1a: Tyranitar|Rock Slide|p2b: Typhlosion|[spread] p2a,p2b
|-supereffective|p2a: Torkoal
|-supereffective|p2b: Typhlosion
|-damage|p2a: Torkoal|22/100
|-damage|p2b: Typhlosion|20/100
|cant|p2a: Torkoal|flinch
|
|-weather|SunnyDay|[upkeep]
|-heal|p1b: Volcarona|66/100|[from] Grassy Terrain
|-heal|p1b: Volcarona|72/100|[from] item: Leftovers
|-heal|p2b: Typhlosion|27/100|[from] Grassy Terrain
|-heal|p2a: Torkoal|28/100|[from] Grassy Terrain
|upkeep
|turn|10
|-message|wait for swarley forfeited.
|
|win|cubox11n
|l|☆wait for swarley
|player|p2|
||wait for swarley is ready for game 2.
||cubox11n is ready for game 2.
|uhtml|next|Next: Game 2 of 3
