|j|☆Harbinger Aegis
|j|☆chungoc
|html|Harbinger Aegischungoc    
|uhtml|bestof|Game 2 of a best-of-3
|t:|1785030642
|gametype|doubles
|player|p1|Harbinger Aegis|102|1162
|player|p2|chungoc|birdkeeper|1159
|gen|9
|tier|[Gen 9 Champions] VGC 2026 Reg M-B (Bo3)
|rated|
|rule|Species Clause: Limit one of each Pokémon
|rule|Item Clause: Limit 1 of each item
|clearpoke
|poke|p1|Garchomp, L50, F|
|poke|p1|Whimsicott, L50, F|
|poke|p1|Incineroar, L50, M|
|poke|p1|Basculegion, L50, M|
|poke|p1|Charizard, L50, M|
|poke|p1|Sylveon, L50, F|
|poke|p2|Tyranitar, L50, M, shiny|
|poke|p2|Whimsicott, L50, F|
|poke|p2|Excadrill, L50, M|
|poke|p2|Rotom-Wash, L50|
|poke|p2|Hydreigon, L50, M|
|poke|p2|Delphox, L50, F|
|teampreview|4
|showteam|p1|Garchomp||LifeOrb|RoughSkin|Earthquake,DragonClaw,RockSlide,Protect|Jolly||F|||50|]Whimsicott||FocusSash|Prankster|Moonblast,Tailwind,Encore,Protect|Timid||F|||50|]Incineroar||SitrusBerry|Intimidate|FlareBlitz,DarkestLariat,FakeOut,PartingShot|Careful||M|||50|]Basculegion||MysticWater|Adaptability|WaveCrash,LastRespects,AquaJet,Protect|Adamant||M|||50|]Charizard||CharizarditeY|Blaze|HeatWave,WeatherBall,SolarBeam,Protect|Modest||M|||50|]Sylveon||FairyFeather|Pixilate|HyperVoice,HyperBeam,QuickAttack,Detect|Modest||F|||50|
|showteam|p2|Tyranitar||Tyranitarite|SandStream|RockSlide,KnockOff,Protect,Superpower|Adamant||M|||50|]Whimsicott||FocusSash|Prankster|Moonblast,Tailwind,Encore,Taunt|Timid||F|||50|]Excadrill||LifeOrb|SandRush|HighHorsepower,IronHead,RockSlide,Protect|Adamant||M|||50|]Rotom-Wash||SitrusBerry|Levitate|Protect,WillOWisp,Thunderbolt,HydroPump|Modest|||||50|]Hydreigon||RoseliBerry|Levitate|Protect,DarkPulse,DracoMeteor,FlashCannon|Modest||M|||50|]Delphox||Delphoxite|Blaze|HeatWave,Psychic,Protect,DazzlingGleam|Modest||F|||50|
|inactive|Battle timer is ON: inactive players will automatically lose when time's up. (requested by Harbinger Aegis)
|inactive|chungoc has 60 seconds left.
|
|t:|1785030732
|teamsize|p1|4
|teamsize|p2|4
|start
|switch|p1a: Sylveon|Sylveon, L50, F|100/100
|switch|p1b: Incineroar|Incineroar, L50, M|100/100
|switch|p2a: Whimsicott|Whimsicott, L50, F|100/100
|switch|p2b: Delphox|Delphox, L50, F|100/100
|-ability|p1b: Incineroar|Intimidate|boost
|-unboost|p2a: Whimsicott|atk|1
|-unboost|p2b: Delphox|atk|1
|turn|1
|inactive|Harbinger Aegis has 30 seconds left.
|inactive|chungoc has 30 seconds left.
|
|t:|1785030765
|detailschange|p2b: Delphox|Delphox-Mega, L50, F
|-mega|p2b: Delphox|Delphox|Delphoxite
|move|p2b: Delphox|Protect|p2b: Delphox
|-singleturn|p2b: Delphox|Protect
|move|p2a: Whimsicott|Tailwind|p2a: Whimsicott
|-sidestart|p2: chungoc|move: Tailwind
|move|p1a: Sylveon|Hyper Voice|p2b: Delphox|[spread] p2a
|-activate|p2b: Delphox|move: Protect
|-damage|p2a: Whimsicott|13/100
|move|p1b: Incineroar|Darkest Lariat|p2b: Delphox
|-activate|p2b: Delphox|move: Protect
|
|upkeep
|turn|2
|inactive|chungoc has 30 seconds left.
|inactive|chungoc has 20 seconds left.
|inactive|chungoc has 15 seconds left.
|
|t:|1785030806
|move|p1a: Sylveon|Quick Attack|p2a: Whimsicott
|-crit|p2a: Whimsicott
|-damage|p2a: Whimsicott|0 fnt
|faint|p2a: Whimsicott
|move|p2b: Delphox|Psychic|p1a: Sylveon
|-damage|p1a: Sylveon|46/100
|move|p1b: Incineroar|Darkest Lariat|p2b: Delphox
|-supereffective|p2b: Delphox|1
|-damage|p2b: Delphox|0 fnt
|faint|p2b: Delphox
|
|upkeep
|
|t:|1785030811
|switch|p2b: Rotom|Rotom-Wash, L50|100/100
|switch|p2a: Excadrill|Excadrill, L50, M|100/100
|turn|3
|inactive|Harbinger Aegis has 30 seconds left.
|inactive|Harbinger Aegis has 20 seconds left.
|inactive|Harbinger Aegis has 15 seconds left.
|
|t:|1785030851
|move|p1a: Sylveon|Detect|p1a: Sylveon
|-singleturn|p1a: Sylveon|Protect
|move|p2a: Excadrill|Iron Head|p1a: Sylveon
|-activate|p1a: Sylveon|move: Protect
|move|p2b: Rotom|Hydro Pump|p1b: Incineroar
|-supereffective|p1b: Incineroar|1
|-damage|p1b: Incineroar|16/100
|-enditem|p1b: Incineroar|Sitrus Berry|[eat]
|-heal|p1b: Incineroar|41/100|[from] item: Sitrus Berry
|move|p1b: Incineroar|Parting Shot|p2a: Excadrill
|-unboost|p2a: Excadrill|atk|1
|-unboost|p2a: Excadrill|spa|1
|inactive|Harbinger Aegis has 30 seconds left.
|
|t:|1785030878
|switch|p1b: Garchomp|Garchomp, L50, F|100/100|[from] Parting Shot
|
|upkeep
|turn|4
|inactive|chungoc has 30 seconds left.
|inactive|chungoc has 20 seconds left.
|
|t:|1785030916
|switch|p1a: Incineroar|Incineroar, L50, M|41/100
|-ability|p1a: Incineroar|Intimidate|boost
|-unboost|p2a: Excadrill|atk|1
|-unboost|p2b: Rotom|atk|1
|move|p1b: Garchomp|Protect|p1b: Garchomp
|-singleturn|p1b: Garchomp|Protect
|move|p2a: Excadrill|Iron Head|p1a: Incineroar
|-resisted|p1a: Incineroar|1
|-crit|p1a: Incineroar
|-damage|p1a: Incineroar|2/100
|-damage|p2a: Excadrill|90/100|[from] item: Life Orb
|move|p2b: Rotom|Hydro Pump|p1b: Garchomp
|-activate|p1b: Garchomp|move: Protect
|
|-sideend|p2: chungoc|move: Tailwind
|upkeep
|turn|5
|
|t:|1785030935
|move|p1a: Incineroar|Fake Out|p2b: Rotom
|-damage|p2b: Rotom|85/100
|move|p1b: Garchomp|Dragon Claw|p2b: Rotom
|-damage|p2b: Rotom|14/100
|-enditem|p2b: Rotom|Sitrus Berry|[eat]
|-heal|p2b: Rotom|38/100|[from] item: Sitrus Berry
|-damage|p1b: Garchomp|90/100|[from] item: Life Orb
|move|p2a: Excadrill|Rock Slide|p1b: Garchomp|[spread] p1b
|-miss|p2a: Excadrill|p1a: Incineroar
|-resisted|p1b: Garchomp|1
|-damage|p1b: Garchomp|83/100
|-damage|p2a: Excadrill|80/100|[from] item: Life Orb
|cant|p2b: Rotom|flinch
|
|upkeep
|turn|6
|-message|chungoc forfeited.
|raw|Harbinger Aegis's rating: 1162 → 1187(+25 for winning)
|raw|chungoc's rating: 1159 → 1134(-25 for losing)
|
|win|Harbinger Aegis
|l|☆chungoc
|player|p2|
|l|☆Harbinger Aegis
|player|p1|
|j|☆Harbinger Aegis
|player|p1|Harbinger Aegis|102|
