|j|☆kyoshi44
|j|☆Kampfstube
|html|kyoshi44Kampfstube    
|uhtml|bestof|Game 1 of a best-of-3
|t:|1756625630
|gametype|doubles
|player|p1|kyoshi44|dawn-gen4pt|1090
|player|p2|Kampfstube|n|1099
|gen|9
|tier|[Gen 9] VGC 2025 Reg H (Bo3)
|rated|
|rule|Species Clause: Limit one of each Pokémon
|rule|Item Clause: Limit 1 of each item
|clearpoke
|poke|p1|Armarouge, L50, M|
|poke|p1|Primarina, L50, F|
|poke|p1|Sneasler, L50, M|
|poke|p1|Dragonite, L50, F|
|poke|p1|Indeedee-F, L50, F|
|poke|p1|Gastrodon-East, L50, M|
|poke|p2|Grimmsnarl, L50, M|
|poke|p2|Volcarona, L50, F|
|poke|p2|Annihilape, L50, M|
|poke|p2|Ursaluna-Bloodmoon, L50, M|
|poke|p2|Dragonite, L50, F|
|poke|p2|Maushold, L50|
|teampreview|4
|showteam|p1|Armarouge||WeaknessPolicy|WeakArmor|HeatWave,StoredPower,Protect,ExpandingForce|||M|||50|,,,,,Fire]Primarina||AssaultVest|LiquidVoice|HyperVoice,DazzlingGleam,AquaJet,EnergyBall|||F|||50|,,,,,Grass]Sneasler||WhiteHerb|Unburden|CloseCombat,DireClaw,FakeOut,Protect|||M|||50|,,,,,Stellar]Dragonite||LoadedDice|Multiscale|ScaleShot,Protect,Haze,ExtremeSpeed|||F|||50|,,,,,Fairy]Indeedee-F||RockyHelmet|PsychicSurge|FollowMe,TrickRoom,Imprison,Psychic|||F|||50|,,,,,Fairy]Gastrodon-East||Leftovers|StormDrain|IceBeam,EarthPower,Protect,Recover|||M|||50|,,,,,Fairy
|showteam|p2|Grimmsnarl||CovertCloak|Prankster|SpiritBreak,LightScreen,Reflect,ThunderWave|||M|||50|,,,,,Steel]Volcarona||Leftovers|FlameBody|GigaDrain,QuiverDance,HeatWave,Protect|||F|||50|,,,,,Grass]Annihilape||SafetyGoggles|Defiant|BulkUp,DrainPunch,Protect,RageFist|||M|||50|,,,,,Fire]Ursaluna-Bloodmoon||AssaultVest|MindsEye|EarthPower,BloodMoon,HyperVoice,VacuumWave|||M|||50|,,,,,Water]Dragonite||LoadedDice|Multiscale|ScaleShot,ExtremeSpeed,Protect,Haze|||F|||50|,,,,,Fairy]Maushold||WideLens|FriendGuard|PopulationBomb,BeatUp,Protect,FollowMe||||||50|,,,,,Ghost
|inactive|Battle timer is ON: inactive players will automatically lose when time's up. (requested by Kampfstube)
|inactive|kyoshi44 has 60 seconds left.
|inactive|Kampfstube has 60 seconds left.
|
|t:|1756625663
|teamsize|p1|4
|teamsize|p2|4
|start
|switch|p1a: Primarina|Primarina, L50, F|100/100
|switch|p1b: Armarouge|Armarouge, L50, M|100/100
|switch|p2a: Grimmsnarl|Grimmsnarl, L50, M|100/100
|switch|p2b: Annihilape|Annihilape, L50, M|100/100
|turn|1
|inactive|Kampfstube has 30 seconds left.
|inactive|Kampfstube has 20 seconds left.
|inactive|Kampfstube has 15 seconds left.
|inactive|Kampfstube has 10 seconds left.
|inactive|Kampfstube has 5 seconds left.
|
|t:|1756625714
|move|p1b: Armarouge|Protect|p1b: Armarouge
|-singleturn|p1b: Armarouge|Protect
|move|p2a: Grimmsnarl|Light Screen|p2a: Grimmsnarl
|-sidestart|p2: Kampfstube|move: Light Screen
|move|p2b: Annihilape|Bulk Up|p2b: Annihilape
|-boost|p2b: Annihilape|atk|1
|-boost|p2b: Annihilape|def|1
|move|p1a: Primarina|Dazzling Gleam|p2a: Grimmsnarl|[spread] p2a,p2b
|-supereffective|p2a: Grimmsnarl
|-supereffective|p2b: Annihilape
|-damage|p2a: Grimmsnarl|60/100
|-damage|p2b: Annihilape|65/100
|
|upkeep
|turn|2
|inactive|kyoshi44 has 30 seconds left.
|
|t:|1756625747
|move|p2b: Annihilape|Protect|p2b: Annihilape
|-singleturn|p2b: Annihilape|Protect
|move|p1a: Primarina|Aqua Jet|p1b: Armarouge
|-supereffective|p1b: Armarouge
|-damage|p1b: Armarouge|77/100
|-ability|p1b: Armarouge|Weak Armor|boost
|-unboost|p1b: Armarouge|def|1
|-boost|p1b: Armarouge|spe|2
|-enditem|p1b: Armarouge|Weakness Policy
|-boost|p1b: Armarouge|atk|2|[from] item: Weakness Policy
|-boost|p1b: Armarouge|spa|2|[from] item: Weakness Policy
|move|p2a: Grimmsnarl|Thunder Wave|p1a: Primarina
|-status|p1a: Primarina|par
|move|p1b: Armarouge|Stored Power|p2b: Annihilape
|-activate|p2b: Annihilape|move: Protect
|
|upkeep
|turn|3
|inactive|Kampfstube has 30 seconds left.
|
|t:|1756625773
|-terastallize|p2b: Annihilape|Fire
|move|p1b: Armarouge|Protect|p1b: Armarouge
|-singleturn|p1b: Armarouge|Protect
|move|p2b: Annihilape|Rage Fist|p1b: Armarouge
|-activate|p1b: Armarouge|move: Protect
|move|p2a: Grimmsnarl|Spirit Break|p1b: Armarouge
|-activate|p1b: Armarouge|move: Protect
|move|p1a: Primarina|Dazzling Gleam|p2b: Annihilape|[spread] p2a,p2b
|-supereffective|p2a: Grimmsnarl
|-resisted|p2b: Annihilape
|-damage|p2a: Grimmsnarl|20/100
|-damage|p2b: Annihilape|56/100
|
|upkeep
|turn|4
|
|t:|1756625794
|move|p2a: Grimmsnarl|Thunder Wave|p1b: Armarouge
|-status|p1b: Armarouge|par
|cant|p1b: Armarouge|par
|move|p2b: Annihilape|Rage Fist|p1b: Armarouge
|-supereffective|p1b: Armarouge
|-damage|p1b: Armarouge|0 fnt
|faint|p1b: Armarouge
|move|p1a: Primarina|Hyper Voice|p2a: Grimmsnarl|[spread] p2a,p2b
|-crit|p2a: Grimmsnarl
|-supereffective|p2b: Annihilape
|-damage|p2a: Grimmsnarl|0 fnt
|-damage|p2b: Annihilape|19/100
|faint|p2a: Grimmsnarl
|
|upkeep
|
|t:|1756625810
|switch|p1b: Sneasler|Sneasler, L50, M|100/100
|switch|p2a: Volcarona|Volcarona, L50, F, shiny|100/100
|turn|5
|
|t:|1756625823
|move|p2b: Annihilape|Protect|p2b: Annihilape
|-singleturn|p2b: Annihilape|Protect
|move|p1b: Sneasler|Fake Out|p2b: Annihilape
|-activate|p2b: Annihilape|move: Protect
|move|p2a: Volcarona|Quiver Dance|p2a: Volcarona
|-boost|p2a: Volcarona|spa|1
|-boost|p2a: Volcarona|spd|1
|-boost|p2a: Volcarona|spe|1
|move|p1a: Primarina|Hyper Voice|p2b: Annihilape|[spread] p2a
|-activate|p2b: Annihilape|move: Protect
|-supereffective|p2a: Volcarona
|-damage|p2a: Volcarona|71/100
|
|-heal|p2a: Volcarona|77/100|[from] item: Leftovers
|-sideend|p2: Kampfstube|move: Light Screen
|upkeep
|turn|6
|
|t:|1756625846
|-terastallize|p1b: Sneasler|Stellar
|move|p1b: Sneasler|Dire Claw|p2a: Volcarona
|-damage|p2a: Volcarona|23/100
|-status|p2a: Volcarona|slp
|cant|p2a: Volcarona|slp
|move|p2b: Annihilape|Drain Punch|p1a: Primarina
|-resisted|p1a: Primarina
|-damage|p1a: Primarina|70/100 par
|-heal|p2b: Annihilape|32/100|[from] drain|[of] p1a: Primarina
|move|p1a: Primarina|Hyper Voice|p2a: Volcarona|[spread] p2a,p2b
|-supereffective|p2a: Volcarona
|-supereffective|p2b: Annihilape
|-damage|p2a: Volcarona|0 fnt
|-damage|p2b: Annihilape|0 fnt
|faint|p2a: Volcarona
|faint|p2b: Annihilape
|
|upkeep
|
|t:|1756625859
|switch|p2a: Ursaluna|Ursaluna-Bloodmoon, L50, M|100/100
|turn|7
|
|t:|1756625866
|move|p1b: Sneasler|Close Combat|p2a: Ursaluna
|-supereffective|p2a: Ursaluna
|-damage|p2a: Ursaluna|0 fnt
|-unboost|p1b: Sneasler|def|1
|-unboost|p1b: Sneasler|spd|1
|faint|p2a: Ursaluna
|-enditem|p1b: Sneasler|White Herb
|-clearnegativeboost|p1b: Sneasler|[silent]
|
|win|kyoshi44
