|j|☆Cm3112
|j|☆Hot Grill 2000
|html|Cm3112Hot Grill 2000    
|uhtml|bestof|Game 2 of a best-of-3
|t:|1755810721
|gametype|doubles
|player|p1|Cm3112|170|1142
|player|p2|Hot Grill 2000|swimmerf-gen4|1223
|gen|9
|tier|[Gen 9] VGC 2025 Reg H (Bo3)
|rated|
|rule|Species Clause: Limit one of each Pokémon
|rule|Item Clause: Limit 1 of each item
|clearpoke
|poke|p1|Pelipper, L50, F|
|poke|p1|Archaludon, L50, M|
|poke|p1|Annihilape, L50, M|
|poke|p1|Maushold-Four, L50|
|poke|p1|Sinistcha-Masterpiece, L50|
|poke|p1|Arcanine-Hisui, L50, F|
|poke|p2|Volcarona, L50, F|
|poke|p2|Rillaboom, L50, M|
|poke|p2|Electabuzz, L50, M|
|poke|p2|Dragonite, L50, M|
|poke|p2|Annihilape, L50, F|
|poke|p2|Sneasler, L50, M|
|teampreview|4
|showteam|p1|Pelipper||FocusSash|Drizzle|MuddyWater,Hurricane,WideGuard,Protect|||F|||50|,,,,,Grass]Archaludon||AssaultVest|Stamina|FlashCannon,ElectroShot,DracoMeteor,BodyPress|||M|||50|,,,,,Fairy]Annihilape||SafetyGoggles|Defiant|DrainPunch,RageFist,BulkUp,Protect|||M|||50|,,,,,Water]Maushold-Four||WideLens|Technician|PopulationBomb,BeatUp,FollowMe,Protect||||||50|,,,,,Ghost]Sinistcha-Masterpiece||RockyHelmet|Hospitality|MatchaGotcha,RagePowder,ShadowBall,TrickRoom||||||50|,,,,,Water]Arcanine-Hisui||ChoiceBand|FlashFire|RockSlide,FlareBlitz,ExtremeSpeed,Snarl|||F|||50|,,,,,Normal
|showteam|p2|Volcarona||Leftovers|FlameBody|HeatWave,TeraBlast,QuiverDance,Protect|||F|||50|,,,,,Fairy]Rillaboom||AssaultVest|GrassySurge|WoodHammer,GrassyGlide,HighHorsepower,FakeOut|||M|||50|,,,,,Fire]Electabuzz||Eviolite|VitalSpirit|Thunderbolt,FollowMe,Taunt,Protect|||M|||50|,,,,,Dragon]Dragonite||LoadedDice|Multiscale|ScaleShot,ExtremeSpeed,Haze,Protect|||M|||50|,,,,,Steel]Annihilape||SafetyGoggles|Defiant|CloseCombat,RageFist,Taunt,FinalGambit|||F|||50|,,,,,Fire]Sneasler||FocusSash|Unburden|CloseCombat,DireClaw,Coaching,Protect|||M|||50|,,,,,Stellar
|inactive|Battle timer is ON: inactive players will automatically lose when time's up. (requested by Cm3112)
|
|t:|1755810764
|teamsize|p1|4
|teamsize|p2|4
|start
|switch|p1a: Maushold|Maushold-Four, L50|100/100
|switch|p1b: Annihilape|Annihilape, L50, M|100/100
|switch|p2a: Dragonite|Dragonite, L50, M|100/100
|switch|p2b: Electabuzz|Electabuzz, L50, M|100/100
|turn|1
|inactive|Cm3112 has 30 seconds left.
|
|t:|1755810792
|move|p2b: Electabuzz|Follow Me|p2b: Electabuzz
|-singleturn|p2b: Electabuzz|move: Follow Me
|move|p1a: Maushold|Population Bomb|p2b: Electabuzz
|-damage|p2b: Electabuzz|92/100
|-damage|p2b: Electabuzz|82/100
|-damage|p2b: Electabuzz|73/100
|-damage|p2b: Electabuzz|64/100
|-damage|p2b: Electabuzz|55/100
|-damage|p2b: Electabuzz|46/100
|-damage|p2b: Electabuzz|37/100
|-damage|p2b: Electabuzz|28/100
|-damage|p2b: Electabuzz|19/100
|-damage|p2b: Electabuzz|10/100
|-hitcount|p2b: Electabuzz|10
|move|p1b: Annihilape|Bulk Up|p1b: Annihilape
|-boost|p1b: Annihilape|atk|1
|-boost|p1b: Annihilape|def|1
|move|p2a: Dragonite|Scale Shot|p1a: Maushold
|-damage|p1a: Maushold|78/100
|-damage|p1a: Maushold|54/100
|-damage|p1a: Maushold|31/100
|-crit|p1a: Maushold
|-damage|p1a: Maushold|0 fnt
|faint|p1a: Maushold
|-hitcount|p1: Maushold|4
|-unboost|p2a: Dragonite|def|1
|-boost|p2a: Dragonite|spe|1
|
|upkeep
|inactive|Cm3112 has 30 seconds left.
|
|t:|1755810823
|switch|p1a: Arcanine|Arcanine-Hisui, L50, F|100/100
|turn|2
|
|t:|1755810840
|-terastallize|p2a: Dragonite|Steel
|move|p2b: Electabuzz|Follow Me|p2b: Electabuzz
|-singleturn|p2b: Electabuzz|move: Follow Me
|move|p2a: Dragonite|Scale Shot|p1a: Arcanine
|-damage|p1a: Arcanine|86/100
|-damage|p1a: Arcanine|71/100
|-damage|p1a: Arcanine|54/100
|-damage|p1a: Arcanine|39/100
|-hitcount|p1a: Arcanine|4
|-unboost|p2a: Dragonite|def|1
|-boost|p2a: Dragonite|spe|1
|move|p1b: Annihilape|Rage Fist|p2b: Electabuzz
|-damage|p2b: Electabuzz|0 fnt
|faint|p2b: Electabuzz
|move|p1a: Arcanine|Rock Slide|p2a: Dragonite
|-resisted|p2a: Dragonite
|-damage|p2a: Dragonite|68/100
|
|upkeep
|inactive|Hot Grill 2000 has 30 seconds left.
|
|t:|1755810867
|switch|p2b: Sneasler|Sneasler, L50, M|100/100
|turn|3
|
|t:|1755810878
|move|p2a: Dragonite|Haze|p2a: Dragonite
|-clearallboost
|move|p2b: Sneasler|Close Combat|p1a: Arcanine
|-supereffective|p1a: Arcanine
|-damage|p1a: Arcanine|0 fnt
|-unboost|p2b: Sneasler|def|1
|-unboost|p2b: Sneasler|spd|1
|faint|p1a: Arcanine
|move|p1b: Annihilape|Drain Punch|p2a: Dragonite
|-supereffective|p2a: Dragonite
|-damage|p2a: Dragonite|6/100
|
|upkeep
|
|t:|1755810886
|switch|p1a: Archaludon|Archaludon, L50, M|100/100
|turn|4
|inactive|Cm3112 has 30 seconds left.
|inactive|Hot Grill 2000 has 30 seconds left.
|inactive|Cm3112 has 20 seconds left.
|inactive|Hot Grill 2000 has 20 seconds left.
|inactive|Cm3112 has 15 seconds left.
|inactive|Cm3112 has 10 seconds left.
|inactive|Cm3112 has 5 seconds left.
|
|t:|1755810939
|-terastallize|p1a: Archaludon|Fairy
|move|p2b: Sneasler|Protect|p2b: Sneasler
|-singleturn|p2b: Sneasler|Protect
|move|p1b: Annihilape|Rage Fist|p2a: Dragonite
|-damage|p2a: Dragonite|0 fnt
|faint|p2a: Dragonite
|move|p1a: Archaludon|Draco Meteor|p2b: Sneasler
|-activate|p2b: Sneasler|move: Protect
|
|upkeep
|
|t:|1755810951
|switch|p2a: Annihilape|Annihilape, L50, F|100/100
|turn|5
|
|t:|1755810967
|move|p2b: Sneasler|Dire Claw|p1a: Archaludon
|-supereffective|p1a: Archaludon
|-damage|p1a: Archaludon|33/100
|-status|p1a: Archaludon|slp
|-ability|p1a: Archaludon|Stamina|boost
|-boost|p1a: Archaludon|def|1
|move|p2a: Annihilape|Taunt|p1b: Annihilape
|-start|p1b: Annihilape|move: Taunt
|move|p1b: Annihilape|Rage Fist|p2b: Sneasler
|-damage|p2b: Sneasler|53/100
|cant|p1a: Archaludon|slp
|
|upkeep
|turn|6
|
|t:|1755810983
|move|p2b: Sneasler|Dire Claw|p1a: Archaludon
|-supereffective|p1a: Archaludon
|-damage|p1a: Archaludon|0 fnt
|faint|p1a: Archaludon
|move|p2a: Annihilape|Rage Fist|p1b: Annihilape
|-supereffective|p1b: Annihilape
|-damage|p1b: Annihilape|61/100
|move|p1b: Annihilape|Rage Fist|p2b: Sneasler
|-damage|p2b: Sneasler|0 fnt
|faint|p2b: Sneasler
|
|upkeep
|turn|7
|
|t:|1755810998
|move|p1b: Annihilape|Drain Punch|p2a: Annihilape
|-immune|p2a: Annihilape
|move|p2a: Annihilape|Rage Fist|p1b: Annihilape
|-supereffective|p1b: Annihilape
|-damage|p1b: Annihilape|22/100
|
|-end|p1b: Annihilape|move: Taunt
|upkeep
|turn|8
|
|t:|1755811007
|move|p1b: Annihilape|Rage Fist|p2a: Annihilape
|-supereffective|p2a: Annihilape
|-damage|p2a: Annihilape|0 fnt
|faint|p2a: Annihilape
|
|win|Cm3112
|raw|Cm3112's rating: 1142 → 1173(+31 for winning)
|raw|Hot Grill 2000's rating: 1223 → 1192(-31 for losing)
|l|☆Cm3112
|player|p1|
|l|☆Hot Grill 2000
|player|p2|
|j|☆Hot Grill 2000
|player|p2|Hot Grill 2000|swimmerf-gen4|
