|j|☆snakke001
|j|☆patrulheirogeek
|html|snakke001patrulheirogeek    
|uhtml|bestof|Game 1 of a best-of-3
|t:|1757664690
|gametype|doubles
|player|p1|snakke001|170|1165
|player|p2|patrulheirogeek|265|1037
|gen|9
|tier|[Gen 9] VGC 2025 Reg H (Bo3)
|rated|
|rule|Species Clause: Limit one of each Pokémon
|rule|Item Clause: Limit 1 of each item
|clearpoke
|poke|p1|Volcarona, L50, F|
|poke|p1|Kingambit, L50, M|
|poke|p1|Dragonite, L50, M|
|poke|p1|Sneasler, L50, M|
|poke|p1|Rillaboom, L50, M|
|poke|p1|Electabuzz, L50, F|
|poke|p2|Pelipper, L50, M|
|poke|p2|Archaludon, L50, M|
|poke|p2|Dragonite, L50, M|
|poke|p2|Typhlosion, L50, M|
|poke|p2|Electabuzz, L50, M|
|poke|p2|Serperior, L50, M|
|teampreview|4
|showteam|p1|Volcarona||Leftovers|FlameBody|HeatWave,TeraBlast,QuiverDance,Protect|||F|||50|,,,,,Fairy]Kingambit||BlackGlasses|Defiant|KowtowCleave,SuckerPunch,SwordsDance,Protect|||M|||50|,,,,,Dark]Dragonite||LoadedDice|Multiscale|ScaleShot,ExtremeSpeed,Haze,Protect|||M|||50|,,,,,Steel]Sneasler||FocusSash|PoisonTouch|CloseCombat,DireClaw,FakeOut,Coaching|||M|||50|,,,,,Stellar]Rillaboom||AssaultVest|GrassySurge|WoodHammer,GrassyGlide,HighHorsepower,FakeOut|||M|||50|,,,,,Fire]Electabuzz||Eviolite|VitalSpirit|Thunderbolt,Taunt,FollowMe,Protect|||F|||50|,,,,,Ghost
|showteam|p2|Pelipper||SitrusBerry|Drizzle|WideGuard,Tailwind,WeatherBall,Hurricane|||M|||50|,,,,,Water]Archaludon||AssaultVest|Stamina|ElectroShot,DracoMeteor,Thunder,AuraSphere|||M|||50|,,,,,Ghost]Dragonite||ChoiceBand|InnerFocus|ExtremeSpeed,IronHead,Outrage,AquaTail|||M|||50|,,,,,Steel]Typhlosion||ChoiceSpecs|FlashFire|Eruption,FocusBlast,Extrasensory,ScorchingSands|||M|||50|,,,,,Fire]Electabuzz||Eviolite|VitalSpirit|FollowMe,Electroweb,HelpingHand,VoltSwitch|||M|||50|,,,,,Electric]Serperior||FocusSash|Contrary|LeafStorm,Synthesis,GigaDrain,DragonPulse|||M|||50|,,,,,Dragon
|inactive|Battle timer is ON: inactive players will automatically lose when time's up. (requested by snakke001)
|inactive|snakke001 has 60 seconds left.
|
|t:|1757664745
|teamsize|p1|4
|teamsize|p2|4
|start
|switch|p1a: Dragonite|Dragonite, L50, M, shiny|100/100
|switch|p1b: Volcarona|Volcarona, L50, F, shiny|100/100
|switch|p2a: Pelipper|Pelipper, L50, M, shiny|100/100
|switch|p2b: Archaludon|Archaludon, L50, M|100/100
|-weather|RainDance|[from] ability: Drizzle|[of] p2a: Pelipper
|turn|1
|inactive|snakke001 has 30 seconds left.
|inactive|patrulheirogeek has 30 seconds left.
|inactive|patrulheirogeek has 20 seconds left.
|inactive|patrulheirogeek has 15 seconds left.
|inactive|patrulheirogeek has 10 seconds left.
|
|t:|1757664793
|-terastallize|p1b: Volcarona|Fairy
|move|p1b: Volcarona|Quiver Dance|p1b: Volcarona
|-boost|p1b: Volcarona|spa|1
|-boost|p1b: Volcarona|spd|1
|-boost|p1b: Volcarona|spe|1
|move|p1a: Dragonite|Scale Shot|p2a: Pelipper|[miss]
|-miss|p1a: Dragonite|p2a: Pelipper
|move|p2b: Archaludon|Electro Shot||[still]
|-prepare|p2b: Archaludon|Electro Shot
|-boost|p2b: Archaludon|spa|1
|-anim|p2b: Archaludon|Electro Shot|p1a: Dragonite
|-damage|p1a: Dragonite|65/100
|move|p2a: Pelipper|Hurricane|p1b: Volcarona
|-damage|p1b: Volcarona|77/100
|
|-weather|RainDance|[upkeep]
|-heal|p1b: Volcarona|83/100|[from] item: Leftovers
|upkeep
|turn|2
|inactive|snakke001 has 30 seconds left.
|inactive|patrulheirogeek has 30 seconds left.
|inactive|snakke001 has 20 seconds left.
|inactive|snakke001 has 15 seconds left.
|
|t:|1757664838
|-terastallize|p2b: Archaludon|Ghost
|move|p1b: Volcarona|Quiver Dance|p1b: Volcarona
|-boost|p1b: Volcarona|spa|1
|-boost|p1b: Volcarona|spd|1
|-boost|p1b: Volcarona|spe|1
|move|p1a: Dragonite|Scale Shot|p2a: Pelipper
|-damage|p2a: Pelipper|86/100
|-damage|p2a: Pelipper|73/100
|-damage|p2a: Pelipper|60/100
|-damage|p2a: Pelipper|47/100
|-enditem|p2a: Pelipper|Sitrus Berry|[eat]
|-heal|p2a: Pelipper|72/100|[from] item: Sitrus Berry
|-hitcount|p2a: Pelipper|4
|-unboost|p1a: Dragonite|def|1
|-boost|p1a: Dragonite|spe|1
|move|p2b: Archaludon|Electro Shot||[still]
|-prepare|p2b: Archaludon|Electro Shot
|-boost|p2b: Archaludon|spa|1
|-anim|p2b: Archaludon|Electro Shot|p1a: Dragonite
|-damage|p1a: Dragonite|0 fnt
|faint|p1a: Dragonite
|move|p2a: Pelipper|Tailwind|p2a: Pelipper
|-sidestart|p2: patrulheirogeek|move: Tailwind
|
|-weather|RainDance|[upkeep]
|-heal|p1b: Volcarona|89/100|[from] item: Leftovers
|upkeep
|inactive|snakke001 has 30 seconds left.
|inactive|snakke001 has 20 seconds left.
|inactive|snakke001 has 15 seconds left.
|inactive|snakke001 has 10 seconds left.
|
|t:|1757664885
|switch|p1a: Electabuzz|Electabuzz, L50, F, shiny|100/100
|turn|3
|
|t:|1757664907
|move|p2a: Pelipper|Wide Guard|p2a: Pelipper
|-singleturn|p2a: Pelipper|Wide Guard
|move|p1b: Volcarona|Tera Blast|p2b: Archaludon|[anim] Tera Blast Fairy
|-damage|p2b: Archaludon|47/100
|-ability|p2b: Archaludon|Stamina|boost
|-boost|p2b: Archaludon|def|1
|move|p2b: Archaludon|Aura Sphere|p1a: Electabuzz
|-damage|p1a: Electabuzz|61/100
|move|p1a: Electabuzz|Thunderbolt|p2a: Pelipper
|-supereffective|p2a: Pelipper
|-damage|p2a: Pelipper|0 fnt
|faint|p2a: Pelipper
|
|-weather|RainDance|[upkeep]
|-heal|p1b: Volcarona|95/100|[from] item: Leftovers
|upkeep
|
|t:|1757664925
|switch|p2a: Electabuzz|Electabuzz, L50, M|100/100
|turn|4
|inactive|snakke001 has 30 seconds left.
|inactive|snakke001 has 20 seconds left.
|
|t:|1757664964
|move|p2a: Electabuzz|Follow Me|p2a: Electabuzz
|-singleturn|p2a: Electabuzz|move: Follow Me
|move|p1b: Volcarona|Tera Blast|p2a: Electabuzz|[anim] Tera Blast Fairy
|-damage|p2a: Electabuzz|46/100
|move|p2b: Archaludon|Electro Shot||[still]
|-prepare|p2b: Archaludon|Electro Shot
|-boost|p2b: Archaludon|spa|1
|-anim|p2b: Archaludon|Electro Shot|p1b: Volcarona
|-damage|p1b: Volcarona|40/100
|move|p1a: Electabuzz|Taunt|p2a: Electabuzz
|-start|p2a: Electabuzz|move: Taunt
|
|-weather|RainDance|[upkeep]
|-heal|p1b: Volcarona|47/100|[from] item: Leftovers
|upkeep
|turn|5
|inactive|patrulheirogeek has 30 seconds left.
|
|t:|1757664997
|move|p1a: Electabuzz|Follow Me|p1a: Electabuzz
|-singleturn|p1a: Electabuzz|move: Follow Me
|move|p1b: Volcarona|Tera Blast|p2b: Archaludon|[anim] Tera Blast Fairy
|-damage|p2b: Archaludon|0 fnt
|faint|p2b: Archaludon
|move|p2a: Electabuzz|Electroweb|p1b: Volcarona|[spread] p1a,p1b
|-resisted|p1a: Electabuzz
|-damage|p1a: Electabuzz|56/100
|-damage|p1b: Volcarona|40/100
|-unboost|p1a: Electabuzz|spe|1
|-unboost|p1b: Volcarona|spe|1
|
|-weather|none
|-heal|p1b: Volcarona|46/100|[from] item: Leftovers
|-sideend|p2: patrulheirogeek|move: Tailwind
|upkeep
|
|t:|1757665013
|switch|p2b: Typhlosion|Typhlosion, L50, M|100/100
|turn|6
|
|t:|1757665034
|move|p1b: Volcarona|Tera Blast|p2b: Typhlosion|[anim] Tera Blast Fairy
|-resisted|p2b: Typhlosion
|-damage|p2b: Typhlosion|53/100
|move|p2b: Typhlosion|Eruption|p1a: Electabuzz|[spread] p1a,p1b
|-damage|p1a: Electabuzz|24/100
|-damage|p1b: Volcarona|27/100
|move|p2a: Electabuzz|Electroweb|p1b: Volcarona|[spread] p1a,p1b
|-resisted|p1a: Electabuzz
|-damage|p1a: Electabuzz|19/100
|-damage|p1b: Volcarona|20/100
|-unboost|p1a: Electabuzz|spe|1
|-unboost|p1b: Volcarona|spe|1
|move|p1a: Electabuzz|Thunderbolt|p2b: Typhlosion
|-damage|p2b: Typhlosion|15/100
|
|-heal|p1b: Volcarona|27/100|[from] item: Leftovers
|upkeep
|turn|7
|
|t:|1757665056
|move|p1a: Electabuzz|Follow Me|p1a: Electabuzz
|-singleturn|p1a: Electabuzz|move: Follow Me
|move|p2b: Typhlosion|Eruption|p1a: Electabuzz|[spread] p1a,p1b
|-damage|p1a: Electabuzz|10/100
|-damage|p1b: Volcarona|21/100
|move|p1b: Volcarona|Tera Blast|p2b: Typhlosion|[anim] Tera Blast Fairy
|-resisted|p2b: Typhlosion
|-damage|p2b: Typhlosion|0 fnt
|faint|p2b: Typhlosion
|move|p2a: Electabuzz|Electroweb|p1a: Electabuzz|[spread] p1a,p1b
|-resisted|p1a: Electabuzz
|-damage|p1a: Electabuzz|4/100
|-damage|p1b: Volcarona|14/100
|-unboost|p1a: Electabuzz|spe|1
|-unboost|p1b: Volcarona|spe|1
|
|-heal|p1b: Volcarona|20/100|[from] item: Leftovers
|-end|p2a: Electabuzz|move: Taunt
|upkeep
|turn|8
|inactive|snakke001 has 30 seconds left.
|
|t:|1757665082
|switch|p1a: Sneasler|Sneasler, L50, M, shiny|100/100
|move|p2a: Electabuzz|Electroweb|p1b: Volcarona|[spread] p1a,p1b
|-crit|p1a: Sneasler
|-damage|p1a: Sneasler|71/100
|-damage|p1b: Volcarona|13/100
|-unboost|p1a: Sneasler|spe|1
|-unboost|p1b: Volcarona|spe|1
|move|p1b: Volcarona|Tera Blast|p2a: Electabuzz|[anim] Tera Blast Fairy
|-damage|p2a: Electabuzz|0 fnt
|faint|p2a: Electabuzz
|
|win|snakke001
|inactive|snakke001 has 30 seconds to confirm battle start!
|inactive|patrulheirogeek has 30 seconds to confirm battle start!
||snakke001 is ready for game 2.
||patrulheirogeek is ready for game 2.
|uhtml|next|Next: Game 2 of 3
|l|☆snakke001
|player|p1|
