|j|☆FIR patu.
|j|☆UtsuruK
|html|FIR patu.UtsuruK    
|uhtml|bestof|Game 2 of a best-of-3
|t:|1785374373
|gametype|doubles
|player|p1|FIR patu.|266|
|player|p2|UtsuruK|depotagent|
|gen|9
|tier|[Gen 9 Champions] VGC 2026 Reg M-B (Bo3)
|rule|Species Clause: Limit one of each Pokémon
|rule|Item Clause: Limit 1 of each item
|clearpoke
|poke|p1|Kangaskhan, L50, F, shiny|
|poke|p1|Camerupt, L50, M, shiny|
|poke|p1|Gallade, L50, M, shiny|
|poke|p1|Ninetales-Alola, L50, M, shiny|
|poke|p1|Dragonite, L50, M, shiny|
|poke|p1|Slowking-Galar, L50, M|
|poke|p2|Tinkaton, L50, F|
|poke|p2|Sableye, L50, M|
|poke|p2|Overqwil, L50, F|
|poke|p2|Corviknight, L50, F|
|poke|p2|Politoed, L50, F|
|poke|p2|Venusaur, L50, M|
|teampreview|4
|showteam|p1|Kangaskhan||SilkScarf|EarlyBird|FakeOut,LastResort|Adamant||F|||50|]Camerupt||Cameruptite|SolidRock|EarthPower,HeatWave,AncientPower,Protect|Quiet||M|||50|]Gallade||IronBall|Sharpness|PsychoCut,LeafBlade,SacredSword,Protect|Relaxed||M|||50|]Ninetales-Alola||FocusSash|SnowWarning|Blizzard,FreezeDry,AuroraVeil,Protect|Timid||M|||50|]Dragonite||Dragoninite|Multiscale|DracoMeteor,DragonPulse,Thunderbolt,Protect|Timid||M|||50|]Slowking-Galar||KasibBerry|Regenerator|Psychic,TrickRoom,SludgeBomb,Protect|Relaxed||M|||50|
|showteam|p2|Tinkaton||MetalCoat|MoldBreaker|FakeOut,GigatonHammer,PlayRough,KnockOff|Jolly||F|||50|]Sableye||LightClay|Prankster|Reflect,LightScreen,Disable,Encore|Careful||M|||50|]Overqwil||LifeOrb|SwiftSwim|AquaJet,BarbBarrage,ThroatChop,Protect|Adamant||F|||50|]Corviknight||Leftovers|Pressure|BulkUp,BraveBird,Tailwind,Roost|Careful||F|||50|]Politoed||SitrusBerry|Drizzle|WeatherBall,IceBeam,Haze,Protect|Modest||F|||50|]Venusaur||Venusaurite|Chlorophyll|EarthPower,EnergyBall,SludgeBomb,Protect|Modest||M|||50|
|j| mumu2
|j| FIR Zants
|
|t:|1785374472
|teamsize|p1|4
|teamsize|p2|4
|start
|switch|p1a: Camerupt|Camerupt, L50, M, shiny|100/100
|switch|p1b: Slowking|Slowking-Galar, L50, M|100/100
|switch|p2a: Sableye|Sableye, L50, M|100/100
|switch|p2b: Overqwil|Overqwil, L50, F|100/100
|turn|1
|
|t:|1785374516
|switch|p2b: Corviknight|Corviknight, L50, F|100/100
|-ability|p2b: Corviknight|Pressure
|move|p1a: Camerupt|Protect|p1a: Camerupt
|-singleturn|p1a: Camerupt|Protect
|move|p2a: Sableye|Light Screen|p2a: Sableye
|-sidestart|p2: UtsuruK|move: Light Screen
|move|p1b: Slowking|Trick Room|p1b: Slowking
|-fieldstart|move: Trick Room|[of] p1b: Slowking
|
|upkeep
|turn|2
|
|t:|1785374567
|switch|p1b: Ninetales|Ninetales-Alola, L50, M, shiny|100/100
|-weather|Snowscape|[from] ability: Snow Warning|[of] p1b: Ninetales
|detailschange|p1a: Camerupt|Camerupt-Mega, L50, M, shiny
|-mega|p1a: Camerupt|Camerupt|Cameruptite
|move|p2a: Sableye|Encore||[still]
|-fail|p2a: Sableye
|move|p1a: Camerupt|Heat Wave|p2b: Corviknight|[spread] p2a
|-miss|p1a: Camerupt|p2b: Corviknight
|-damage|p2a: Sableye|58/100
|move|p2b: Corviknight|Roost||[still]
|-fail|p2b: Corviknight|heal
|
|-weather|Snowscape|[upkeep]
|upkeep
|turn|3
|
|t:|1785374605
|switch|p1b: Kangaskhan|Kangaskhan, L50, F, shiny|100/100
|move|p2a: Sableye|Disable|p1a: Camerupt
|-start|p1a: Camerupt|Disable|Heat Wave
|cant|p1a: Camerupt|Disable|Heat Wave
|move|p2b: Corviknight|Bulk Up|p2b: Corviknight
|-boost|p2b: Corviknight|atk|1
|-boost|p2b: Corviknight|def|1
|
|-weather|Snowscape|[upkeep]
|upkeep
|turn|4
|
|t:|1785374654
|switch|p1a: Slowking|Slowking-Galar, L50, M|100/100
|switch|p2b: Venusaur|Venusaur, L50, M|100/100
|move|p1b: Kangaskhan|Fake Out|p2b: Venusaur
|-damage|p2b: Venusaur|68/100
|move|p2a: Sableye|Encore||[still]
|-fail|p2a: Sableye
|
|-weather|Snowscape|[upkeep]
|upkeep
|turn|5
|
|t:|1785374676
|detailschange|p2b: Venusaur|Venusaur-Mega, L50, M
|-mega|p2b: Venusaur|Venusaur|Venusaurite
|move|p2a: Sableye|Encore|p1b: Kangaskhan
|-start|p1b: Kangaskhan|Encore
|move|p1b: Kangaskhan|Fake Out||[still]
|-hint|Fake Out only works on your first turn out.
|-fail|p1b: Kangaskhan
|move|p1a: Slowking|Psychic|p2b: Venusaur
|-supereffective|p2b: Venusaur|1
|-damage|p2b: Venusaur|24/100
|move|p2b: Venusaur|Earth Power|p1a: Slowking
|-supereffective|p1a: Slowking|1
|-damage|p1a: Slowking|46/100
|
|-weather|Snowscape|[upkeep]
|-fieldend|move: Trick Room
|upkeep
|turn|6
|
|t:|1785374700
|move|p2a: Sableye|Light Screen||[still]
|-fail|p2a: Sableye
|move|p2b: Venusaur|Earth Power|p1a: Slowking
|-supereffective|p1a: Slowking|1
|-damage|p1a: Slowking|0 fnt
|faint|p1a: Slowking
|-activate|p1b: Kangaskhan|move: Struggle
|move|p1b: Kangaskhan|Struggle|p2b: Venusaur
|-damage|p2b: Venusaur|8/100
|-damage|p1b: Kangaskhan|75/100|[from] recoil
|
|-weather|none
|upkeep
|
|t:|1785374713
|switch|p1a: Ninetales|Ninetales-Alola, L50, M, shiny|100/100
|-weather|Snowscape|[from] ability: Snow Warning|[of] p1a: Ninetales
|turn|7
|
|t:|1785374736
|switch|p1b: Camerupt|Camerupt-Mega, L50, M, shiny|100/100
|switch|p2a: Overqwil|Overqwil, L50, F|100/100
|move|p2b: Venusaur|Protect|p2b: Venusaur
|-singleturn|p2b: Venusaur|Protect
|move|p1a: Ninetales|Blizzard|p2a: Overqwil|[spread] p2a
|-activate|p2b: Venusaur|move: Protect
|-damage|p2a: Overqwil|69/100
|
|-weather|Snowscape|[upkeep]
|upkeep
|turn|8
|l| mumu2
|j| mumu2
|
|t:|1785374825
|move|p2b: Venusaur|Protect|p2b: Venusaur
|-singleturn|p2b: Venusaur|Protect
|move|p2a: Overqwil|Aqua Jet|p1b: Camerupt
|-supereffective|p1b: Camerupt|2
|-damage|p1b: Camerupt|29/100
|-damage|p2a: Overqwil|59/100|[from] item: Life Orb
|move|p1a: Ninetales|Blizzard|p2a: Overqwil|[spread] p2a
|-activate|p2b: Venusaur|move: Protect
|-damage|p2a: Overqwil|26/100
|move|p1b: Camerupt|Heat Wave|p2a: Overqwil|[spread] p2a
|-activate|p2b: Venusaur|move: Protect
|-damage|p2a: Overqwil|0 fnt
|faint|p2a: Overqwil
|
|-weather|Snowscape|[upkeep]
|-sideend|p2: UtsuruK|move: Light Screen
|upkeep
|
|t:|1785374841
|switch|p2a: Sableye|Sableye, L50, M|58/100
|turn|9
|
|t:|1785374855
|move|p2a: Sableye|Disable|p1a: Ninetales
|-start|p1a: Ninetales|Disable|Blizzard
|cant|p1a: Ninetales|Disable|Blizzard
|move|p2b: Venusaur|Earth Power|p1b: Camerupt
|-supereffective|p1b: Camerupt|1
|-damage|p1b: Camerupt|0 fnt
|faint|p1b: Camerupt
|
|-weather|Snowscape|[upkeep]
|upkeep
|
|t:|1785374863
|switch|p1b: Kangaskhan|Kangaskhan, L50, F, shiny|75/100
|turn|10
|
|t:|1785374879
|move|p2b: Venusaur|Protect|p2b: Venusaur
|-singleturn|p2b: Venusaur|Protect
|move|p1b: Kangaskhan|Fake Out|p2b: Venusaur
|-activate|p2b: Venusaur|move: Protect
|move|p2a: Sableye|Encore|p1a: Ninetales
|-start|p1a: Ninetales|Encore
|cant|p1a: Ninetales|Disable|Blizzard
|
|-weather|Snowscape|[upkeep]
|upkeep
|turn|11
|
|t:|1785374904
|move|p2a: Sableye|Encore|p1b: Kangaskhan
|-start|p1b: Kangaskhan|Encore
|move|p1b: Kangaskhan|Fake Out||[still]
|-hint|Fake Out only works on your first turn out.
|-fail|p1b: Kangaskhan
|-activate|p1a: Ninetales|move: Struggle
|move|p1a: Ninetales|Struggle|p2a: Sableye
|-damage|p2a: Sableye|49/100
|-damage|p1a: Ninetales|74/100|[from] recoil
|move|p2b: Venusaur|Sludge Bomb|p1a: Ninetales
|-supereffective|p1a: Ninetales|1
|-damage|p1a: Ninetales|0 fnt
|faint|p1a: Ninetales
|
|-weather|none
|upkeep
|turn|12
|
|t:|1785374929
|move|p2a: Sableye|Reflect|p2a: Sableye
|-sidestart|p2: UtsuruK|Reflect
|move|p2b: Venusaur|Sludge Bomb|p1b: Kangaskhan
|-damage|p1b: Kangaskhan|29/100
|-activate|p1b: Kangaskhan|move: Struggle
|move|p1b: Kangaskhan|Struggle|p2b: Venusaur
|-damage|p2b: Venusaur|0 fnt
|faint|p2b: Venusaur
|-damage|p1b: Kangaskhan|4/100|[from] recoil
|
|upkeep
|
|t:|1785374937
|switch|p2b: Corviknight|Corviknight, L50, F|100/100
|-ability|p2b: Corviknight|Pressure
|turn|13
|
|t:|1785374948
|move|p2a: Sableye|Disable||[still]
|-fail|p2a: Sableye
|-activate|p1b: Kangaskhan|move: Struggle
|move|p1b: Kangaskhan|Struggle|p2b: Corviknight
|-damage|p2b: Corviknight|92/100
|-damage|p1b: Kangaskhan|0 fnt|[from] recoil
|faint|p1b: Kangaskhan
|
|win|UtsuruK
|l|☆FIR patu.
|player|p1|
