|j|☆ghhbbj
|j|☆GlitchXDGOAT
|html|ghhbbjGlitchXDGOAT    
|uhtml|bestof|Game 1 of a best-of-3
|t:|1783921442
|gametype|doubles
|player|p1|ghhbbj|roxie|1196
|player|p2|GlitchXDGOAT|2|1176
|gen|9
|tier|[Gen 9 Champions] VGC 2026 Reg M-B (Bo3)
|rated|
|rule|Species Clause: Limit one of each Pokémon
|rule|Item Clause: Limit 1 of each item
|clearpoke
|poke|p1|Kingambit, L50, F|
|poke|p1|Garchomp, L50, F|
|poke|p1|Aerodactyl, L50, M|
|poke|p1|Charizard, L50, M|
|poke|p1|Farigiraf, L50, F|
|poke|p1|Sylveon, L50, F|
|poke|p2|Lycanroc-Dusk, L50, M|
|poke|p2|Gholdengo, L50|
|poke|p2|Floette-Eternal, L50, F|
|poke|p2|Garchomp, L50, F|
|poke|p2|Whimsicott, L50, F|
|poke|p2|Charizard, L50, F|
|teampreview|4
|showteam|p1|Kingambit||BlackGlasses|Defiant|KowtowCleave,Protect,IronHead,SuckerPunch|Adamant||F|||50|]Garchomp||LifeOrb|RoughSkin|RockSlide,Earthquake,DragonClaw,Protect|Jolly||F|||50|]Aerodactyl||FocusSash|Unnerve|RockSlide,IceFang,DualWingbeat,Tailwind|Jolly||M|||50|]Charizard||CharizarditeY|Blaze|HeatWave,SolarBeam,WeatherBall,Protect|Timid||M|||50|]Farigiraf||SitrusBerry|ArmorTail|TrickRoom,Roar,Thunder,TwinBeam|Bold||F|||50|]Sylveon||FairyFeather|Pixilate|HyperVoice,HyperBeam,Yawn,Protect|Modest||F|||50|
|showteam|p2|Lycanroc-Dusk||FocusSash|ToughClaws|Accelerock,CloseCombat,RockSlide,Protect|Jolly||M|||50|]Gholdengo||ChoiceScarf|GoodasGold|MakeItRain,ShadowBall,PowerGem,Psychic|Timid|||||50|]Floette-Eternal||Floettite|FlowerVeil|Moonblast,DrainingKiss,LightofRuin,Protect|Modest||F|||50|]Garchomp||LifeOrb|RoughSkin|DragonClaw,RockSlide,StompingTantrum,Protect|Jolly||F|||50|]Whimsicott||FairyFeather|Prankster|Moonblast,Tailwind,Encore,Protect|Timid||F|||50|]Charizard||CharizarditeY|Blaze|HeatWave,WeatherBall,SolarBeam,Protect|Modest||F|||50|
|inactive|Battle timer is ON: inactive players will automatically lose when time's up. (requested by GlitchXDGOAT)
|inactive|ghhbbj has 60 seconds left.
|inactive|GlitchXDGOAT has 60 seconds left.
|
|t:|1783921481
|teamsize|p1|4
|teamsize|p2|4
|start
|switch|p1a: Garchomp|Garchomp, L50, F|100/100
|switch|p1b: Farigiraf|Farigiraf, L50, F|100/100
|switch|p2a: Mr. Cheese|Gholdengo, L50|100/100
|switch|p2b: Wolf|Lycanroc-Dusk, L50, M|100/100
|turn|1
|inactive|ghhbbj has 30 seconds left.
|c|☆GlitchXDGOAT|Yo
|c|☆GlitchXDGOAT|Was Thunder on Fari a misclick?
|inactive|ghhbbj has 20 seconds left.
|inactive|ghhbbj has 15 seconds left.
|inactive|ghhbbj has 10 seconds left.
|inactive|ghhbbj has 5 seconds left.
|
|t:|1783921532
|move|p2a: Mr. Cheese|Make It Rain|p1a: Garchomp|[spread] p1a,p1b
|-damage|p1a: Garchomp|47/100
|-damage|p1b: Farigiraf|49/100
|-unboost|p2a: Mr. Cheese|spa|2
|-enditem|p1b: Farigiraf|Sitrus Berry|[eat]
|-heal|p1b: Farigiraf|74/100|[from] item: Sitrus Berry
|move|p2b: Wolf|Close Combat|p1b: Farigiraf
|-damage|p1b: Farigiraf|37/100
|-unboost|p2b: Wolf|def|1
|-unboost|p2b: Wolf|spd|1
|move|p1a: Garchomp|Rock Slide|p2b: Wolf|[spread] p2a,p2b
|-resisted|p2a: Mr. Cheese|1
|-damage|p2a: Mr. Cheese|85/100
|-damage|p2b: Wolf|37/100
|-damage|p1a: Garchomp|37/100|[from] item: Life Orb
|move|p1b: Farigiraf|Trick Room|p1b: Farigiraf
|-fieldstart|move: Trick Room|[of] p1b: Farigiraf
|
|upkeep
|turn|2
|inactive|GlitchXDGOAT has 30 seconds left.
|
|t:|1783921559
|switch|p1b: Kingambit|Kingambit, L50, F|100/100
|move|p2b: Wolf|Protect|p2b: Wolf
|-singleturn|p2b: Wolf|Protect
|move|p1a: Garchomp|Earthquake|p2b: Wolf|[spread] p1b,p2a
|-activate|p2b: Wolf|move: Protect
|-supereffective|p1b: Kingambit|1
|-supereffective|p2a: Mr. Cheese|1
|-damage|p1b: Kingambit|16/100
|-damage|p2a: Mr. Cheese|0 fnt
|faint|p2a: Mr. Cheese
|-damage|p1a: Garchomp|28/100|[from] item: Life Orb
|
|upkeep
|
|t:|1783921564
|switch|p2a: Cotton-Ball|Whimsicott, L50, F|100/100
|turn|3
|
|t:|1783921586
|switch|p1a: Farigiraf|Farigiraf, L50, F|37/100
|switch|p2b: Charizard|Charizard, L50, F|100/100
|move|p1b: Kingambit|Iron Head|p2b: Charizard
|-resisted|p2b: Charizard|1
|-damage|p2b: Charizard|65/100
|move|p2a: Cotton-Ball|Moonblast|p1b: Kingambit
|-damage|p1b: Kingambit|0 fnt
|faint|p1b: Kingambit
|
|upkeep
|
|t:|1783921599
|switch|p1b: Charizard|Charizard, L50, M|100/100
|turn|4
|
|t:|1783921612
|detailschange|p1b: Charizard|Charizard-Mega-Y, L50, M
|-mega|p1b: Charizard|Charizard|Charizardite Y
|-weather|SunnyDay|[from] ability: Drought|[of] p1b: Charizard
|move|p2b: Charizard|Protect|p2b: Charizard
|-singleturn|p2b: Charizard|Protect
|move|p1a: Farigiraf|Thunder|p2b: Charizard
|-activate|p2b: Charizard|move: Protect
|move|p1b: Charizard|Heat Wave|p2b: Charizard|[spread] p2a
|-activate|p2b: Charizard|move: Protect
|-supereffective|p2a: Cotton-Ball|1
|-damage|p2a: Cotton-Ball|0 fnt
|faint|p2a: Cotton-Ball
|
|-weather|SunnyDay|[upkeep]
|upkeep
|
|t:|1783921624
|switch|p2a: Wolf|Lycanroc-Dusk, L50, M|37/100
|turn|5
|
|t:|1783921644
|detailschange|p2b: Charizard|Charizard-Mega-Y, L50, F
|-mega|p2b: Charizard|Charizard|Charizardite Y
|move|p2a: Wolf|Protect|p2a: Wolf
|-singleturn|p2a: Wolf|Protect
|move|p1a: Farigiraf|Twin Beam|p2b: Charizard
|-damage|p2b: Charizard|49/100
|-damage|p2b: Charizard|32/100
|-hitcount|p2b: Charizard|2
|move|p1b: Charizard|Weather Ball|p2b: Charizard
|-resisted|p2b: Charizard|1
|-damage|p2b: Charizard|0 fnt
|faint|p2b: Charizard
|
|-weather|SunnyDay|[upkeep]
|-fieldend|move: Trick Room
|upkeep
|turn|6
|inactive|ghhbbj has 30 seconds left.
|inactive|ghhbbj has 20 seconds left.
|
|t:|1783921680
|move|p1b: Charizard|Protect|p1b: Charizard
|-singleturn|p1b: Charizard|Protect
|move|p2a: Wolf|Rock Slide|p1a: Farigiraf|[spread] p1a
|-activate|p1b: Charizard|move: Protect
|-crit|p1a: Farigiraf
|-damage|p1a: Farigiraf|8/100
|move|p1a: Farigiraf|Trick Room|p1a: Farigiraf
|-fieldstart|move: Trick Room|[of] p1a: Farigiraf
|
|-weather|SunnyDay|[upkeep]
|upkeep
|turn|7
|
|t:|1783921695
|move|p2a: Wolf|Protect|p2a: Wolf
|-singleturn|p2a: Wolf|Protect
|move|p1a: Farigiraf|Twin Beam|p2a: Wolf
|-activate|p2a: Wolf|move: Protect
|move|p1b: Charizard|Solar Beam||[still]
|-prepare|p1b: Charizard|Solar Beam
|-anim|p1b: Charizard|Solar Beam|p2a: Wolf
|-activate|p2a: Wolf|move: Protect
|
|-weather|SunnyDay|[upkeep]
|upkeep
|turn|8
|c|☆GlitchXDGOAT|GG
|
|t:|1783921712
|switch|p1a: Garchomp|Garchomp, L50, F|28/100
|move|p2a: Wolf|Protect||[still]
|-fail|p2a: Wolf
|move|p1b: Charizard|Solar Beam||[still]
|-prepare|p1b: Charizard|Solar Beam
|-anim|p1b: Charizard|Solar Beam|p2a: Wolf
|-supereffective|p2a: Wolf|1
|-damage|p2a: Wolf|0 fnt
|faint|p2a: Wolf
|
|win|ghhbbj
||GlitchXDGOAT is ready for game 2.
|inactive|ghhbbj has 30 seconds to confirm battle start!
|l|☆ghhbbj
|player|p1|
||ghhbbj is ready for game 2.
|uhtml|next|Next: Game 2 of 3
