|j|☆izmatti
|j|☆ChickenZX
|html|izmattiChickenZX    
|uhtml|bestof|Game 3 of a best-of-3
|t:|1757830719
|gametype|doubles
|player|p1|izmatti|266|
|player|p2|ChickenZX|fisherman-gen4|
|gen|9
|tier|[Gen 9] VGC 2025 Reg H (Bo3)
|rule|Species Clause: Limit one of each Pokémon
|rule|Item Clause: Limit 1 of each item
|clearpoke
|poke|p1|Corviknight, L50, M|
|poke|p1|Tyranitar, L50, F|
|poke|p1|Excadrill, L50, F|
|poke|p1|Annihilape, L50, F|
|poke|p1|Indeedee-F, L50, F|
|poke|p1|Delphox, L50, M|
|poke|p2|Lilligant-Hisui, L50, F|
|poke|p2|Torkoal, L50, M|
|poke|p2|Ursaluna-Bloodmoon, L50, M|
|poke|p2|Dragonite, L50, M|
|poke|p2|Rillaboom, L50, M|
|poke|p2|Kingambit, L50, M|
|teampreview|4
|showteam|p1|Corviknight||PsychicSeed|MirrorArmor|BraveBird,PowerTrip,BulkUp,Roost|||M|||50|,,,,,Dragon]Tyranitar||AssaultVest|SandStream|TeraBlast,RockSlide,LowKick,KnockOff|||F|||50|,,,,,Flying]Excadrill||FocusSash|SandRush|SwordsDance,IronHead,Earthquake,Protect|||F|||50|,,,,,Ground]Annihilape||SafetyGoggles|Defiant|CloseCombat,Protect,FinalGambit,RageFist|||F|||50|,,,,,Grass]Indeedee-F||RockyHelmet|PsychicSurge|FollowMe,HelpingHand,TrickRoom,AlluringVoice|||F|||50|,,,,,Flying]Delphox||LifeOrb|Blaze|ExpandingForce,HeatWave,Protect,TeraBlast|||M|||50|,,,,,Fighting
|showteam|p2|Lilligant-Hisui||FocusSash|Chlorophyll|CloseCombat,TripleAxel,SolarBlade,AfterYou|||F|||50|,,,,,Ghost]Torkoal||Charcoal|Drought|Eruption,WeatherBall,HelpingHand,Protect|||M|||50|,,,,,Fire]Ursaluna-Bloodmoon||LifeOrb|MindsEye|BloodMoon,HyperVoice,EarthPower,Protect|||M|||50|,,,,,Normal]Dragonite||LoadedDice|Multiscale|ScaleShot,Protect,Tailwind,Haze|||M|||50|,,,,,Fairy]Rillaboom||AssaultVest|GrassySurge|WoodHammer,GrassyGlide,HighHorsepower,FakeOut|||M|||50|,,,,,Fire]Kingambit||SafetyGoggles|Defiant|KowtowCleave,SuckerPunch,SwordsDance,Protect|||M|||50|,,,,,Dark
|inactive|Battle timer is ON: inactive players will automatically lose when time's up. (requested by ChickenZX)
|inactive|izmatti has 60 seconds left.
|
|t:|1757830753
|teamsize|p1|4
|teamsize|p2|4
|start
|switch|p1a: Excadrill|Excadrill, L50, F|100/100
|switch|p1b: Tyranitar|Tyranitar, L50, F|100/100
|switch|p2a: Dragonite|Dragonite, L50, M|100/100
|switch|p2b: Ursaluna|Ursaluna-Bloodmoon, L50, M|100/100
|-weather|Sandstorm|[from] ability: Sand Stream|[of] p1b: Tyranitar
|turn|1
|inactive|ChickenZX has 30 seconds left.
|
|t:|1757830780
|-terastallize|p2a: Dragonite|Fairy
|move|p1a: Excadrill|Swords Dance|p1a: Excadrill
|-boost|p1a: Excadrill|atk|2
|move|p2a: Dragonite|Tailwind|p2a: Dragonite
|-sidestart|p2: ChickenZX|move: Tailwind
|move|p2b: Ursaluna|Earth Power|p1a: Excadrill
|-supereffective|p1a: Excadrill
|-enditem|p1a: Excadrill|Focus Sash
|-damage|p1a: Excadrill|1/100
|-damage|p2b: Ursaluna|90/100|[from] item: Life Orb
|move|p1b: Tyranitar|Rock Slide|p2b: Ursaluna|[spread] p2a,p2b
|-resisted|p2b: Ursaluna
|-damage|p2a: Dragonite|83/100
|-damage|p2b: Ursaluna|79/100
|
|-weather|Sandstorm|[upkeep]
|-damage|p2a: Dragonite|77/100|[from] Sandstorm
|upkeep
|turn|2
|inactive|izmatti has 30 seconds left.
|inactive|ChickenZX has 30 seconds left.
|inactive|izmatti has 20 seconds left.
|inactive|izmatti has 15 seconds left.
|
|t:|1757830820
|switch|p2b: Torkoal|Torkoal, L50, M|100/100
|-weather|SunnyDay|[from] ability: Drought|[of] p2b: Torkoal
|-terastallize|p1b: Tyranitar|Flying
|move|p2a: Dragonite|Scale Shot|p1a: Excadrill
|-resisted|p1a: Excadrill
|-damage|p1a: Excadrill|0 fnt
|faint|p1a: Excadrill
|-hitcount|p1: Excadrill|1
|-unboost|p2a: Dragonite|def|1
|-boost|p2a: Dragonite|spe|1
|move|p1b: Tyranitar|Knock Off|p2a: Dragonite
|-resisted|p2a: Dragonite
|-damage|p2a: Dragonite|33/100
|-enditem|p2a: Dragonite|Loaded Dice|[from] move: Knock Off|[of] p1b: Tyranitar
|
|-weather|SunnyDay|[upkeep]
|upkeep
|
|t:|1757830840
|switch|p1a: Delphox|Delphox, L50, M|100/100
|turn|3
|
|t:|1757830847
|switch|p1b: Indeedee|Indeedee-F, L50, F|100/100
|-fieldstart|move: Psychic Terrain|[from] ability: Psychic Surge|[of] p1b: Indeedee
|move|p2b: Torkoal|Protect|p2b: Torkoal
|-singleturn|p2b: Torkoal|Protect
|move|p2a: Dragonite|Scale Shot|p1a: Delphox
|-damage|p1a: Delphox|78/100
|-damage|p1a: Delphox|56/100
|-hitcount|p1a: Delphox|2
|-unboost|p2a: Dragonite|def|1
|-boost|p2a: Dragonite|spe|1
|move|p1a: Delphox|Expanding Force|p2b: Torkoal|[spread] p2a
|-activate|p2b: Torkoal|move: Protect
|-damage|p2a: Dragonite|0 fnt
|faint|p2a: Dragonite
|-damage|p1a: Delphox|46/100|[from] item: Life Orb
|
|-weather|SunnyDay|[upkeep]
|upkeep
|
|t:|1757830860
|switch|p2a: Ursaluna|Ursaluna-Bloodmoon, L50, M|79/100
|turn|4
|
|t:|1757830870
|move|p1a: Delphox|Protect|p1a: Delphox
|-singleturn|p1a: Delphox|Protect
|move|p2a: Ursaluna|Hyper Voice|p1a: Delphox|[spread] p1b
|-activate|p1a: Delphox|move: Protect
|-damage|p1b: Indeedee|49/100
|-damage|p2a: Ursaluna|69/100|[from] item: Life Orb
|move|p1b: Indeedee|Alluring Voice|p2b: Torkoal
|-resisted|p2b: Torkoal
|-damage|p2b: Torkoal|89/100
|move|p2b: Torkoal|Weather Ball|p1b: Indeedee
|-damage|p1b: Indeedee|0 fnt
|faint|p1b: Indeedee
|
|-weather|SunnyDay|[upkeep]
|-sideend|p2: ChickenZX|move: Tailwind
|upkeep
|
|t:|1757830882
|switch|p1b: Tyranitar|Tyranitar, L50, F, tera:Flying|100/100
|-weather|Sandstorm|[from] ability: Sand Stream|[of] p1b: Tyranitar
|turn|5
|
|t:|1757830892
|move|p2a: Ursaluna|Protect|p2a: Ursaluna
|-singleturn|p2a: Ursaluna|Protect
|move|p1a: Delphox|Expanding Force|p2b: Torkoal|[spread] p2b
|-activate|p2a: Ursaluna|move: Protect
|-damage|p2b: Torkoal|0 fnt
|faint|p2b: Torkoal
|-damage|p1a: Delphox|36/100|[from] item: Life Orb
|move|p1b: Tyranitar|Tera Blast|p2a: Ursaluna|[anim] Tera Blast Flying
|-activate|p2a: Ursaluna|move: Protect
|
|-weather|Sandstorm|[upkeep]
|-damage|p1a: Delphox|30/100|[from] Sandstorm
|-damage|p1b: Tyranitar|95/100|[from] Sandstorm
|upkeep
|
|t:|1757830898
|switch|p2b: Lilligant|Lilligant-Hisui, L50, F, shiny|100/100
|turn|6
|
|t:|1757830907
|move|p2b: Lilligant|After You|p2a: Ursaluna
|-activate|p2a: Ursaluna|move: After You
|move|p2a: Ursaluna|Hyper Voice|p1b: Tyranitar|[spread] p1a,p1b
|-crit|p1a: Delphox
|-damage|p1a: Delphox|0 fnt
|-damage|p1b: Tyranitar|65/100
|faint|p1a: Delphox
|-damage|p2a: Ursaluna|59/100|[from] item: Life Orb
|move|p1b: Tyranitar|Tera Blast|p2a: Ursaluna|[anim] Tera Blast Flying
|-damage|p2a: Ursaluna|27/100
|
|-weather|Sandstorm|[upkeep]
|-damage|p2b: Lilligant|94/100|[from] Sandstorm
|-damage|p1b: Tyranitar|59/100|[from] Sandstorm
|upkeep
|turn|7
|
|t:|1757830923
|move|p2b: Lilligant|After You|p1b: Tyranitar
|-activate|p1b: Tyranitar|move: After You
|move|p1b: Tyranitar|Rock Slide|p2b: Lilligant|[spread] p2a,p2b
|-resisted|p2a: Ursaluna
|-resisted|p2b: Lilligant
|-damage|p2a: Ursaluna|15/100
|-damage|p2b: Lilligant|70/100
|cant|p2a: Ursaluna|flinch
|
|-weather|Sandstorm|[upkeep]
|-damage|p2b: Lilligant|64/100|[from] Sandstorm
|-damage|p1b: Tyranitar|53/100|[from] Sandstorm
|-fieldend|move: Psychic Terrain
|upkeep
|turn|8
|
|t:|1757830947
|move|p2b: Lilligant|After You|p2a: Ursaluna
|-activate|p2a: Ursaluna|move: After You
|move|p2a: Ursaluna|Blood Moon|p1b: Tyranitar
|-damage|p1b: Tyranitar|0 fnt
|faint|p1b: Tyranitar
|-damage|p2a: Ursaluna|5/100|[from] item: Life Orb
|
|win|ChickenZX
|c|☆ChickenZX|misclick again
|c|☆izmatti|i was confused that i went 1st lmaooo
|c|☆izmatti|ahahahahah
|c|☆izmatti|i was like wth
|c|☆ChickenZX|yeah me too
|c|☆ChickenZX|this is good matchup practice
