|j|☆is_katabo
|j|☆huezinhu
|html|is_katabohuezinhu    
|uhtml|bestof|Game 2 of a best-of-3
|t:|1757204473
|gametype|doubles
|player|p1|is_katabo|barry|
|player|p2|huezinhu|170|
|gen|9
|tier|[Gen 9] VGC 2025 Reg H (Bo3)
|rule|Species Clause: Limit one of each Pokémon
|rule|Item Clause: Limit 1 of each item
|clearpoke
|poke|p1|Milotic, L50, M|
|poke|p1|Incineroar, L50, M|
|poke|p1|Amoonguss, L50, M|
|poke|p1|Gholdengo, L50|
|poke|p1|Ursaluna-Bloodmoon, L50, M|
|poke|p1|Dragonite, L50, F|
|poke|p2|Indeedee-F, L50, F|
|poke|p2|Gallade, L50, M|
|poke|p2|Hatterene, L50, F|
|poke|p2|Ursaluna, L50, F|
|poke|p2|Torkoal, L50, F|
|poke|p2|Lilligant-Hisui, L50, F|
|teampreview|4
|showteam|p1|Milotic||SafetyGoggles|Competitive|Scald,IcyWind,Haze,Protect|||M|||50|,,,,,Dragon]Incineroar||SitrusBerry|Intimidate|FakeOut,KnockOff,FlareBlitz,PartingShot|||M|||50|,,,,,Ghost]Amoonguss||CovertCloak|Regenerator|PollenPuff,RagePowder,Spore,Protect|||M|||50|,,,,,Electric]Gholdengo||LifeOrb|GoodasGold|MakeItRain,ShadowBall,NastyPlot,Protect||||||50|,,,,,Water]Ursaluna-Bloodmoon||AssaultVest|MindsEye|BloodMoon,HyperVoice,EarthPower,VacuumWave|||M|||50|,,,,,Water]Dragonite||LoadedDice|Multiscale|ScaleShot,ExtremeSpeed,Tailwind,Protect|||F|||50|,,,,,Steel
|showteam|p2|Indeedee-F||PsychicSeed|PsychicSurge|Psychic,FollowMe,HelpingHand,TrickRoom|||F|||50|,,,,,Water]Gallade||ClearAmulet|Sharpness|PsychoCut,SacredSword,TrickRoom,WideGuard|||M|||50|,,,,,Grass]Hatterene||LifeOrb|MagicBounce|ExpandingForce,DazzlingGleam,TrickRoom,Protect|||F|||50|,,,,,Psychic]Ursaluna||FlameOrb|Guts|Facade,HeadlongRush,SwordsDance,Protect|||F|||50|,,,,,Ghost]Torkoal||ChoiceSpecs|Drought|Eruption,HeatWave,WeatherBall,EarthPower|||F|||50|,,,,,Fire]Lilligant-Hisui||FocusSash|Chlorophyll|SleepPowder,CloseCombat,SolarBlade,AfterYou|||F|||50|,,,,,Ghost
|inactive|Battle timer is ON: inactive players will automatically lose when time's up. (requested by huezinhu)
|inactive|huezinhu has 60 seconds left.
|
|t:|1757204512
|teamsize|p1|4
|teamsize|p2|4
|start
|switch|p1a: Yeah Right|Incineroar, L50, M|100/100
|switch|p1b: Party People|Gholdengo, L50|100/100
|switch|p2a: Ursaluna|Ursaluna, L50, F|100/100
|switch|p2b: Lilligant|Lilligant-Hisui, L50, F|100/100
|-ability|p1a: Yeah Right|Intimidate|boost
|-unboost|p2a: Ursaluna|atk|1
|-unboost|p2b: Lilligant|atk|1
|turn|1
|inactive|is_katabo has 30 seconds left.
|inactive|huezinhu has 30 seconds left.
|inactive|is_katabo has 20 seconds left.
|inactive|huezinhu has 20 seconds left.
|
|t:|1757204559
|switch|p1a: SAMO|Amoonguss, L50, M|100/100
|-terastallize|p2a: Ursaluna|Ghost
|move|p2b: Lilligant|Close Combat|p1a: SAMO
|-resisted|p1a: SAMO
|-damage|p1a: SAMO|83/100
|-unboost|p2b: Lilligant|def|1
|-unboost|p2b: Lilligant|spd|1
|move|p1b: Party People|Nasty Plot|p1b: Party People
|-boost|p1b: Party People|spa|2
|move|p2a: Ursaluna|Headlong Rush|p1b: Party People
|-supereffective|p1b: Party People
|-damage|p1b: Party People|17/100
|-unboost|p2a: Ursaluna|def|1
|-unboost|p2a: Ursaluna|spd|1
|
|-status|p2a: Ursaluna|brn|[from] item: Flame Orb
|upkeep
|turn|2
|inactive|is_katabo has 30 seconds left.
|inactive|huezinhu has 30 seconds left.
|
|t:|1757204588
|switch|p2a: Torkoal|Torkoal, L50, F|100/100
|-weather|SunnyDay|[from] ability: Drought|[of] p2a: Torkoal
|move|p1a: SAMO|Rage Powder|p1a: SAMO
|-singleturn|p1a: SAMO|move: Rage Powder
|move|p2b: Lilligant|Solar Blade||[still]
|-prepare|p2b: Lilligant|Solar Blade
|-anim|p2b: Lilligant|Solar Blade|p1b: Party People
|-resisted|p1b: Party People
|-damage|p1b: Party People|0 fnt
|faint|p1b: Party People
|
|-weather|SunnyDay|[upkeep]
|upkeep
|j| Trestkon
|
|t:|1757204601
|switch|p1b: Yeah Right|Incineroar, L50, M|100/100
|-ability|p1b: Yeah Right|Intimidate|boost
|-unboost|p2a: Torkoal|atk|1
|-unboost|p2b: Lilligant|atk|1
|turn|3
|
|t:|1757204616
|move|p1b: Yeah Right|Fake Out|p2a: Torkoal
|-damage|p2a: Torkoal|91/100
|move|p2b: Lilligant|Close Combat|p1b: Yeah Right
|-supereffective|p1b: Yeah Right
|-damage|p1b: Yeah Right|49/100
|-unboost|p2b: Lilligant|def|1
|-unboost|p2b: Lilligant|spd|1
|-enditem|p1b: Yeah Right|Sitrus Berry|[eat]
|-heal|p1b: Yeah Right|74/100|[from] item: Sitrus Berry
|move|p1a: SAMO|Pollen Puff|p2b: Lilligant
|-damage|p2b: Lilligant|41/100
|cant|p2a: Torkoal|flinch
|
|-weather|SunnyDay|[upkeep]
|upkeep
|turn|4
|inactive|huezinhu has 30 seconds left.
|
|t:|1757204641
|switch|p1a: Big Fish|Milotic, L50, M|100/100
|move|p2b: Lilligant|Close Combat|p1b: Yeah Right
|-supereffective|p1b: Yeah Right
|-damage|p1b: Yeah Right|25/100
|-unboost|p2b: Lilligant|def|1
|-unboost|p2b: Lilligant|spd|1
|move|p1b: Yeah Right|Parting Shot|p2a: Torkoal
|-unboost|p2a: Torkoal|atk|1
|-unboost|p2a: Torkoal|spa|1
|
|t:|1757204650
|switch|p1b: SAMO|Amoonguss, L50, M|100/100|[from] Parting Shot
|move|p2a: Torkoal|Earth Power|p1a: Big Fish
|-damage|p1a: Big Fish|84/100
|
|-weather|SunnyDay|[upkeep]
|upkeep
|turn|5
|inactive|huezinhu has 30 seconds left.
|
|t:|1757204676
|switch|p2b: Ursaluna|Ursaluna, L50, F, tera:Ghost|100/100 brn
|switch|p2a: Gallade|Gallade, L50, M|100/100
|move|p1a: Big Fish|Icy Wind|p2b: Ursaluna|[spread] p2a,p2b
|-damage|p2a: Gallade|90/100
|-damage|p2b: Ursaluna|92/100 brn
|-unboost|p2b: Ursaluna|spe|1
|move|p1b: SAMO|Spore|p2a: Gallade
|-status|p2a: Gallade|slp|[from] move: Spore
|
|-weather|SunnyDay|[upkeep]
|-damage|p2b: Ursaluna|86/100 brn|[from] brn
|upkeep
|turn|6
|
|t:|1757204700
|switch|p1a: Yeah Right|Incineroar, L50, M|25/100
|-ability|p1a: Yeah Right|Intimidate|boost
|-fail|p2a: Gallade|unboost|[from] item: Clear Amulet|[of] p2a: Gallade
|-unboost|p2b: Ursaluna|atk|1
|switch|p2b: Lilligant|Lilligant-Hisui, L50, F|41/100
|move|p1b: SAMO|Rage Powder|p1b: SAMO
|-singleturn|p1b: SAMO|move: Rage Powder
|cant|p2a: Gallade|slp
|
|-weather|none
|upkeep
|turn|7
|
|t:|1757204721
|switch|p1a: Big Fish|Milotic, L50, M|84/100
|move|p2b: Lilligant|Close Combat|p1a: Big Fish
|-damage|p1a: Big Fish|35/100
|-unboost|p2b: Lilligant|def|1
|-unboost|p2b: Lilligant|spd|1
|cant|p2a: Gallade|slp
|move|p1b: SAMO|Pollen Puff|p2b: Lilligant
|-damage|p2b: Lilligant|0 fnt
|faint|p2b: Lilligant
|
|upkeep
|
|t:|1757204735
|switch|p2b: Ursaluna|Ursaluna, L50, F, tera:Ghost|86/100 brn
|turn|8
|
|t:|1757204747
|move|p1a: Big Fish|Scald|p2b: Ursaluna
|-damage|p2b: Ursaluna|63/100 brn
|cant|p2a: Gallade|slp
|move|p2b: Ursaluna|Facade|p1a: Big Fish
|-crit|p1a: Big Fish
|-damage|p1a: Big Fish|0 fnt
|faint|p1a: Big Fish
|move|p1b: SAMO|Pollen Puff|p1: Big Fish|[notarget]
|-fail|p1b: SAMO
|
|-damage|p2b: Ursaluna|57/100 brn|[from] brn
|upkeep
|
|t:|1757204758
|switch|p1a: Yeah Right|Incineroar, L50, M|25/100
|-ability|p1a: Yeah Right|Intimidate|boost
|-fail|p2a: Gallade|unboost|[from] item: Clear Amulet|[of] p2a: Gallade
|-unboost|p2b: Ursaluna|atk|1
|turn|9
|l| Trestkon
|
|t:|1757204769
|-terastallize|p1a: Yeah Right|Ghost
|move|p1a: Yeah Right|Knock Off|p2b: Ursaluna
|-supereffective|p2b: Ursaluna
|-damage|p2b: Ursaluna|0 fnt
|-enditem|p2b: Ursaluna|Flame Orb|[from] move: Knock Off|[of] p1a: Yeah Right
|faint|p2b: Ursaluna
|-curestatus|p2a: Gallade|slp|[msg]
|move|p2a: Gallade|Psycho Cut|p1b: SAMO
|-supereffective|p1b: SAMO
|-damage|p1b: SAMO|0 fnt
|faint|p1b: SAMO
|
|upkeep
|
|t:|1757204779
|switch|p2b: Torkoal|Torkoal, L50, F|91/100
|-weather|SunnyDay|[from] ability: Drought|[of] p2b: Torkoal
|turn|10
|c|☆is_katabo|gg
|
|t:|1757204790
|move|p1a: Yeah Right|Knock Off|p2b: Torkoal
|-damage|p2b: Torkoal|58/100
|-enditem|p2b: Torkoal|Choice Specs|[from] move: Knock Off|[of] p1a: Yeah Right
|move|p2a: Gallade|Psycho Cut|p1a: Yeah Right
|-damage|p1a: Yeah Right|0 fnt
|faint|p1a: Yeah Right
|
|win|huezinhu
|c|☆huezinhu|gg
|c|☆is_katabo|nice adjustments
|c|☆huezinhu|ty
|c|☆is_katabo|np
|l|☆huezinhu
|player|p2|
