|j|☆luckstat10
|j|☆Dudthestud
|html|luckstat10Dudthestud    
|uhtml|bestof|Game 2 of a best-of-3
|t:|1756332811
|gametype|doubles
|player|p1|luckstat10|2|1142
|player|p2|Dudthestud|170|1022
|gen|9
|tier|[Gen 9] VGC 2025 Reg H (Bo3)
|rated|
|rule|Species Clause: Limit one of each Pokémon
|rule|Item Clause: Limit 1 of each item
|clearpoke
|poke|p1|Rillaboom, L50, M|
|poke|p1|Sneasler, L50, F|
|poke|p1|Gholdengo, L50|
|poke|p1|Volcarona, L50, F|
|poke|p1|Dragonite, L50, M|
|poke|p1|Kingambit, L50, M|
|poke|p2|Tauros-Paldea-Blaze, L50, M|
|poke|p2|Torkoal, L50, F|
|poke|p2|Dragonite, L50, M|
|poke|p2|Garchomp, L50, F|
|poke|p2|Charizard, L50, M|
|poke|p2|Whimsicott, L50, M|
|teampreview|4
|showteam|p1|Rillaboom||AssaultVest|GrassySurge|FakeOut,WoodHammer,GrassyGlide,HighHorsepower|||M|||50|,,,,,Fire]Sneasler||FocusSash|PoisonTouch|FakeOut,CloseCombat,DireClaw,Protect|||F|||50|,,,,,Stellar]Gholdengo||LifeOrb|GoodasGold|NastyPlot,MakeItRain,ShadowBall,Protect||||||50|,,,,,Water]Volcarona||CovertCloak|FlameBody|QuiverDance,HeatWave,GigaDrain,Protect|||F|||50|,,,,,Grass]Dragonite||LoadedDice|Multiscale|ScaleShot,ExtremeSpeed,Tailwind,Protect|||M|||50|,,,,,Steel]Kingambit||BlackGlasses|Defiant|SwordsDance,KowtowCleave,SuckerPunch,Protect|||M|||50|,,,,,Fire
|showteam|p2|Tauros-Paldea-Blaze||MirrorHerb|Intimidate|RagingBull,CloseCombat,RockSlide,Protect|||M|||50|,,,,,Stellar]Torkoal||EjectPack|Drought|Overheat,BurningJealousy,HelpingHand,Protect|||F|||50|,,,,,Fire]Dragonite||LoadedDice|Multiscale|ScaleShot,IceSpinner,ExtremeSpeed,Protect|||M|||50|,,,,,Fairy]Garchomp||LifeOrb|RoughSkin|DragonClaw,Earthquake,StompingTantrum,Protect|||F|||50|,,,,,Fairy]Charizard||ChoiceSpecs|SolarPower|HeatWave,AirSlash,WeatherBall,ScorchingSands|||M|||50|,,,,,Ghost]Whimsicott||FocusSash|Prankster|Moonblast,Protect,SunnyDay,Tailwind|||M|||50|,,,,,Ghost
|inactive|Battle timer is ON: inactive players will automatically lose when time's up. (requested by Dudthestud)
|inactive|luckstat10 has 60 seconds left.
|inactive|luckstat10 has 30 seconds left.
|inactive|luckstat10 has 20 seconds left.
|inactive|luckstat10 has 15 seconds left.
|inactive|luckstat10 has 10 seconds left.
|
|t:|1756332896
|teamsize|p1|4
|teamsize|p2|4
|start
|switch|p1a: Dragonite|Dragonite, L50, M, shiny|100/100
|switch|p1b: Kingambit|Kingambit, L50, M|100/100
|switch|p2a: Tauros|Tauros-Paldea-Blaze, L50, M|100/100
|switch|p2b: Dragonite|Dragonite, L50, M|100/100
|-ability|p2a: Tauros|Intimidate|boost
|-unboost|p1a: Dragonite|atk|1
|-unboost|p1b: Kingambit|atk|1
|-ability|p1b: Kingambit|Defiant|boost
|-boost|p1b: Kingambit|atk|2
|-enditem|p2a: Tauros|Mirror Herb
|-boost|p2a: Tauros|atk|2|[from] item: Mirror Herb
|turn|1
|
|t:|1756332915
|switch|p1b: Midas|Gholdengo, L50|100/100
|-terastallize|p2b: Dragonite|Fairy
|-terastallize|p1a: Dragonite|Steel
|move|p2a: Tauros|Rock Slide|p1a: Dragonite|[spread] p1a,p1b
|-resisted|p1a: Dragonite
|-resisted|p1b: Midas
|-damage|p1a: Dragonite|90/100
|-damage|p1b: Midas|84/100
|move|p1a: Dragonite|Scale Shot|p2a: Tauros
|-damage|p2a: Tauros|90/100
|-damage|p2a: Tauros|79/100
|-damage|p2a: Tauros|67/100
|-damage|p2a: Tauros|56/100
|-hitcount|p2a: Tauros|4
|-unboost|p1a: Dragonite|def|1
|-boost|p1a: Dragonite|spe|1
|move|p2b: Dragonite|Scale Shot|p1a: Dragonite
|-resisted|p1a: Dragonite
|-damage|p1a: Dragonite|77/100
|-resisted|p1a: Dragonite
|-damage|p1a: Dragonite|63/100
|-resisted|p1a: Dragonite
|-damage|p1a: Dragonite|51/100
|-resisted|p1a: Dragonite
|-damage|p1a: Dragonite|38/100
|-resisted|p1a: Dragonite
|-damage|p1a: Dragonite|24/100
|-hitcount|p1a: Dragonite|5
|-unboost|p2b: Dragonite|def|1
|-boost|p2b: Dragonite|spe|1
|
|upkeep
|turn|2
|inactive|luckstat10 has 30 seconds left.
|
|t:|1756332949
|move|p1b: Midas|Protect|p1b: Midas
|-singleturn|p1b: Midas|Protect
|move|p2b: Dragonite|Scale Shot|p1a: Dragonite
|-resisted|p1a: Dragonite
|-damage|p1a: Dragonite|12/100
|-resisted|p1a: Dragonite
|-damage|p1a: Dragonite|0 fnt
|faint|p1a: Dragonite
|-hitcount|p1: Dragonite|2
|-unboost|p2b: Dragonite|def|1
|-boost|p2b: Dragonite|spe|1
|move|p2a: Tauros|Raging Bull|p1b: Midas
|-activate|p1b: Midas|move: Protect
|
|upkeep
|
|t:|1756332956
|switch|p1a: Dare|Sneasler, L50, F|100/100
|turn|3
|
|t:|1756332963
|move|p2b: Dragonite|Protect|p2b: Dragonite
|-singleturn|p2b: Dragonite|Protect
|move|p2a: Tauros|Protect|p2a: Tauros
|-singleturn|p2a: Tauros|Protect
|move|p1a: Dare|Close Combat|p2a: Tauros
|-activate|p2a: Tauros|move: Protect
|move|p1b: Midas|Make It Rain|p2b: Dragonite|[spread] 
|-activate|p2a: Tauros|move: Protect
|-activate|p2b: Dragonite|move: Protect
|
|upkeep
|turn|4
|
|t:|1756332979
|move|p2b: Dragonite|Scale Shot|p1a: Dare
|-damage|p1a: Dare|73/100
|-damage|p1a: Dare|46/100
|-damage|p1a: Dare|20/100
|-damage|p1a: Dare|0 fnt
|faint|p1a: Dare
|-hitcount|p1: Dare|4
|-unboost|p2b: Dragonite|def|1
|-boost|p2b: Dragonite|spe|1
|move|p2a: Tauros|Raging Bull|p1b: Midas
|-supereffective|p1b: Midas
|-damage|p1b: Midas|0 fnt
|faint|p1b: Midas
|
|upkeep
|inactive|luckstat10 has 30 seconds left.
|
|t:|1756333004
|switch|p1a: Kingambit|Kingambit, L50, M|100/100
|turn|5
|
|t:|1756333013
|move|p1a: Kingambit|Protect|p1a: Kingambit
|-singleturn|p1a: Kingambit|Protect
|move|p2b: Dragonite|Extreme Speed|p1a: Kingambit
|-activate|p1a: Kingambit|move: Protect
|move|p2a: Tauros|Close Combat|p1a: Kingambit
|-activate|p1a: Kingambit|move: Protect
|
|upkeep
|turn|6
|
|t:|1756333019
|move|p2b: Dragonite|Protect|p2b: Dragonite
|-singleturn|p2b: Dragonite|Protect
|move|p1a: Kingambit|Sucker Punch|p2a: Tauros
|-resisted|p2a: Tauros
|-damage|p2a: Tauros|28/100
|move|p2a: Tauros|Close Combat|p1a: Kingambit
|-supereffective|p1a: Kingambit
|-damage|p1a: Kingambit|0 fnt
|-unboost|p2a: Tauros|def|1
|-unboost|p2a: Tauros|spd|1
|faint|p1a: Kingambit
|
|win|Dudthestud
|raw|luckstat10's rating: 1142 → 1109(-33 for losing)
|raw|Dudthestud's rating: 1022 → 1071(+49 for winning)
|l|☆luckstat10
|player|p1|
