|j|☆MrManlyMeep
|j|☆TeyVgc
|html|MrManlyMeepTeyVgc    
|uhtml|bestof|Game 2 of a best-of-3
|t:|1783311903
|gametype|doubles
|player|p1|MrManlyMeep|170|1222
|player|p2|TeyVgc|rood|1318
|gen|9
|tier|[Gen 9 Champions] VGC 2026 Reg M-B (Bo3)
|rated|
|rule|Species Clause: Limit one of each Pokémon
|rule|Item Clause: Limit 1 of each item
|clearpoke
|poke|p1|Mawile, L50, F|
|poke|p1|Grimmsnarl, L50, M|
|poke|p1|Ampharos, L50, M|
|poke|p1|Sinistcha-Masterpiece, L50|
|poke|p1|Ceruledge, L50, M|
|poke|p1|Kommo-o, L50, M|
|poke|p2|Sneasler, L50, F|
|poke|p2|Floette-Eternal, L50, F|
|poke|p2|Sinistcha, L50|
|poke|p2|Incineroar, L50, F|
|poke|p2|Kingambit, L50, M|
|poke|p2|Garchomp, L50, M|
|teampreview|4
|showteam|p1|Mawile||Mawilite|Intimidate|SuckerPunch,PlayRough,IronHead,Protect|Adamant||F|||50|]Grimmsnarl||LightClay|Prankster|SpiritBreak,Reflect,LightScreen,PartingShot|Adamant||M|||50|]Ampharos||Ampharosite|Static|Thunderbolt,CottonGuard,Protect,DragonPulse|Calm||M|||50|]Sinistcha-Masterpiece||SitrusBerry|Hospitality|RagePowder,TrickRoom,MatchaGotcha,ShadowBall|Relaxed|||||50|]Ceruledge||ColburBerry|FlashFire|BulkUp,BitterBlade,ShadowSneak,Protect|Adamant||M|||50|]Kommo-o||Leftovers|Soundproof|AuraSphere,ClangingScales,ClangorousSoul,Protect|Modest||M|||50|
|showteam|p2|Sneasler||WhiteHerb|Unburden|CloseCombat,GunkShot,Coaching,FakeOut|Jolly||F|||50|]Floette-Eternal||Floettite|FlowerVeil|CalmMind,Protect,Moonblast,DazzlingGleam|Modest||F|||50|]Sinistcha||ColburBerry|Hospitality|MatchaGotcha,Protect,RagePowder,TrickRoom|Bold|||||50|]Incineroar||SitrusBerry|Intimidate|FakeOut,FlareBlitz,ThroatChop,PartingShot|Impish||F|||50|]Kingambit||ChopleBerry|Defiant|KowtowCleave,SuckerPunch,IronHead,Protect|Adamant||M|||50|]Garchomp||Garchompite|RoughSkin|DragonClaw,Earthquake,SwordsDance,Protect|Adamant||M|||50|
|
|t:|1783311916
|teamsize|p1|4
|teamsize|p2|4
|start
|switch|p1a: Mawile|Mawile, L50, F|100/100
|switch|p1b: Grimmsnarl|Grimmsnarl, L50, M|100/100
|switch|p2a: Floette|Floette-Eternal, L50, F|100/100
|switch|p2b: Sneasler|Sneasler, L50, F|100/100
|-ability|p1a: Mawile|Intimidate|boost
|-unboost|p2a: Floette|atk|1
|-unboost|p2b: Sneasler|atk|1
|-enditem|p2b: Sneasler|White Herb
|-clearnegativeboost|p2b: Sneasler|[silent]
|turn|1
|
|t:|1783311944
|switch|p2a: Incineroar|Incineroar, L50, F|100/100
|-ability|p2a: Incineroar|Intimidate|boost
|-unboost|p1a: Mawile|atk|1
|-unboost|p1b: Grimmsnarl|atk|1
|detailschange|p1a: Mawile|Mawile-Mega, L50, F
|-mega|p1a: Mawile|Mawile|Mawilite
|move|p1b: Grimmsnarl|Light Screen|p1b: Grimmsnarl
|-sidestart|p1: MrManlyMeep|move: Light Screen
|move|p2b: Sneasler|Close Combat|p1a: Mawile
|-damage|p1a: Mawile|38/100
|-unboost|p2b: Sneasler|def|1
|-unboost|p2b: Sneasler|spd|1
|move|p1a: Mawile|Iron Head|p2a: Incineroar
|-resisted|p2a: Incineroar|1
|-damage|p2a: Incineroar|80/100
|
|upkeep
|turn|2
|
|t:|1783311971
|switch|p1a: Ceruledge|Ceruledge, L50, M|100/100
|move|p1b: Grimmsnarl|Reflect|p1b: Grimmsnarl
|-sidestart|p1: MrManlyMeep|Reflect
|move|p2b: Sneasler|Gunk Shot|p1b: Grimmsnarl
|-supereffective|p1b: Grimmsnarl|1
|-damage|p1b: Grimmsnarl|26/100
|move|p2a: Incineroar|Flare Blitz|p1a: Ceruledge
|-start|p1a: Ceruledge|ability: Flash Fire
|
|upkeep
|turn|3
|
|t:|1783311998
|move|p1b: Grimmsnarl|Parting Shot|p2b: Sneasler
|-unboost|p2b: Sneasler|atk|1
|-unboost|p2b: Sneasler|spa|1
|
|t:|1783312001
|switch|p1b: Kommo-o|Kommo-o, L50, M|100/100|[from] Parting Shot
|move|p2b: Sneasler|Gunk Shot|p1b: Kommo-o|[miss]
|-miss|p2b: Sneasler|p1b: Kommo-o
|move|p1a: Ceruledge|Bulk Up|p1a: Ceruledge
|-boost|p1a: Ceruledge|atk|1
|-boost|p1a: Ceruledge|def|1
|move|p2a: Incineroar|Parting Shot|p1a: Ceruledge
|-unboost|p1a: Ceruledge|atk|1
|-unboost|p1a: Ceruledge|spa|1
|
|t:|1783312015
|switch|p2a: Floette|Floette-Eternal, L50, F|100/100|[from] Parting Shot
|
|upkeep
|turn|4
|
|t:|1783312028
|switch|p2b: Incineroar|Incineroar, L50, F|80/100
|-ability|p2b: Incineroar|Intimidate|boost
|-unboost|p1a: Ceruledge|atk|1
|-unboost|p1b: Kommo-o|atk|1
|detailschange|p2a: Floette|Floette-Mega, L50, F
|-mega|p2a: Floette|Floette|Floettite
|-ability|p2a: Floette|Fairy Aura
|move|p1b: Kommo-o|Protect|p1b: Kommo-o
|-singleturn|p1b: Kommo-o|Protect
|move|p2a: Floette|Dazzling Gleam|p1a: Ceruledge|[spread] p1a
|-activate|p1b: Kommo-o|move: Protect
|-resisted|p1a: Ceruledge|1
|-damage|p1a: Ceruledge|85/100
|move|p1a: Ceruledge|Bulk Up|p1a: Ceruledge
|-boost|p1a: Ceruledge|atk|1
|-boost|p1a: Ceruledge|def|1
|
|upkeep
|turn|5
|
|t:|1783312050
|switch|p1b: Grimmsnarl|Grimmsnarl, L50, M|26/100
|move|p2a: Floette|Dazzling Gleam|p1a: Ceruledge|[spread] p1a,p1b
|-resisted|p1a: Ceruledge|1
|-supereffective|p1b: Grimmsnarl|1
|-damage|p1a: Ceruledge|70/100
|-damage|p1b: Grimmsnarl|0 fnt
|faint|p1b: Grimmsnarl
|move|p1a: Ceruledge|Bitter Blade|p2a: Floette
|-damage|p2a: Floette|33/100
|-heal|p1a: Ceruledge|100/100|[from] drain|[of] p2a: Floette
|move|p2b: Incineroar|Parting Shot|p1a: Ceruledge
|-unboost|p1a: Ceruledge|atk|1
|-unboost|p1a: Ceruledge|spa|1
|
|t:|1783312068
|switch|p2b: Sneasler|Sneasler, L50, F|100/100|[from] Parting Shot
|
|upkeep
|
|t:|1783312086
|switch|p1b: Mawile|Mawile-Mega, L50, F|38/100
|turn|6
|
|t:|1783312098
|switch|p2a: Incineroar|Incineroar, L50, F|80/100
|-ability|p2a: Incineroar|Intimidate|boost
|-unboost|p1a: Ceruledge|atk|1
|-unboost|p1b: Mawile|atk|1
|move|p2b: Sneasler|Coaching|p2a: Incineroar
|-boost|p2a: Incineroar|atk|1
|-boost|p2a: Incineroar|def|1
|move|p1a: Ceruledge|Bitter Blade|p2a: Incineroar
|-resisted|p2a: Incineroar|1
|-damage|p2a: Incineroar|71/100
|move|p1b: Mawile|Iron Head|p2b: Sneasler
|-damage|p2b: Sneasler|9/100
|
|upkeep
|turn|7
|
|t:|1783312139
|switch|p1b: Kommo-o|Kommo-o, L50, M|100/100
|move|p2b: Sneasler|Coaching|p2a: Incineroar
|-boost|p2a: Incineroar|atk|1
|-boost|p2a: Incineroar|def|1
|move|p1a: Ceruledge|Bulk Up|p1a: Ceruledge
|-boost|p1a: Ceruledge|atk|1
|-boost|p1a: Ceruledge|def|1
|move|p2a: Incineroar|Throat Chop|p1a: Ceruledge
|-supereffective|p1a: Ceruledge|1
|-enditem|p1a: Ceruledge|Colbur Berry|[eat]
|-enditem|p1a: Ceruledge|Colbur Berry|[weaken]
|-damage|p1a: Ceruledge|81/100
|-start|p1a: Ceruledge|Throat Chop|[silent]
|
|upkeep
|turn|8
|
|t:|1783312164
|move|p1a: Ceruledge|Shadow Sneak|p2b: Sneasler
|-damage|p2b: Sneasler|0 fnt
|faint|p2b: Sneasler
|move|p1b: Kommo-o|Aura Sphere|p2a: Incineroar
|-supereffective|p2a: Incineroar|1
|-damage|p2a: Incineroar|5/100
|-enditem|p2a: Incineroar|Sitrus Berry|[eat]
|-heal|p2a: Incineroar|30/100|[from] item: Sitrus Berry
|move|p2a: Incineroar|Throat Chop|p1a: Ceruledge
|-supereffective|p1a: Ceruledge|1
|-damage|p1a: Ceruledge|37/100
|
|-end|p1a: Ceruledge|Throat Chop|[silent]
|-sideend|p1: MrManlyMeep|move: Light Screen
|upkeep
|
|t:|1783312182
|switch|p2b: Floette|Floette-Mega, L50, F|33/100
|-ability|p2b: Floette|Fairy Aura
|turn|9
|
|t:|1783312192
|move|p1a: Ceruledge|Shadow Sneak|p2b: Floette
|-damage|p2b: Floette|19/100
|move|p2b: Floette|Dazzling Gleam|p1b: Kommo-o|[spread] p1a,p1b
|-resisted|p1a: Ceruledge|1
|-supereffective|p1b: Kommo-o|2
|-damage|p1a: Ceruledge|13/100
|-damage|p1b: Kommo-o|0 fnt
|faint|p1b: Kommo-o
|move|p2a: Incineroar|Throat Chop|p1a: Ceruledge
|-supereffective|p1a: Ceruledge|1
|-damage|p1a: Ceruledge|0 fnt
|faint|p1a: Ceruledge
|
|-sideend|p1: MrManlyMeep|Reflect
|upkeep
|
|t:|1783312196
|switch|p1b: Mawile|Mawile-Mega, L50, F|38/100
|turn|10
|-message|MrManlyMeep forfeited.
|
|win|TeyVgc
|raw|MrManlyMeep's rating: 1222 → 1204(-18 for losing)
|raw|TeyVgc's rating: 1318 → 1333(+15 for winning)
