|j|☆samki9
|j|☆AbadanRiyi92
|html|samki9AbadanRiyi92    
|uhtml|bestof|Game 2 of a best-of-3
|t:|1785092625
|gametype|doubles
|player|p1|samki9|102|1247
|player|p2|AbadanRiyi92|colress|1131
|gen|9
|tier|[Gen 9 Champions] VGC 2026 Reg M-B (Bo3)
|rated|
|rule|Species Clause: Limit one of each Pokémon
|rule|Item Clause: Limit 1 of each item
|clearpoke
|poke|p1|Metagross, L50|
|poke|p1|Aerodactyl, L50, M|
|poke|p1|Annihilape, L50, M|
|poke|p1|Garchomp, L50, M|
|poke|p1|Gardevoir, L50, M|
|poke|p1|Incineroar, L50, F|
|poke|p2|Gengar, L50, F, shiny|
|poke|p2|Maushold-Four, L50|
|poke|p2|Annihilape, L50, F|
|poke|p2|Incineroar, L50, F|
|poke|p2|Politoed, L50, F, shiny|
|poke|p2|Archaludon, L50, F|
|teampreview|4
|showteam|p1|Metagross||Metagrossite|ClearBody|IronHead,BulletPunch,PsychicFangs,Protect|Adamant|||||50|]Aerodactyl||Aerodactylite|Unnerve|RockSlide,DualWingbeat,IceFang,Tailwind|Jolly||M|||50|]Annihilape||FocusSash|Defiant|CloseCombat,PhantomForce,Taunt,Coaching|Jolly||M|||50|]Garchomp||LifeOrb|RoughSkin|DragonClaw,Earthquake,StompingTantrum,Protect|Jolly||M|||50|]Gardevoir||ChoiceScarf|Telepathy|Moonblast,DazzlingGleam,Psychic,IcyWind|Timid||M|||50|]Incineroar||SitrusBerry|Intimidate|FakeOut,PartingShot,FlareBlitz,HelpingHand|Careful||F|||50|
|showteam|p2|Gengar||Gengarite|CursedBody|ShadowBall,Disable,PerishSong,Protect|Timid||F|||50|]Maushold-Four||FocusSash|FriendGuard|FollowMe,Encore,BeatUp,Protect|Jolly|||||50|]Annihilape||RoseliBerry|Defiant|RageFist,DrainPunch,BulkUp,Protect|Adamant||F|||50|]Incineroar||PasshoBerry|Intimidate|PartingShot,ThroatChop,Protect,FakeOut|Sassy||F|||50|]Politoed||SitrusBerry|Drizzle|WeatherBall,Encore,PerishSong,Protect|Calm||F|||50|]Archaludon||Leftovers|Stamina|DragonPulse,FlashCannon,ElectroShot,Protect|Bold||F|||50|
|inactive|Battle timer is ON: inactive players will automatically lose when time's up. (requested by samki9)
|inactive|AbadanRiyi92 has 60 seconds left.
|
|t:|1785092667
|teamsize|p1|4
|teamsize|p2|4
|start
|switch|p1a: Garchomp|Garchomp, L50, M|100/100
|switch|p1b: Annihilape|Annihilape, L50, M|100/100
|switch|p2a: Annihilape|Annihilape, L50, F|100/100
|switch|p2b: Maushold|Maushold-Four, L50|100/100
|turn|1
|inactive|AbadanRiyi92 has 30 seconds left.
|
|t:|1785092694
|switch|p1b: Aerodactyl|Aerodactyl, L50, M|100/100
|-ability|p1b: Aerodactyl|Unnerve
|move|p2b: Maushold|Follow Me|p2b: Maushold
|-singleturn|p2b: Maushold|move: Follow Me
|move|p1a: Garchomp|Earthquake|p2a: Annihilape|[spread] p2a,p2b
|-immune|p1b: Aerodactyl
|-damage|p2a: Annihilape|63/100
|-damage|p2b: Maushold|28/100
|-damage|p1a: Garchomp|90/100|[from] item: Life Orb
|move|p2a: Annihilape|Rage Fist|p1b: Aerodactyl
|-damage|p1b: Aerodactyl|12/100
|
|upkeep
|turn|2
|inactive|AbadanRiyi92 has 30 seconds left.
|
|t:|1785092722
|switch|p2a: Archaludon|Archaludon, L50, F|100/100
|detailschange|p1b: Aerodactyl|Aerodactyl-Mega, L50, M
|-mega|p1b: Aerodactyl|Aerodactyl|Aerodactylite
|move|p2b: Maushold|Protect|p2b: Maushold
|-singleturn|p2b: Maushold|Protect
|move|p1b: Aerodactyl|Dual Wingbeat|p2a: Archaludon
|-resisted|p2a: Archaludon|1
|-damage|p2a: Archaludon|93/100
|-ability|p2a: Archaludon|Stamina|boost
|-boost|p2a: Archaludon|def|1
|-resisted|p2a: Archaludon|1
|-damage|p2a: Archaludon|88/100
|-ability|p2a: Archaludon|Stamina|boost
|-boost|p2a: Archaludon|def|1
|-hitcount|p2a: Archaludon|2
|move|p1a: Garchomp|Earthquake|p2b: Maushold|[spread] p2a
|-activate|p2b: Maushold|move: Protect
|-immune|p1b: Aerodactyl
|-supereffective|p2a: Archaludon|1
|-crit|p2a: Archaludon
|-damage|p2a: Archaludon|17/100
|-ability|p2a: Archaludon|Stamina|boost
|-boost|p2a: Archaludon|def|1
|-damage|p1a: Garchomp|80/100|[from] item: Life Orb
|
|-heal|p2a: Archaludon|23/100|[from] item: Leftovers
|upkeep
|turn|3
|c|☆AbadanRiyi92|omfg a crit
|inactive|AbadanRiyi92 has 30 seconds left.
|
|t:|1785092754
|move|p2a: Archaludon|Protect|p2a: Archaludon
|-singleturn|p2a: Archaludon|Protect
|move|p1b: Aerodactyl|Tailwind|p1b: Aerodactyl
|-sidestart|p1: samki9|move: Tailwind
|move|p1a: Garchomp|Earthquake|p2b: Maushold|[spread] p2b
|-activate|p2a: Archaludon|move: Protect
|-immune|p1b: Aerodactyl
|-damage|p2b: Maushold|0 fnt
|faint|p2b: Maushold
|-damage|p1a: Garchomp|70/100|[from] item: Life Orb
|
|-heal|p2a: Archaludon|29/100|[from] item: Leftovers
|upkeep
|
|t:|1785092772
|switch|p2b: Politoed|Politoed, L50, F, shiny|100/100
|-weather|RainDance|[from] ability: Drizzle|[of] p2b: Politoed
|turn|4
|
|t:|1785092779
|move|p2b: Politoed|Protect|p2b: Politoed
|-singleturn|p2b: Politoed|Protect
|move|p1b: Aerodactyl|Dual Wingbeat|p2b: Politoed
|-activate|p2b: Politoed|move: Protect
|move|p1a: Garchomp|Earthquake|p2a: Archaludon|[spread] p2a
|-activate|p2b: Politoed|move: Protect
|-immune|p1b: Aerodactyl
|-supereffective|p2a: Archaludon|1
|-damage|p2a: Archaludon|2/100
|-ability|p2a: Archaludon|Stamina|boost
|-boost|p2a: Archaludon|def|1
|-damage|p1a: Garchomp|61/100|[from] item: Life Orb
|move|p2a: Archaludon|Dragon Pulse|p1a: Garchomp
|-supereffective|p1a: Garchomp|1
|-damage|p1a: Garchomp|0 fnt
|faint|p1a: Garchomp
|
|-weather|RainDance|[upkeep]
|-heal|p2a: Archaludon|8/100|[from] item: Leftovers
|upkeep
|
|t:|1785092784
|switch|p1a: Annihilape|Annihilape, L50, M|100/100
|turn|5
|
|t:|1785092810
|move|p2a: Archaludon|Protect|p2a: Archaludon
|-singleturn|p2a: Archaludon|Protect
|move|p1b: Aerodactyl|Rock Slide|p2a: Archaludon|[spread] p2b
|-activate|p2a: Archaludon|move: Protect
|-damage|p2b: Politoed|72/100
|move|p1a: Annihilape|Close Combat|p2b: Politoed
|-damage|p2b: Politoed|21/100
|-unboost|p1a: Annihilape|def|1
|-unboost|p1a: Annihilape|spd|1
|-enditem|p2b: Politoed|Sitrus Berry|[eat]
|-heal|p2b: Politoed|46/100|[from] item: Sitrus Berry
|move|p2b: Politoed|Weather Ball|p1a: Annihilape
|-damage|p1a: Annihilape|17/100
|
|-weather|RainDance|[upkeep]
|-heal|p2a: Archaludon|14/100|[from] item: Leftovers
|upkeep
|turn|6
|inactive|AbadanRiyi92 has 30 seconds left.
|inactive|AbadanRiyi92 has 20 seconds left.
|
|t:|1785092848
|move|p1b: Aerodactyl|Dual Wingbeat|p2b: Politoed
|-damage|p2b: Politoed|20/100y
|-crit|p2b: Politoed
|-damage|p2b: Politoed|0 fnt
|faint|p2b: Politoed
|-hitcount|p2: Politoed|2
|move|p1a: Annihilape|Phantom Force||[still]
|-prepare|p1a: Annihilape|Phantom Force
|move|p2a: Archaludon|Electro Shot||[still]
|-prepare|p2a: Archaludon|Electro Shot
|-boost|p2a: Archaludon|spa|1
|-anim|p2a: Archaludon|Electro Shot|p1a: Annihilape|[miss]
|-miss|p2a: Archaludon|p1a: Annihilape
|
|-weather|RainDance|[upkeep]
|-heal|p2a: Archaludon|20/100y|[from] item: Leftovers
|-sideend|p1: samki9|move: Tailwind
|upkeep
|c|☆AbadanRiyi92|2 crits, f off lol
|
|t:|1785092862
|switch|p2b: Annihilape|Annihilape, L50, F|63/100
|turn|7
|c|☆samki9|lol i feel ya
|
|t:|1785092877
|move|p1b: Aerodactyl|Dual Wingbeat|p2b: Annihilape
|-supereffective|p2b: Annihilape|1
|-damage|p2b: Annihilape|11/100
|-supereffective|p2b: Annihilape|1
|-damage|p2b: Annihilape|0 fnt
|faint|p2b: Annihilape
|-hitcount|p2: Annihilape|2
|move|p1a: Annihilape|Phantom Force|p2a: Archaludon|[from] lockedmove
|-damage|p2a: Archaludon|9/100
|-ability|p2a: Archaludon|Stamina|boost
|-boost|p2a: Archaludon|def|1
|move|p2a: Archaludon|Electro Shot||[still]
|-prepare|p2a: Archaludon|Electro Shot
|-boost|p2a: Archaludon|spa|1
|-anim|p2a: Archaludon|Electro Shot|p1b: Aerodactyl
|-supereffective|p1b: Aerodactyl|1
|-damage|p1b: Aerodactyl|0 fnt
|faint|p1b: Aerodactyl
|
|-weather|RainDance|[upkeep]
|-heal|p2a: Archaludon|15/100|[from] item: Leftovers
|upkeep
|
|t:|1785092880
|switch|p1b: Gardevoir|Gardevoir, L50, M|100/100
|turn|8
|
|t:|1785092902
|move|p1b: Gardevoir|Moonblast|p2a: Archaludon
|-damage|p2a: Archaludon|0 fnt
|faint|p2a: Archaludon
|
|win|samki9
|raw|samki9's rating: 1247 → 1264(+17 for winning)
|raw|AbadanRiyi92's rating: 1131 → 1114(-17 for losing)
