|j|☆TheOneAndOnlyChat
|j|☆importarcade
|html|TheOneAndOnlyChatimportarcade    
|uhtml|bestof|Game 3 of a best-of-3
|t:|1782340456
|gametype|doubles
|player|p1|TheOneAndOnlyChat|iono-masters|1062
|player|p2|importarcade|ethan|1040
|gen|9
|tier|[Gen 9 Champions] VGC 2026 Reg M-B (Bo3)
|rated|
|rule|Species Clause: Limit one of each Pokémon
|rule|Item Clause: Limit 1 of each item
|clearpoke
|poke|p1|Swampert, L50, F|
|poke|p1|Pelipper, L50, M|
|poke|p1|Sableye, L50, M|
|poke|p1|Archaludon, L50, F|
|poke|p1|Incineroar, L50, M|
|poke|p1|Venusaur, L50, M|
|poke|p2|Swampert, L50, F|
|poke|p2|Pelipper, L50, F|
|poke|p2|Dragonite, L50, M|
|poke|p2|Basculegion, L50, M|
|poke|p2|Sneasler, L50, M|
|poke|p2|Archaludon, L50, M|
|teampreview|4
|showteam|p1|Swampert||Swampertite|Damp|WaveCrash,Earthquake,FlipTurn,Protect|Jolly||F|||50|]Pelipper||ChoiceScarf|Drizzle|WideGuard,Hurricane,Tailwind,MuddyWater|Timid||M|||50|]Sableye||LightClay|Prankster|RainDance,Reflect,LightScreen,Encore|Relaxed||M|||50|]Archaludon||Leftovers|Stamina|ElectroShot,DragonPulse,FlashCannon,Protect|Bold||F|||50|]Incineroar||SitrusBerry|Intimidate|FakeOut,PartingShot,ThroatChop,WillOWisp|Impish||M|||50|]Venusaur||Venusaurite|Chlorophyll|SludgeBomb,EarthPower,GigaDrain,Protect|Modest||M|||50|
|showteam|p2|Swampert||Swampertite|Damp|WaveCrash,Earthquake,IcePunch,Protect|Adamant||F|||50|]Pelipper||FocusSash|Drizzle|Hurricane,WeatherBall,Tailwind,WideGuard|Modest||F|||50|]Dragonite||Dragoninite|InnerFocus|DragonPulse,Hurricane,ExtremeSpeed,Protect|Modest||M|||50|]Basculegion||ChoiceScarf|Adaptability|WaveCrash,LastRespects,FlipTurn,AquaJet|Jolly||M|||50|]Sneasler||WhiteHerb|Unburden|DireClaw,CloseCombat,Protect,FakeOut|Adamant||M|||50|]Archaludon||Leftovers|Stamina|ElectroShot,DragonPulse,FlashCannon,Protect|Calm||M|||50|
|
|t:|1782340491
|teamsize|p1|4
|teamsize|p2|4
|start
|switch|p1a: Venusaur|Venusaur, L50, M|100/100
|switch|p1b: Sableye|Sableye, L50, M|100/100
|switch|p2a: Dragonite|Dragonite, L50, M|100/100
|switch|p2b: Sneasler|Sneasler, L50, M|100/100
|turn|1
|
|t:|1782340511
|switch|p2b: Pelipper|Pelipper, L50, F|100/100
|-weather|RainDance|[from] ability: Drizzle|[of] p2b: Pelipper
|switch|p1a: Archaludon|Archaludon, L50, F|100/100
|detailschange|p2a: Dragonite|Dragonite-Mega, L50, M
|-mega|p2a: Dragonite|Dragonite|Dragoninite
|move|p1b: Sableye|Light Screen|p1b: Sableye
|-sidestart|p1: TheOneAndOnlyChat|move: Light Screen
|move|p2a: Dragonite|Hurricane|p1a: Archaludon
|-resisted|p1a: Archaludon|1
|-damage|p1a: Archaludon|66/100
|-ability|p1a: Archaludon|Stamina|boost
|-boost|p1a: Archaludon|def|1
|
|-weather|RainDance|[upkeep]
|-heal|p1a: Archaludon|72/100|[from] item: Leftovers
|upkeep
|turn|2
|
|t:|1782340547
|switch|p2b: Archaludon|Archaludon, L50, M|100/100
|move|p2a: Dragonite|Protect|p2a: Dragonite
|-singleturn|p2a: Dragonite|Protect
|move|p1b: Sableye|Encore|p2a: Dragonite
|-activate|p2a: Dragonite|move: Protect
|move|p1a: Archaludon|Electro Shot||[still]
|-prepare|p1a: Archaludon|Electro Shot
|-boost|p1a: Archaludon|spa|1
|-anim|p1a: Archaludon|Electro Shot|p2a: Dragonite
|-activate|p2a: Dragonite|move: Protect
|
|-weather|RainDance|[upkeep]
|-heal|p1a: Archaludon|78/100|[from] item: Leftovers
|upkeep
|turn|3
|
|t:|1782340572
|switch|p2a: Sneasler|Sneasler, L50, M|100/100
|move|p1b: Sableye|Encore||[still]
|-fail|p1b: Sableye
|move|p2b: Archaludon|Electro Shot||[still]
|-prepare|p2b: Archaludon|Electro Shot
|-boost|p2b: Archaludon|spa|1
|-anim|p2b: Archaludon|Electro Shot|p1a: Archaludon
|-resisted|p1a: Archaludon|1
|-damage|p1a: Archaludon|51/100
|-ability|p1a: Archaludon|Stamina|boost
|-boost|p1a: Archaludon|def|1
|move|p1a: Archaludon|Electro Shot||[still]
|-prepare|p1a: Archaludon|Electro Shot
|-boost|p1a: Archaludon|spa|1
|-anim|p1a: Archaludon|Electro Shot|p2a: Sneasler
|-damage|p2a: Sneasler|7/100
|
|-weather|RainDance|[upkeep]
|-heal|p1a: Archaludon|57/100|[from] item: Leftovers
|upkeep
|turn|4
|
|t:|1782340619
|move|p1a: Archaludon|Protect|p1a: Archaludon
|-singleturn|p1a: Archaludon|Protect
|move|p2a: Sneasler|Fake Out|p1a: Archaludon
|-activate|p1a: Archaludon|move: Protect
|move|p1b: Sableye|Reflect|p1b: Sableye
|-sidestart|p1: TheOneAndOnlyChat|Reflect
|move|p2b: Archaludon|Electro Shot||[still]
|-prepare|p2b: Archaludon|Electro Shot
|-boost|p2b: Archaludon|spa|1
|-anim|p2b: Archaludon|Electro Shot|p1a: Archaludon
|-activate|p1a: Archaludon|move: Protect
|
|-weather|RainDance|[upkeep]
|-heal|p1a: Archaludon|63/100|[from] item: Leftovers
|upkeep
|turn|5
|
|t:|1782340646
|switch|p2a: Dragonite|Dragonite-Mega, L50, M|100/100
|move|p1b: Sableye|Encore||[still]
|-fail|p1b: Sableye
|move|p2b: Archaludon|Electro Shot||[still]
|-prepare|p2b: Archaludon|Electro Shot
|-boost|p2b: Archaludon|spa|1
|-anim|p2b: Archaludon|Electro Shot|p1a: Archaludon
|-resisted|p1a: Archaludon|1
|-damage|p1a: Archaludon|16/100
|-ability|p1a: Archaludon|Stamina|boost
|-boost|p1a: Archaludon|def|1
|move|p1a: Archaludon|Dragon Pulse|p2b: Archaludon
|-damage|p2b: Archaludon|44/100
|-ability|p2b: Archaludon|Stamina|boost
|-boost|p2b: Archaludon|def|1
|
|-weather|none
|-heal|p2b: Archaludon|50/100g|[from] item: Leftovers
|-heal|p1a: Archaludon|23/100|[from] item: Leftovers
|upkeep
|turn|6
|
|t:|1782340698
|move|p1b: Sableye|Encore|p2b: Archaludon
|-start|p2b: Archaludon|Encore
|move|p2a: Dragonite|Dragon Pulse|p1a: Archaludon
|-damage|p1a: Archaludon|0 fnt
|faint|p1a: Archaludon
|move|p2b: Archaludon|Electro Shot||[still]
|-prepare|p2b: Archaludon|Electro Shot
|-boost|p2b: Archaludon|spa|1
|
|-heal|p2b: Archaludon|56/100|[from] item: Leftovers
|upkeep
|
|t:|1782340711
|switch|p1a: Venusaur|Venusaur, L50, M|100/100
|turn|7
|
|t:|1782340740
|switch|p2a: Pelipper|Pelipper, L50, F|100/100
|-weather|RainDance|[from] ability: Drizzle|[of] p2a: Pelipper
|detailschange|p1a: Venusaur|Venusaur-Mega, L50, M
|-mega|p1a: Venusaur|Venusaur|Venusaurite
|move|p1b: Sableye|Encore||[still]
|-fail|p1b: Sableye
|move|p2b: Archaludon|Electro Shot|p1a: Venusaur|[from] lockedmove
|-resisted|p1a: Venusaur|1
|-damage|p1a: Venusaur|64/100
|move|p1a: Venusaur|Earth Power|p2b: Archaludon
|-supereffective|p2b: Archaludon|1
|-damage|p2b: Archaludon|8/100
|-ability|p2b: Archaludon|Stamina|boost
|-boost|p2b: Archaludon|def|1
|
|-weather|RainDance|[upkeep]
|-heal|p2b: Archaludon|14/100|[from] item: Leftovers
|upkeep
|turn|8
|
|t:|1782340765
|switch|p2b: Dragonite|Dragonite-Mega, L50, M|100/100
|switch|p1b: Pelipper|Pelipper, L50, M|100/100
|move|p1a: Venusaur|Protect|p1a: Venusaur
|-singleturn|p1a: Venusaur|Protect
|move|p2a: Pelipper|Hurricane|p1a: Venusaur
|-activate|p1a: Venusaur|move: Protect
|
|-weather|RainDance|[upkeep]
|-sideend|p1: TheOneAndOnlyChat|move: Light Screen
|upkeep
|turn|9
|
|t:|1782340794
|move|p1a: Venusaur|Protect|p1a: Venusaur
|-singleturn|p1a: Venusaur|Protect
|move|p2b: Dragonite|Hurricane|p1a: Venusaur
|-activate|p1a: Venusaur|move: Protect
|move|p1b: Pelipper|Muddy Water|p2a: Pelipper|[spread] 
|-miss|p1b: Pelipper|p2a: Pelipper
|-miss|p1b: Pelipper|p2b: Dragonite
|move|p2a: Pelipper|Tailwind|p2a: Pelipper
|-sidestart|p2: importarcade|move: Tailwind
|
|-weather|RainDance|[upkeep]
|upkeep
|turn|10
|
|t:|1782340815
|switch|p1a: Sableye|Sableye, L50, M|100/100
|move|p2b: Dragonite|Hurricane|p1a: Sableye
|-damage|p1a: Sableye|0 fnt
|faint|p1a: Sableye
|move|p2a: Pelipper|Weather Ball|p1b: Pelipper
|-resisted|p1b: Pelipper|1
|-damage|p1b: Pelipper|39/100
|move|p1b: Pelipper|Muddy Water|p2b: Dragonite|[spread] p2a,p2b
|-resisted|p2a: Pelipper|1
|-resisted|p2b: Dragonite|1
|-damage|p2a: Pelipper|72/100
|-damage|p2b: Dragonite|93/100
|
|-weather|RainDance|[upkeep]
|upkeep
|
|t:|1782340825
|switch|p1a: Venusaur|Venusaur-Mega, L50, M|64/100
|turn|11
|-message|TheOneAndOnlyChat forfeited.
|
|win|importarcade
|raw|TheOneAndOnlyChat's rating: 1062 → 1041(-21 for losing)
|raw|importarcade's rating: 1040 → 1076(+36 for winning)
|l|☆TheOneAndOnlyChat
|player|p1|
