|j|☆OhNoValentine
|j|☆bignucks
|html|OhNoValentinebignucks    
|uhtml|bestof|Game 3 of a best-of-3
|t:|1756827703
|gametype|doubles
|player|p1|OhNoValentine|2|1167
|player|p2|bignucks|lucas-gen4pt|1132
|gen|9
|tier|[Gen 9] VGC 2025 Reg H (Bo3)
|rated|
|rule|Species Clause: Limit one of each Pokémon
|rule|Item Clause: Limit 1 of each item
|clearpoke
|poke|p1|Primarina, L50, M|
|poke|p1|Garchomp, L50, F|
|poke|p1|Gholdengo, L50|
|poke|p1|Talonflame, L50, F|
|poke|p1|Tyranitar, L50, F|
|poke|p1|Amoonguss, L50, F|
|poke|p2|Sneasler, L50, F|
|poke|p2|Indeedee, L50, M|
|poke|p2|Dragapult, L50, F|
|poke|p2|Typhlosion-Hisui, L50, M|
|poke|p2|Whimsicott, L50, M|
|poke|p2|Electabuzz, L50, M|
|teampreview|4
|showteam|p1|Primarina||ThroatSpray|LiquidVoice|Haze,Moonblast,Protect,HyperVoice|||M|||50|,,,,,Steel]Garchomp||LifeOrb|SandVeil|Protect,Earthquake,StompingTantrum,DragonClaw|||F|||50|,,,,,Fire]Gholdengo||MetalCoat|GoodasGold|Protect,NastyPlot,ShadowBall,MakeItRain||||||50|,,,,,Flying]Talonflame||CovertCloak|GaleWings|BraveBird,Tailwind,WillOWisp,Taunt|||F|||50|,,,,,Flying]Tyranitar||AssaultVest|SandStream|KnockOff,TeraBlast,LowKick,RockSlide|||F|||50|,,,,,Flying]Amoonguss||SitrusBerry|Regenerator|RagePowder,Spore,PollenPuff,Protect|||F|||50|,,,,,Water
|showteam|p2|Sneasler||PsychicSeed|Unburden|DireClaw,CloseCombat,ThroatChop,Protect|||F|||50|,,,,,Dark]Indeedee||FocusSash|PsychicSurge|ExpandingForce,HelpingHand,Imprison,TrickRoom|||M|||50|,,,,,Psychic]Dragapult||ChoiceBand|ClearBody|DragonDarts,PhantomForce,Outrage,Uturn|||F|||50|,,,,,Dragon]Typhlosion-Hisui||ChoiceSpecs|Blaze|Eruption,HeatWave,Overheat,ShadowBall|||M|||50|,,,,,Fire]Whimsicott||CovertCloak|Prankster|Tailwind,Moonblast,SunnyDay,Encore|||M|||50|,,,,,Water]Electabuzz||Eviolite|VitalSpirit|FollowMe,Electroweb,Taunt,Protect|||M|||50|,,,,,Ghost
|inactive|Battle timer is ON: inactive players will automatically lose when time's up. (requested by OhNoValentine)
|
|t:|1756827780
|teamsize|p1|4
|teamsize|p2|4
|start
|switch|p1a: Talonflame|Talonflame, L50, F|100/100
|switch|p1b: Tyranitar|Tyranitar, L50, F|100/100
|switch|p2a: Indeedee|Indeedee, L50, M|100/100
|switch|p2b: Dragapult|Dragapult, L50, F|100/100
|-fieldstart|move: Psychic Terrain|[from] ability: Psychic Surge|[of] p2a: Indeedee
|-weather|Sandstorm|[from] ability: Sand Stream|[of] p1b: Tyranitar
|turn|1
|inactive|bignucks has 30 seconds left.
|
|t:|1756827812
|move|p2a: Indeedee|Helping Hand|p2b: Dragapult
|-singleturn|p2b: Dragapult|Helping Hand|[of] p2a: Indeedee
|move|p1a: Talonflame|Tailwind|p1a: Talonflame
|-sidestart|p1: OhNoValentine|move: Tailwind
|move|p1b: Tyranitar|Rock Slide|p2a: Indeedee|[spread] p2a,p2b
|-damage|p2a: Indeedee|32/100
|-damage|p2b: Dragapult|60/100
|move|p2b: Dragapult|U-turn|p1b: Tyranitar
|-supereffective|p1b: Tyranitar
|-damage|p1b: Tyranitar|0 fnt
|faint|p1b: Tyranitar
|
|t:|1756827823
|switch|p2b: Sneasler|Sneasler, L50, F|100/100|[from] U-turn
|-enditem|p2b: Sneasler|Psychic Seed
|-boost|p2b: Sneasler|spd|1|[from] item: Psychic Seed
|
|-weather|Sandstorm|[upkeep]
|-damage|p2b: Sneasler|95/100|[from] Sandstorm
|-damage|p1a: Talonflame|95/100|[from] Sandstorm
|-damage|p2a: Indeedee|26/100|[from] Sandstorm
|upkeep
|
|t:|1756827825
|switch|p1b: Garchomp|Garchomp, L50, F|100/100
|turn|2
|
|t:|1756827834
|move|p2b: Sneasler|Protect|p2b: Sneasler
|-singleturn|p2b: Sneasler|Protect
|move|p1a: Talonflame|Brave Bird|p2b: Sneasler
|-activate|p2b: Sneasler|move: Protect
|move|p1b: Garchomp|Earthquake|p2a: Indeedee|[spread] p2a
|-activate|p2b: Sneasler|move: Protect
|-immune|p1a: Talonflame
|-damage|p2a: Indeedee|0 fnt
|faint|p2a: Indeedee
|-damage|p1b: Garchomp|91/100|[from] item: Life Orb
|
|-weather|Sandstorm|[upkeep]
|-damage|p2b: Sneasler|89/100|[from] Sandstorm
|-damage|p1a: Talonflame|89/100|[from] Sandstorm
|upkeep
|
|t:|1756827849
|switch|p2a: Whimsicott|Whimsicott, L50, M|100/100
|turn|3
|
|t:|1756827870
|move|p2a: Whimsicott|Tailwind|p2a: Whimsicott
|-sidestart|p2: bignucks|move: Tailwind
|move|p2b: Sneasler|Close Combat|p1b: Garchomp
|-damage|p1b: Garchomp|32/100
|-unboost|p2b: Sneasler|def|1
|-unboost|p2b: Sneasler|spd|1
|move|p1a: Talonflame|Brave Bird|p2a: Whimsicott
|-supereffective|p2a: Whimsicott
|-damage|p2a: Whimsicott|0 fnt
|faint|p2a: Whimsicott
|-damage|p1a: Talonflame|53/100|[from] Recoil
|move|p1b: Garchomp|Dragon Claw|p2b: Sneasler
|-crit|p2b: Sneasler
|-damage|p2b: Sneasler|0 fnt
|faint|p2b: Sneasler
|-damage|p1b: Garchomp|22/100|[from] item: Life Orb
|
|-weather|Sandstorm|[upkeep]
|-damage|p1a: Talonflame|48/100|[from] Sandstorm
|upkeep
|
|t:|1756827887
|switch|p2a: Dragapult|Dragapult, L50, F|60/100
|turn|4
|
|t:|1756827892
|-terastallize|p2a: Dragapult|Dragon
|move|p1b: Garchomp|Protect|p1b: Garchomp
|-singleturn|p1b: Garchomp|Protect
|move|p2a: Dragapult|Dragon Darts|p1a: Talonflame
|-damage|p1a: Talonflame|0 fnt
|faint|p1a: Talonflame
|
|-weather|Sandstorm|[upkeep]
|-damage|p2a: Dragapult|54/100|[from] Sandstorm
|-sideend|p1: OhNoValentine|move: Tailwind
|upkeep
|
|t:|1756827894
|switch|p1a: Gholdengo|Gholdengo, L50|100/100
|turn|5
|
|t:|1756827902
|-terastallize|p1b: Garchomp|Fire
|move|p2a: Dragapult|Dragon Darts|p1b: Garchomp
|-damage|p1b: Garchomp|0 fnt
|-anim|p2a: Dragapult|Dragon Darts|p1a: Gholdengo
|-resisted|p1a: Gholdengo
|-damage|p1a: Gholdengo|67/100
|faint|p1b: Garchomp
|move|p1a: Gholdengo|Make It Rain|p2a: Dragapult
|-damage|p2a: Dragapult|0 fnt
|-unboost|p1a: Gholdengo|spa|1
|faint|p2a: Dragapult
|
|win|OhNoValentine
|raw|OhNoValentine's rating: 1167 → 1189(+22 for winning)
|raw|bignucks's rating: 1132 → 1110(-22 for losing)
