|j|☆kotamager34
|html|kotamager34syshj    
|uhtml|bestof|Game 3 of a best-of-3
|t:|1785066848
|gametype|doubles
|player|p1|kotamager34|grimsley|1207
|player|p2|syshj|dawn|1186
|gen|9
|tier|[Gen 9 Champions] VGC 2026 Reg M-B (Bo3)
|rated|
|rule|Species Clause: Limit one of each Pokémon
|rule|Item Clause: Limit 1 of each item
|clearpoke
|poke|p1|Mawile, L50, M, shiny|
|poke|p1|Raichu, L50, M|
|poke|p1|Sinistcha, L50|
|poke|p1|Ceruledge, L50, M|
|poke|p1|Incineroar, L50, F|
|poke|p1|Milotic, L50, M|
|poke|p2|Staraptor, L50, F|
|poke|p2|Whimsicott, L50, M|
|poke|p2|Charizard, L50, M|
|poke|p2|Garchomp, L50, F|
|poke|p2|Sneasler, L50, F|
|poke|p2|Gholdengo, L50|
|teampreview|4
|showteam|p1|Mawile||Mawilite|HyperCutter|PlayRough,SuckerPunch,SwordsDance,Protect|Adamant||M|||50|]Raichu||RaichuniteY|LightningRod|ZapCannon,FocusBlast,FakeOut,Protect|Timid||M|||50|]Sinistcha||KasibBerry|Hospitality|Protect,RagePowder,MatchaGotcha,LifeDew|Bold|||||50|]Ceruledge||ColburBerry|FlashFire|BulkUp,Protect,ShadowSneak,BitterBlade|Adamant||M|||50|]Incineroar||SitrusBerry|Intimidate|FakeOut,ThroatChop,FlareBlitz,PartingShot|Impish||F|||50|]Milotic||Leftovers|Competitive|MuddyWater,Hypnosis,Coil,Protect|Calm||M|||50|
|showteam|p2|Staraptor||Staraptite|Intimidate|CloseCombat,BraveBird,Roost,Protect|Jolly||F|||50|]Whimsicott||FocusSash|Prankster|Tailwind,Moonblast,FakeTears,Charm|Timid||M|||50|]Charizard||CharizarditeY|Blaze|HeatWave,WeatherBall,SolarBeam,Protect|Modest||M|||50|]Garchomp||ExpertBelt|RoughSkin|Earthquake,RockSlide,StompingTantrum,Protect|Adamant||F|||50|]Sneasler||WhiteHerb|Unburden|DireClaw,CloseCombat,FakeOut,RockTomb|Adamant||F|||50|]Gholdengo||LifeOrb|GoodasGold|MakeItRain,ShadowBall,PowerGem,Protect|Timid|||||50|
|inactive|Battle timer is ON: inactive players will automatically lose when time's up. (requested by kotamager34)
|inactive|syshj disconnected and has a minute to reconnect!
|j|☆syshj
|inactive|syshj reconnected and has 70 seconds left.
|player|p2|syshj|dawn|
|inactive|kotamager34 has 60 seconds left.
|inactive|syshj has 60 seconds left.
|
|t:|1785066888
|teamsize|p1|4
|teamsize|p2|4
|start
|switch|p1a: Raichu|Raichu, L50, M|100/100
|switch|p1b: Milotic|Milotic, L50, M|100/100
|switch|p2a: Staraptor|Staraptor, L50, F|100/100
|switch|p2b: Sneasler|Sneasler, L50, F|100/100
|-ability|p2a: Staraptor|Intimidate|boost
|-unboost|p1a: Raichu|atk|1
|-unboost|p1b: Milotic|atk|1
|-ability|p1b: Milotic|Competitive|boost
|-boost|p1b: Milotic|spa|2
|turn|1
|
|t:|1785066908
|detailschange|p1a: Raichu|Raichu-Mega-Y, L50, M
|-mega|p1a: Raichu|Raichu|Raichunite Y
|detailschange|p2a: Staraptor|Staraptor-Mega, L50, F
|-mega|p2a: Staraptor|Staraptor|Staraptite
|move|p2a: Staraptor|Protect|p2a: Staraptor
|-singleturn|p2a: Staraptor|Protect
|move|p1a: Raichu|Fake Out|p2a: Staraptor
|-activate|p2a: Staraptor|move: Protect
|move|p2b: Sneasler|Close Combat|p1a: Raichu
|-damage|p1a: Raichu|0 fnt
|-unboost|p2b: Sneasler|def|1
|-unboost|p2b: Sneasler|spd|1
|faint|p1a: Raichu
|-enditem|p2b: Sneasler|White Herb
|-clearnegativeboost|p2b: Sneasler|[silent]
|move|p1b: Milotic|Coil|p1b: Milotic
|-boost|p1b: Milotic|atk|1
|-boost|p1b: Milotic|def|1
|-boost|p1b: Milotic|accuracy|1
|
|upkeep
|
|t:|1785066917
|switch|p1a: Ceruledge|Ceruledge, L50, M|100/100
|turn|2
|
|t:|1785066932
|move|p2b: Sneasler|Close Combat|p1b: Milotic
|-damage|p1b: Milotic|59/100
|-unboost|p2b: Sneasler|def|1
|-unboost|p2b: Sneasler|spd|1
|move|p2a: Staraptor|Close Combat|p1b: Milotic
|-damage|p1b: Milotic|27/100
|-boost|p2a: Staraptor|def|1
|-boost|p2a: Staraptor|spd|1
|move|p1a: Ceruledge|Bitter Blade|p2a: Staraptor
|-damage|p2a: Staraptor|69/100
|move|p1b: Milotic|Muddy Water|p2b: Sneasler|[spread] p2a,p2b
|-damage|p2a: Staraptor|38/100
|-damage|p2b: Sneasler|9/100
|
|-heal|p1b: Milotic|33/100|[from] item: Leftovers
|upkeep
|turn|3
|inactive|syshj has 30 seconds left.
|inactive|syshj has 20 seconds left.
|
|t:|1785066971
|switch|p1a: Sinistcha|Sinistcha, L50|100/100
|-heal|p1b: Milotic|58/100|[from] ability: Hospitality|[of] p1a: Sinistcha
|move|p1b: Milotic|Protect|p1b: Milotic
|-singleturn|p1b: Milotic|Protect
|move|p2b: Sneasler|Close Combat|p1b: Milotic
|-activate|p1b: Milotic|move: Protect
|move|p2a: Staraptor|Roost|p2a: Staraptor
|-heal|p2a: Staraptor|88/100
|-singleturn|p2a: Staraptor|move: Roost
|
|-heal|p1b: Milotic|64/100|[from] item: Leftovers
|upkeep
|turn|4
|
|t:|1785066985
|move|p2b: Sneasler|Dire Claw|p1a: Sinistcha
|-crit|p1a: Sinistcha
|-damage|p1a: Sinistcha|49/100
|move|p2a: Staraptor|Brave Bird|p1a: Sinistcha
|-supereffective|p1a: Sinistcha|1
|-damage|p1a: Sinistcha|0 fnt
|faint|p1a: Sinistcha
|-damage|p2a: Staraptor|72/100|[from] Recoil
|move|p1b: Milotic|Muddy Water|p2b: Sneasler|[spread] p2a,p2b
|-damage|p2a: Staraptor|44/100
|-damage|p2b: Sneasler|0 fnt
|faint|p2b: Sneasler
|
|-heal|p1b: Milotic|70/100|[from] item: Leftovers
|upkeep
|
|t:|1785066995
|switch|p2b: Whimsicott|Whimsicott, L50, M|100/100
|switch|p1a: Ceruledge|Ceruledge, L50, M|100/100
|turn|5
|
|t:|1785067008
|move|p2b: Whimsicott|Charm|p1a: Ceruledge
|-unboost|p1a: Ceruledge|atk|2
|move|p2a: Staraptor|Roost|p2a: Staraptor
|-heal|p2a: Staraptor|94/100
|-singleturn|p2a: Staraptor|move: Roost
|move|p1a: Ceruledge|Bitter Blade|p2b: Whimsicott
|-supereffective|p2b: Whimsicott|1
|-damage|p2b: Whimsicott|22/100
|move|p1b: Milotic|Hypnosis|p2a: Staraptor
|-status|p2a: Staraptor|slp|[from] move: Hypnosis
|
|-heal|p1b: Milotic|76/100|[from] item: Leftovers
|upkeep
|turn|6
|
|t:|1785067026
|move|p2b: Whimsicott|Fake Tears|p2a: Staraptor
|-boost|p2a: Staraptor|spd|2
|cant|p2a: Staraptor|slp
|move|p1a: Ceruledge|Bitter Blade|p2b: Whimsicott
|-supereffective|p2b: Whimsicott|1
|-damage|p2b: Whimsicott|0 fnt
|faint|p2b: Whimsicott
|move|p1b: Milotic|Coil|p1b: Milotic
|-boost|p1b: Milotic|atk|1
|-boost|p1b: Milotic|def|1
|-boost|p1b: Milotic|accuracy|1
|
|-heal|p1b: Milotic|82/100|[from] item: Leftovers
|upkeep
|
|t:|1785067034
|switch|p2b: Gholdengo|Gholdengo, L50|100/100
|turn|7
|
|t:|1785067047
|cant|p2a: Staraptor|slp
|move|p2b: Gholdengo|Protect|p2b: Gholdengo
|-singleturn|p2b: Gholdengo|Protect
|move|p1a: Ceruledge|Bitter Blade|p2b: Gholdengo
|-activate|p2b: Gholdengo|move: Protect
|move|p1b: Milotic|Muddy Water|p2b: Gholdengo|[spread] p2a
|-activate|p2b: Gholdengo|move: Protect
|-damage|p2a: Staraptor|75/100 slp
|-boost|p2a: Staraptor|accuracy|1
|
|-heal|p1b: Milotic|88/100|[from] item: Leftovers
|upkeep
|turn|8
|
|t:|1785067064
|-curestatus|p2a: Staraptor|slp|[msg]
|move|p2a: Staraptor|Close Combat|p1b: Milotic
|-damage|p1b: Milotic|64/100
|-boost|p2a: Staraptor|def|1
|-boost|p2a: Staraptor|spd|1
|move|p2b: Gholdengo|Shadow Ball|p1a: Ceruledge
|-supereffective|p1a: Ceruledge|1
|-damage|p1a: Ceruledge|0 fnt
|faint|p1a: Ceruledge
|-damage|p2b: Gholdengo|90/100|[from] item: Life Orb
|move|p1b: Milotic|Muddy Water|p2a: Staraptor|[spread] p2a,p2b
|-crit|p2b: Gholdengo
|-damage|p2a: Staraptor|59/100
|-damage|p2b: Gholdengo|14/100
|-unboost|p2b: Gholdengo|accuracy|1
|
|-heal|p1b: Milotic|70/100|[from] item: Leftovers
|upkeep
|turn|9
|
|t:|1785067083
|move|p2a: Staraptor|Roost|p2a: Staraptor
|-heal|p2a: Staraptor|100/100
|-singleturn|p2a: Staraptor|move: Roost
|move|p2b: Gholdengo|Shadow Ball|p1b: Milotic|[miss]
|-miss|p2b: Gholdengo|p1b: Milotic
|move|p1b: Milotic|Muddy Water|p2a: Staraptor|[spread] p2a,p2b
|-damage|p2a: Staraptor|83/100
|-damage|p2b: Gholdengo|0 fnt
|faint|p2b: Gholdengo
|
|-heal|p1b: Milotic|76/100|[from] item: Leftovers
|upkeep
|turn|10
|
|t:|1785067091
|move|p2a: Staraptor|Close Combat|p1b: Milotic
|-damage|p1b: Milotic|51/100
|-boost|p2a: Staraptor|def|1
|-boost|p2a: Staraptor|spd|1
|move|p1b: Milotic|Coil|p1b: Milotic
|-boost|p1b: Milotic|atk|1
|-boost|p1b: Milotic|def|1
|-boost|p1b: Milotic|accuracy|1
|
|-heal|p1b: Milotic|57/100|[from] item: Leftovers
|upkeep
|turn|11
|
|t:|1785067099
|move|p2a: Staraptor|Close Combat|p1b: Milotic
|-damage|p1b: Milotic|40/100
|-boost|p2a: Staraptor|def|1
|-boost|p2a: Staraptor|spd|1
|move|p1b: Milotic|Hypnosis|p2a: Staraptor
|-status|p2a: Staraptor|slp|[from] move: Hypnosis
|
|-heal|p1b: Milotic|46/100|[from] item: Leftovers
|upkeep
|turn|12
|
|t:|1785067103
|cant|p2a: Staraptor|slp
|move|p1b: Milotic|Coil|p1b: Milotic
|-boost|p1b: Milotic|atk|1
|-boost|p1b: Milotic|def|1
|-boost|p1b: Milotic|accuracy|1
|
|-heal|p1b: Milotic|52/100|[from] item: Leftovers
|upkeep
|turn|13
|
|t:|1785067108
|cant|p2a: Staraptor|slp
|move|p1b: Milotic|Coil|p1b: Milotic
|-boost|p1b: Milotic|atk|1
|-boost|p1b: Milotic|def|1
|-boost|p1b: Milotic|accuracy|1
|
|-heal|p1b: Milotic|58/100|[from] item: Leftovers
|upkeep
|turn|14
|
|t:|1785067112
|-curestatus|p2a: Staraptor|slp|[msg]
|move|p2a: Staraptor|Close Combat|p1b: Milotic
|-damage|p1b: Milotic|43/100
|-boost|p2a: Staraptor|def|1
|move|p1b: Milotic|Hypnosis|p2a: Staraptor
|-status|p2a: Staraptor|slp|[from] move: Hypnosis
|
|-heal|p1b: Milotic|49/100|[from] item: Leftovers
|upkeep
|turn|15
|
|t:|1785067115
|cant|p2a: Staraptor|slp
|move|p1b: Milotic|Muddy Water|p2a: Staraptor
|-damage|p2a: Staraptor|68/100 slp
|-boost|p2a: Staraptor|accuracy|1
|
|-heal|p1b: Milotic|55/100|[from] item: Leftovers
|upkeep
|turn|16
|
|t:|1785067121
|cant|p2a: Staraptor|slp
|move|p1b: Milotic|Muddy Water|p2a: Staraptor
|-damage|p2a: Staraptor|52/100 slp
|
|-heal|p1b: Milotic|61/100|[from] item: Leftovers
|upkeep
|turn|17
|
|t:|1785067125
|-curestatus|p2a: Staraptor|slp|[msg]
|move|p2a: Staraptor|Roost|p2a: Staraptor
|-heal|p2a: Staraptor|100/100
|-singleturn|p2a: Staraptor|move: Roost
|move|p1b: Milotic|Muddy Water|p2a: Staraptor
|-damage|p2a: Staraptor|84/100
|-boost|p2a: Staraptor|accuracy|1
|
|-heal|p1b: Milotic|67/100|[from] item: Leftovers
|upkeep
|turn|18
|
|t:|1785067128
|move|p2a: Staraptor|Close Combat|p1b: Milotic
|-damage|p1b: Milotic|53/100
|-boost|p2a: Staraptor|def|1
|move|p1b: Milotic|Hypnosis|p2a: Staraptor
|-status|p2a: Staraptor|slp|[from] move: Hypnosis
|
|-heal|p1b: Milotic|59/100|[from] item: Leftovers
|upkeep
|turn|19
|
|t:|1785067138
|cant|p2a: Staraptor|slp
|move|p1b: Milotic|Muddy Water|p2a: Staraptor
|-damage|p2a: Staraptor|68/100 slp
|
|-heal|p1b: Milotic|65/100|[from] item: Leftovers
|upkeep
|turn|20
|
|t:|1785067142
|-curestatus|p2a: Staraptor|slp|[msg]
|move|p2a: Staraptor|Close Combat|p1b: Milotic
|-damage|p1b: Milotic|51/100
|move|p1b: Milotic|Muddy Water|p2a: Staraptor
|-damage|p2a: Staraptor|53/100
|
|-heal|p1b: Milotic|57/100|[from] item: Leftovers
|upkeep
|turn|21
|
|t:|1785067149
|move|p2a: Staraptor|Roost|p2a: Staraptor
|-heal|p2a: Staraptor|100/100
|-singleturn|p2a: Staraptor|move: Roost
|move|p1b: Milotic|Hypnosis|p2a: Staraptor
|-status|p2a: Staraptor|slp|[from] move: Hypnosis
|
|-heal|p1b: Milotic|63/100|[from] item: Leftovers
|upkeep
|turn|22
|
|t:|1785067161
|cant|p2a: Staraptor|slp
|move|p1b: Milotic|Muddy Water|p2a: Staraptor
|-damage|p2a: Staraptor|83/100 slp
|
|-heal|p1b: Milotic|69/100|[from] item: Leftovers
|upkeep
|turn|23
|
|t:|1785067164
|-curestatus|p2a: Staraptor|slp|[msg]
|move|p2a: Staraptor|Close Combat|p1b: Milotic
|-damage|p1b: Milotic|54/100
|move|p1b: Milotic|Muddy Water|p2a: Staraptor
|-damage|p2a: Staraptor|66/100
|-boost|p2a: Staraptor|accuracy|1
|
|-heal|p1b: Milotic|60/100|[from] item: Leftovers
|upkeep
|turn|24
|
|t:|1785067169
|move|p2a: Staraptor|Brave Bird|p1b: Milotic
|-damage|p1b: Milotic|46/100
|-damage|p2a: Staraptor|61/100|[from] Recoil
|move|p1b: Milotic|Hypnosis|p2a: Staraptor
|-status|p2a: Staraptor|slp|[from] move: Hypnosis
|
|-heal|p1b: Milotic|52/100|[from] item: Leftovers
|upkeep
|turn|25
|
|t:|1785067174
|cant|p2a: Staraptor|slp
|move|p1b: Milotic|Coil|p1b: Milotic
|-boost|p1b: Milotic|atk|1
|-boost|p1b: Milotic|def|1
|-boost|p1b: Milotic|accuracy|1
|
|-heal|p1b: Milotic|58/100|[from] item: Leftovers
|upkeep
|turn|26
|
|t:|1785067179
|cant|p2a: Staraptor|slp
|move|p1b: Milotic|Coil|p1b: Milotic
|-boost|p1b: Milotic|atk|1
|-boost|p1b: Milotic|def|0
|-boost|p1b: Milotic|accuracy|0
|
|-heal|p1b: Milotic|64/100|[from] item: Leftovers
|upkeep
|turn|27
|
|t:|1785067183
|-curestatus|p2a: Staraptor|slp|[msg]
|move|p2a: Staraptor|Roost|p2a: Staraptor
|-heal|p2a: Staraptor|100/100
|-singleturn|p2a: Staraptor|move: Roost
|move|p1b: Milotic|Coil|p1b: Milotic
|-boost|p1b: Milotic|atk|0
|-boost|p1b: Milotic|def|0
|-boost|p1b: Milotic|accuracy|0
|
|-heal|p1b: Milotic|70/100|[from] item: Leftovers
|upkeep
|turn|28
|
|t:|1785067186
|move|p2a: Staraptor|Brave Bird|p1b: Milotic
|-damage|p1b: Milotic|58/100
|-damage|p2a: Staraptor|95/100|[from] Recoil
|move|p1b: Milotic|Coil|p1b: Milotic
|-boost|p1b: Milotic|atk|0
|-boost|p1b: Milotic|def|0
|-boost|p1b: Milotic|accuracy|0
|
|-heal|p1b: Milotic|64/100|[from] item: Leftovers
|upkeep
|turn|29
|
|t:|1785067192
|move|p2a: Staraptor|Brave Bird|p1b: Milotic
|-damage|p1b: Milotic|53/100
|-damage|p2a: Staraptor|92/100|[from] Recoil
|move|p1b: Milotic|Coil|p1b: Milotic
|-boost|p1b: Milotic|atk|0
|-boost|p1b: Milotic|def|0
|-boost|p1b: Milotic|accuracy|0
|
|-heal|p1b: Milotic|59/100|[from] item: Leftovers
|upkeep
|turn|30
|
|t:|1785067195
|move|p2a: Staraptor|Brave Bird|p1b: Milotic
|-damage|p1b: Milotic|47/100
|-damage|p2a: Staraptor|88/100|[from] Recoil
|move|p1b: Milotic|Coil|p1b: Milotic
|-boost|p1b: Milotic|atk|0
|-boost|p1b: Milotic|def|0
|-boost|p1b: Milotic|accuracy|0
|
|-heal|p1b: Milotic|53/100|[from] item: Leftovers
|upkeep
|turn|31
|
|t:|1785067198
|move|p2a: Staraptor|Protect|p2a: Staraptor
|-singleturn|p2a: Staraptor|Protect
|move|p1b: Milotic|Coil|p1b: Milotic
|-boost|p1b: Milotic|atk|0
|-boost|p1b: Milotic|def|0
|-boost|p1b: Milotic|accuracy|0
|
|-heal|p1b: Milotic|59/100|[from] item: Leftovers
|upkeep
|turn|32
|
|t:|1785067203
|move|p2a: Staraptor|Brave Bird|p1b: Milotic
|-damage|p1b: Milotic|48/100
|-damage|p2a: Staraptor|84/100|[from] Recoil
|move|p1b: Milotic|Coil|p1b: Milotic
|-boost|p1b: Milotic|atk|0
|-boost|p1b: Milotic|def|0
|-boost|p1b: Milotic|accuracy|0
|
|-heal|p1b: Milotic|54/100|[from] item: Leftovers
|upkeep
|turn|33
|
|t:|1785067205
|move|p2a: Staraptor|Brave Bird|p1b: Milotic
|-crit|p1b: Milotic
|-damage|p1b: Milotic|0 fnt
|faint|p1b: Milotic
|-damage|p2a: Staraptor|65/100|[from] Recoil
|
|win|syshj
|raw|kotamager34's rating: 1207 → 1180(-27 for losing)
|raw|syshj's rating: 1186 → 1213(+27 for winning)
