|j|☆test_0xp
|j|☆themismatcher
|html|test_0xpthemismatcher    
|uhtml|bestof|Game 2 of a best-of-3
|t:|1757832765
|gametype|doubles
|player|p1|test_0xp|265|1202
|player|p2|themismatcher|benga|1344
|gen|9
|tier|[Gen 9] VGC 2025 Reg H (Bo3)
|rated|
|rule|Species Clause: Limit one of each Pokémon
|rule|Item Clause: Limit 1 of each item
|clearpoke
|poke|p1|Charizard, L50, M|
|poke|p1|Jumpluff, L50, F|
|poke|p1|Torkoal, L50, M|
|poke|p1|Ursaluna, L50, M|
|poke|p1|Exeggutor-Alola, L50, M|
|poke|p1|Incineroar, L50, F|
|poke|p2|Pelipper, L50, M|
|poke|p2|Basculegion, L50, M|
|poke|p2|Amoonguss, L50, F|
|poke|p2|Archaludon, L50, F|
|poke|p2|Greninja-*, L50, M|
|poke|p2|Annihilape, L50, M|
|teampreview|4
|showteam|p1|Charizard||ChoiceSpecs|SolarPower|HeatWave,Overheat,WeatherBall,DragonPulse|||M|||50|,,,,,Ghost]Jumpluff||CovertCloak|Chlorophyll|RagePowder,SunnyDay,Tailwind,SleepPowder|||F|||50|,,,,,Fire]Torkoal||EjectPack|Drought|Protect,Overheat,Eruption,HelpingHand|||M|||50|,,,,,Fire]Ursaluna||FlameOrb|Guts|Protect,Facade,Earthquake,HeadlongRush|||M|||50|,,,,,Ghost]Exeggutor-Alola||SitrusBerry|Harvest|Protect,TrickRoom,SleepPowder,GigaDrain|||M|||50|,,,,,Steel]Incineroar||SafetyGoggles|Intimidate|FakeOut,PartingShot,FlareBlitz,KnockOff|||F|||50|,,,,,Flying
|showteam|p2|Pelipper||FocusSash|Drizzle|WeatherBall,Hurricane,Tailwind,WideGuard|||M|||50|,,,,,Stellar]Basculegion||ChoiceBand|SwiftSwim|WaveCrash,FlipTurn,LastRespects,AquaJet|||M|||50|,,,,,Grass]Amoonguss||SitrusBerry|Regenerator|Spore,RagePowder,PollenPuff,ClearSmog|||F|||50|,,,,,Dark]Archaludon||AssaultVest|Stamina|DragonPulse,FlashCannon,ElectroShot,BodyPress|||F|||50|,,,,,Bug]Greninja||LoadedDice|Torrent|WaterShuriken,DarkPulse,Taunt,RainDance|||M|||50|,,,,,Ghost]Annihilape||ChoiceScarf|Defiant|CloseCombat,RageFist,Uturn,FinalGambit|||M|||50|,,,,,Grass
|inactive|Battle timer is ON: inactive players will automatically lose when time's up. (requested by test_0xp)
|
|t:|1757832787
|teamsize|p1|4
|teamsize|p2|4
|start
|switch|p1a: Exeggutor|Exeggutor-Alola, L50, M|100/100
|switch|p1b: Incineroar|Incineroar, L50, F|100/100
|switch|p2a: Greninja|Greninja, L50, M|100/100
|switch|p2b: Annihilape|Annihilape, L50, M|100/100
|-ability|p1b: Incineroar|Intimidate|boost
|-unboost|p2a: Greninja|atk|1
|-unboost|p2b: Annihilape|atk|1
|-ability|p2b: Annihilape|Defiant|boost
|-boost|p2b: Annihilape|atk|2
|turn|1
|inactive|test_0xp has 30 seconds left.
|inactive|test_0xp has 20 seconds left.
|inactive|test_0xp has 15 seconds left.
|inactive|test_0xp has 10 seconds left.
|
|t:|1757832835
|-terastallize|p2a: Greninja|Ghost
|-terastallize|p1b: Incineroar|Flying
|move|p2a: Greninja|Water Shuriken|p2b: Annihilape
|-damage|p2b: Annihilape|95/100
|-damage|p2b: Annihilape|89/100
|-damage|p2b: Annihilape|83/100
|-damage|p2b: Annihilape|78/100
|-hitcount|p2b: Annihilape|4
|move|p2b: Annihilape|Rage Fist|p1a: Exeggutor
|-damage|p1a: Exeggutor|0 fnt
|faint|p1a: Exeggutor
|move|p1b: Incineroar|Knock Off|p2a: Greninja
|-supereffective|p2a: Greninja
|-damage|p2a: Greninja|0 fnt
|-enditem|p2a: Greninja|Loaded Dice|[from] move: Knock Off|[of] p1b: Incineroar
|faint|p2a: Greninja
|
|upkeep
|
|t:|1757832852
|switch|p2a: Amoonguss|Amoonguss, L50, F, shiny|100/100
|switch|p1a: Ursaluna|Ursaluna, L50, M|100/100
|turn|2
|inactive|test_0xp has 30 seconds left.
|inactive|test_0xp has 20 seconds left.
|inactive|test_0xp has 15 seconds left.
|
|t:|1757832897
|move|p1a: Ursaluna|Protect|p1a: Ursaluna
|-singleturn|p1a: Ursaluna|Protect
|move|p2b: Annihilape|Rage Fist|p1b: Incineroar
|-damage|p1b: Incineroar|0 fnt
|faint|p1b: Incineroar
|move|p2a: Amoonguss|Spore|p1a: Ursaluna
|-activate|p1a: Ursaluna|move: Protect
|
|-status|p1a: Ursaluna|brn|[from] item: Flame Orb
|upkeep
|
|t:|1757832903
|switch|p1b: Torkoal|Torkoal, L50, M|100/100
|-weather|SunnyDay|[from] ability: Drought|[of] p1b: Torkoal
|turn|3
|inactive|themismatcher has 30 seconds left.
|
|t:|1757832929
|move|p1b: Torkoal|Protect|p1b: Torkoal
|-singleturn|p1b: Torkoal|Protect
|move|p2a: Amoonguss|Rage Powder|p2a: Amoonguss
|-singleturn|p2a: Amoonguss|move: Rage Powder
|move|p2b: Annihilape|Rage Fist|p1b: Torkoal
|-activate|p1b: Torkoal|move: Protect
|move|p1a: Ursaluna|Earthquake|p2b: Annihilape|[spread] p2a,p2b
|-activate|p1b: Torkoal|move: Protect
|-crit|p2b: Annihilape
|-damage|p2a: Amoonguss|50/100
|-damage|p2b: Annihilape|0 fnt
|-enditem|p2a: Amoonguss|Sitrus Berry|[eat]
|-heal|p2a: Amoonguss|75/100|[from] item: Sitrus Berry
|faint|p2b: Annihilape
|
|-weather|SunnyDay|[upkeep]
|-damage|p1a: Ursaluna|95/100 brn|[from] brn
|upkeep
|
|t:|1757832934
|switch|p2b: Pelipper|Pelipper, L50, M|100/100
|-weather|RainDance|[from] ability: Drizzle|[of] p2b: Pelipper
|turn|4
|inactive|test_0xp has 30 seconds left.
|
|t:|1757832968
|move|p1a: Ursaluna|Protect|p1a: Ursaluna
|-singleturn|p1a: Ursaluna|Protect
|move|p2b: Pelipper|Weather Ball|p1a: Ursaluna
|-activate|p1a: Ursaluna|move: Protect
|move|p2a: Amoonguss|Spore|p1b: Torkoal
|-status|p1b: Torkoal|slp|[from] move: Spore
|cant|p1b: Torkoal|slp
|
|-weather|RainDance|[upkeep]
|-damage|p1a: Ursaluna|89/100 brn|[from] brn
|upkeep
|turn|5
|inactive|themismatcher has 30 seconds left.
|
|t:|1757832997
|move|p2b: Pelipper|Weather Ball|p1a: Ursaluna
|-supereffective|p1a: Ursaluna
|-damage|p1a: Ursaluna|0 fnt
|faint|p1a: Ursaluna
|move|p2a: Amoonguss|Pollen Puff|p2b: Pelipper
|cant|p1b: Torkoal|slp
|
|-weather|RainDance|[upkeep]
|upkeep
|turn|6
|-message|test_0xp forfeited.
|
|win|themismatcher
|raw|test_0xp's rating: 1202 → 1187(-15 for losing)
|raw|themismatcher's rating: 1344 → 1356(+12 for winning)
|l|☆themismatcher
|player|p2|
