|j|☆Alecat
|j|☆DrXJ13
|html|AlecatDrXJ13    
|uhtml|bestof|Game 3 of a best-of-3
|t:|1757246056
|gametype|doubles
|player|p1|Alecat|scientistf|1213
|player|p2|DrXJ13|2|1131
|gen|9
|tier|[Gen 9] VGC 2025 Reg H (Bo3)
|rated|
|rule|Species Clause: Limit one of each Pokémon
|rule|Item Clause: Limit 1 of each item
|clearpoke
|poke|p1|Sneasler, L50, F|
|poke|p1|Rillaboom, L50, F|
|poke|p1|Magmar, L50, M|
|poke|p1|Espathra, L50, F|
|poke|p1|Kingambit, L50, F|
|poke|p1|Arcanine-Hisui, L50, M|
|poke|p2|Sinistcha, L50|
|poke|p2|Ursaluna-Bloodmoon, L50, M|
|poke|p2|Incineroar, L50, F|
|poke|p2|Sneasler, L50, F|
|poke|p2|Dragonite, L50, M|
|poke|p2|Corviknight, L50, F|
|teampreview|4
|showteam|p1|Sneasler||FocusSash|Unburden|FakeOut,CloseCombat,DireClaw,Coaching|||F|||50|,,,,,Ghost]Rillaboom||AssaultVest|GrassySurge|FakeOut,WoodHammer,GrassyGlide,HighHorsepower|||F|||50|,,,,,Fire]Magmar||Eviolite|VitalSpirit|Protect,HeatWave,Taunt,FollowMe|||M|||50|,,,,,Dragon]Espathra||GrassySeed|SpeedBoost|Protect,StoredPower,TeraBlast,CalmMind|||F|||50|,,,,,Fighting]Kingambit||SafetyGoggles|Defiant|Protect,KowtowCleave,SuckerPunch,SwordsDance|||F|||50|,,,,,Dark]Arcanine-Hisui||LoadedDice|Intimidate|Protect,FlareBlitz,RockBlast,ExtremeSpeed|||M|||50|,,,,,Ghost
|showteam|p2|Sinistcha||RockyHelmet|Hospitality|MatchaGotcha,ShadowBall,TrickRoom,RagePowder||||||50|,,,,,Water]Ursaluna-Bloodmoon||Leftovers|MindsEye|HyperVoice,EarthPower,CalmMind,Protect|||M|||50|,,,,,Water]Incineroar||SafetyGoggles|Intimidate|FakeOut,KnockOff,FlareBlitz,PartingShot|||F|||50|,,,,,Ghost]Sneasler||FocusSash|Unburden|Coaching,DireClaw,CloseCombat,Protect|||F|||50|,,,,,Stellar]Dragonite||LoadedDice|Multiscale|ScaleShot,ExtremeSpeed,Haze,Protect|||M|||50|,,,,,Fairy]Corviknight||CovertCloak|MirrorArmor|DualWingbeat,Tailwind,IronHead,Taunt|||F|||50|,,,,,Dragon
|inactive|Battle timer is ON: inactive players will automatically lose when time's up. (requested by DrXJ13)
|inactive|Alecat also wants the timer to be on.
|
|t:|1757246070
|teamsize|p1|4
|teamsize|p2|4
|start
|switch|p1a: Rillaboom|Rillaboom, L50, F|100/100
|switch|p1b: Arcanine|Arcanine-Hisui, L50, M|100/100
|switch|p2a: Tuex|Sneasler, L50, F|100/100
|switch|p2b: Wellington|Ursaluna-Bloodmoon, L50, M|100/100
|-fieldstart|move: Grassy Terrain|[from] ability: Grassy Surge|[of] p1a: Rillaboom
|-ability|p1b: Arcanine|Intimidate|boost
|-unboost|p2a: Tuex|atk|1
|-unboost|p2b: Wellington|atk|1
|turn|1
|inactive|Alecat has 30 seconds left.
|
|t:|1757246098
|switch|p2a: Té (en) tazas|Sinistcha, L50|100/100
|-terastallize|p1b: Arcanine|Ghost
|move|p2b: Wellington|Protect|p2b: Wellington
|-singleturn|p2b: Wellington|Protect
|move|p1a: Rillaboom|Fake Out|p2b: Wellington
|-activate|p2b: Wellington|move: Protect
|move|p1b: Arcanine|Rock Blast|p2a: Té (en) tazas
|-damage|p2a: Té (en) tazas|90/100
|-damage|p2a: Té (en) tazas|80/100
|-damage|p2a: Té (en) tazas|69/100
|-damage|p2a: Té (en) tazas|57/100
|-damage|p2a: Té (en) tazas|47/100
|-hitcount|p2a: Té (en) tazas|5
|
|-heal|p2a: Té (en) tazas|53/100|[from] Grassy Terrain
|upkeep
|turn|2
|
|t:|1757246116
|switch|p2b: Tuex|Sneasler, L50, F|100/100
|move|p2a: Té (en) tazas|Rage Powder|p2a: Té (en) tazas
|-singleturn|p2a: Té (en) tazas|move: Rage Powder
|move|p1a: Rillaboom|Wood Hammer|p2b: Tuex
|-resisted|p2b: Tuex
|-damage|p2b: Tuex|32/100
|-damage|p1a: Rillaboom|80/100|[from] Recoil
|move|p1b: Arcanine|Flare Blitz|p2a: Té (en) tazas
|-supereffective|p2a: Té (en) tazas
|-damage|p2a: Té (en) tazas|0 fnt
|-damage|p1b: Arcanine|84/100|[from] item: Rocky Helmet|[of] p2a: Té (en) tazas
|faint|p2a: Té (en) tazas
|-damage|p1b: Arcanine|69/100|[from] Recoil
|
|-heal|p2b: Tuex|38/100|[from] Grassy Terrain
|-heal|p1a: Rillaboom|86/100|[from] Grassy Terrain
|-heal|p1b: Arcanine|75/100|[from] Grassy Terrain
|upkeep
|
|t:|1757246128
|switch|p2a: Onichan|Dragonite, L50, M|100/100
|turn|3
|
|t:|1757246141
|switch|p1a: Sneasler|Sneasler, L50, F|100/100
|-terastallize|p2a: Onichan|Fairy
|move|p1b: Arcanine|Protect|p1b: Arcanine
|-singleturn|p1b: Arcanine|Protect
|move|p2b: Tuex|Coaching|p2a: Onichan
|-boost|p2a: Onichan|atk|1
|-boost|p2a: Onichan|def|1
|move|p2a: Onichan|Scale Shot|p1a: Sneasler
|-damage|p1a: Sneasler|61/100
|-damage|p1a: Sneasler|22/100
|-damage|p1a: Sneasler|0 fnt
|faint|p1a: Sneasler
|-hitcount|p1: Sneasler|3
|-unboost|p2a: Onichan|def|1
|-boost|p2a: Onichan|spe|1
|
|-heal|p2b: Tuex|43/100|[from] Grassy Terrain
|-heal|p1b: Arcanine|81/100|[from] Grassy Terrain
|upkeep
|inactive|Alecat has 30 seconds left.
|
|t:|1757246172
|switch|p1a: Rillaboom|Rillaboom, L50, F|86/100
|turn|4
|
|t:|1757246182
|switch|p1b: Kingambit|Kingambit, L50, F|100/100
|move|p2a: Onichan|Protect|p2a: Onichan
|-singleturn|p2a: Onichan|Protect
|move|p2b: Tuex|Protect|p2b: Tuex
|-singleturn|p2b: Tuex|Protect
|move|p1a: Rillaboom|Fake Out|p2b: Tuex
|-activate|p2b: Tuex|move: Protect
|
|-heal|p2b: Tuex|49/100|[from] Grassy Terrain
|-heal|p1a: Rillaboom|92/100|[from] Grassy Terrain
|upkeep
|turn|5
|
|t:|1757246193
|switch|p1a: Arcanine|Arcanine-Hisui, L50, M, tera:Ghost|81/100
|-ability|p1a: Arcanine|Intimidate|boost
|-unboost|p2a: Onichan|atk|1
|-unboost|p2b: Tuex|atk|1
|move|p2a: Onichan|Scale Shot|p1a: Arcanine
|-damage|p1a: Arcanine|66/100
|-damage|p1a: Arcanine|51/100
|-damage|p1a: Arcanine|38/100
|-damage|p1a: Arcanine|24/100
|-hitcount|p1a: Arcanine|4
|-unboost|p2a: Onichan|def|1
|-boost|p2a: Onichan|spe|1
|move|p2b: Tuex|Close Combat|p1b: Kingambit
|-supereffective|p1b: Kingambit
|-damage|p1b: Kingambit|0 fnt
|-unboost|p2b: Tuex|def|1
|-unboost|p2b: Tuex|spd|1
|faint|p1b: Kingambit
|
|-heal|p2b: Tuex|55/100|[from] Grassy Terrain
|-heal|p1a: Arcanine|30/100|[from] Grassy Terrain
|-fieldend|move: Grassy Terrain
|upkeep
|
|t:|1757246201
|switch|p1b: Rillaboom|Rillaboom, L50, F|92/100
|-fieldstart|move: Grassy Terrain|[from] ability: Grassy Surge|[of] p1b: Rillaboom
|turn|6
|inactive|Alecat has 30 seconds left.
|
|t:|1757246227
|move|p2a: Onichan|Protect|p2a: Onichan
|-singleturn|p2a: Onichan|Protect
|move|p2b: Tuex|Protect|p2b: Tuex
|-singleturn|p2b: Tuex|Protect
|move|p1a: Arcanine|Protect|p1a: Arcanine
|-singleturn|p1a: Arcanine|Protect
|move|p1b: Rillaboom|Fake Out|p2b: Tuex
|-activate|p2b: Tuex|move: Protect
|
|-heal|p2b: Tuex|61/100|[from] Grassy Terrain
|-heal|p1b: Rillaboom|98/100|[from] Grassy Terrain
|-heal|p1a: Arcanine|36/100|[from] Grassy Terrain
|upkeep
|turn|7
|
|t:|1757246239
|move|p1a: Arcanine|Extreme Speed|p2b: Tuex
|-damage|p2b: Tuex|0 fnt
|faint|p2b: Tuex
|move|p1b: Rillaboom|Grassy Glide|p2a: Onichan
|-crit|p2a: Onichan
|-damage|p2a: Onichan|58/100
|move|p2a: Onichan|Haze|p2a: Onichan
|-clearallboost
|
|-heal|p1b: Rillaboom|100/100|[from] Grassy Terrain
|-heal|p2a: Onichan|64/100|[from] Grassy Terrain
|-heal|p1a: Arcanine|42/100|[from] Grassy Terrain
|upkeep
|
|t:|1757246245
|switch|p2b: Wellington|Ursaluna-Bloodmoon, L50, M|100/100
|turn|8
|
|t:|1757246256
|move|p1b: Rillaboom|Wood Hammer|p2b: Wellington
|-supereffective|p2b: Wellington
|-damage|p2b: Wellington|0 fnt
|faint|p2b: Wellington
|-damage|p1b: Rillaboom|61/100|[from] Recoil
|move|p2a: Onichan|Scale Shot|p1a: Arcanine
|-damage|p1a: Arcanine|28/100
|-damage|p1a: Arcanine|13/100
|-damage|p1a: Arcanine|0 fnt
|faint|p1a: Arcanine
|-hitcount|p1: Arcanine|3
|-unboost|p2a: Onichan|def|1
|-boost|p2a: Onichan|spe|1
|
|-heal|p2a: Onichan|70/100|[from] Grassy Terrain
|-heal|p1b: Rillaboom|67/100|[from] Grassy Terrain
|upkeep
|turn|9
|
|t:|1757246276
|move|p2a: Onichan|Protect|p2a: Onichan
|-singleturn|p2a: Onichan|Protect
|move|p1b: Rillaboom|Grassy Glide|p2a: Onichan
|-activate|p2a: Onichan|move: Protect
|
|-heal|p2a: Onichan|76/100|[from] Grassy Terrain
|-heal|p1b: Rillaboom|72/100|[from] Grassy Terrain
|upkeep
|turn|10
|
|t:|1757246284
|move|p1b: Rillaboom|Grassy Glide|p2a: Onichan
|-crit|p2a: Onichan
|-damage|p2a: Onichan|0 fnt
|faint|p2a: Onichan
|
|win|Alecat
|raw|Alecat's rating: 1213 → 1232(+19 for winning)
|raw|DrXJ13's rating: 1131 → 1112(-19 for losing)
