|j|☆lslucho
|j|☆alejandrorr
|html|lsluchoalejandrorr    
|uhtml|bestof|Game 1 of a best-of-3
|t:|1782661968
|gametype|doubles
|player|p1|lslucho|nate|
|player|p2|alejandrorr|170|
|gen|9
|tier|[Gen 9 Champions] VGC 2026 Reg M-B (Bo3)
|rule|Species Clause: Limit one of each Pokémon
|rule|Item Clause: Limit 1 of each item
|clearpoke
|poke|p1|Pelipper, L50, F|
|poke|p1|Swampert, L50, F|
|poke|p1|Archaludon, L50, M|
|poke|p1|Sinistcha, L50|
|poke|p1|Metagross, L50, shiny|
|poke|p1|Grimmsnarl, L50, M|
|poke|p2|Charizard, L50, F|
|poke|p2|Venusaur, L50, M|
|poke|p2|Incineroar, L50, F|
|poke|p2|Gardevoir, L50, M|
|poke|p2|Milotic, L50, F|
|poke|p2|Garchomp, L50, M|
|teampreview|4
|showteam|p1|Pelipper||FocusSash|Drizzle|Protect,Tailwind,Hurricane,WeatherBall|Modest||F|||50|]Swampert||Swampertite|Damp|Protect,WaveCrash,HighHorsepower,IcePunch|Adamant||F|||50|]Archaludon||Leftovers|Stamina|Protect,DragonPulse,FlashCannon,ElectroShot|Modest||M|||50|]Sinistcha||KasibBerry|Hospitality|Protect,MatchaGotcha,RagePowder,LifeDew|Calm|||||50|]Metagross||Metagrossite|ClearBody|Protect,PsychicFangs,BrickBreak,BulletPunch|Adamant|||||50|]Grimmsnarl||LightClay|Prankster|FoulPlay,Reflect,LightScreen,PartingShot|Careful||M|||50|
|showteam|p2|Charizard||CharizarditeY|Blaze|SolarBeam,HeatWave,WeatherBall,Protect|Timid||F|||50|]Venusaur||FocusSash|Chlorophyll|Protect,SleepPowder,LeafStorm,SludgeBomb|Timid||M|||50|]Incineroar||SitrusBerry|Intimidate|FakeOut,PartingShot,FlareBlitz,ThroatChop|Adamant||F|||50|]Gardevoir||ChoiceScarf|Trace|DazzlingGleam,Moonblast,IcyWind,Psyshock|Timid||M|||50|]Milotic||Leftovers|Competitive|Protect,Scald,IceBeam,Recover|Modest||F|||50|]Garchomp||LifeOrb|RoughSkin|Protect,DragonClaw,StompingTantrum,Earthquake|Jolly||M|||50|
|c|☆lslucho|suerte tio
|inactive|Battle timer is ON: inactive players will automatically lose when time's up. (requested by lslucho)
|inactive|lslucho has 60 seconds left.
|inactive|alejandrorr has 60 seconds left.
|inactive|lslucho has 30 seconds left.
|inactive|alejandrorr has 30 seconds left.
|inactive|lslucho has 20 seconds left.
|inactive|lslucho has 15 seconds left.
|inactive|lslucho has 10 seconds left.
|inactive|lslucho has 5 seconds left.
|
|t:|1782662067
|teamsize|p1|4
|teamsize|p2|4
|start
|switch|p1a: Grimmsnarl|Grimmsnarl, L50, M|100/100
|switch|p1b: Archaludon|Archaludon, L50, M|100/100
|switch|p2a: Charizard|Charizard, L50, F|100/100
|switch|p2b: Venusaur|Venusaur, L50, M|100/100
|turn|1
|inactive|lslucho has 30 seconds left.
|inactive|alejandrorr has 30 seconds left.
|
|t:|1782662102
|move|p2a: Charizard|Protect|p2a: Charizard
|-singleturn|p2a: Charizard|Protect
|move|p1a: Grimmsnarl|Parting Shot|p2a: Charizard
|-activate|p2a: Charizard|move: Protect
|move|p2b: Venusaur|Sleep Powder|p1b: Archaludon|[miss]
|-miss|p2b: Venusaur|p1b: Archaludon
|move|p1b: Archaludon|Electro Shot||[still]
|-prepare|p1b: Archaludon|Electro Shot
|-boost|p1b: Archaludon|spa|1
|
|upkeep
|turn|2
|inactive|alejandrorr has 30 seconds left.
|inactive|alejandrorr has 20 seconds left.
|inactive|alejandrorr has 15 seconds left.
|
|t:|1782662143
|switch|p2a: Garchomp|Garchomp, L50, M|100/100
|move|p1a: Grimmsnarl|Light Screen|p1a: Grimmsnarl
|-sidestart|p1: lslucho|move: Light Screen
|move|p2b: Venusaur|Sleep Powder|p1b: Archaludon
|-status|p1b: Archaludon|slp|[from] move: Sleep Powder
|cant|p1b: Archaludon|slp
|
|upkeep
|turn|3
|
|t:|1782662168
|cant|p1b: Archaludon|slp
|move|p1a: Grimmsnarl|Reflect|p1a: Grimmsnarl
|-sidestart|p1: lslucho|Reflect
|move|p2a: Garchomp|Stomping Tantrum|p1b: Archaludon
|-supereffective|p1b: Archaludon|1
|-damage|p1b: Archaludon|51/100 slp
|-ability|p1b: Archaludon|Stamina|boost
|-boost|p1b: Archaludon|def|1
|-damage|p2a: Garchomp|90/100|[from] item: Life Orb
|move|p2b: Venusaur|Sleep Powder|p1a: Grimmsnarl
|-status|p1a: Grimmsnarl|slp|[from] move: Sleep Powder
|
|-heal|p1b: Archaludon|57/100 slp|[from] item: Leftovers
|upkeep
|turn|4
|inactive|alejandrorr has 30 seconds left.
|
|t:|1782662194
|switch|p2b: Charizard|Charizard, L50, F|100/100
|-curestatus|p1b: Archaludon|slp|[msg]
|move|p1b: Archaludon|Protect|p1b: Archaludon
|-singleturn|p1b: Archaludon|Protect
|cant|p1a: Grimmsnarl|slp
|move|p2a: Garchomp|Earthquake|p1a: Grimmsnarl|[spread] p1a
|-activate|p1b: Archaludon|move: Protect
|-immune|p2b: Charizard
|-damage|p1a: Grimmsnarl|59/100 slp
|-damage|p2a: Garchomp|80/100|[from] item: Life Orb
|
|-heal|p1b: Archaludon|63/100|[from] item: Leftovers
|upkeep
|turn|5
|inactive|alejandrorr has 30 seconds left.
|inactive|alejandrorr has 20 seconds left.
|inactive|alejandrorr has 15 seconds left.
|
|t:|1782662237
|detailschange|p2b: Charizard|Charizard-Mega-Y, L50, F
|-mega|p2b: Charizard|Charizard|Charizardite Y
|-weather|SunnyDay|[from] ability: Drought|[of] p2b: Charizard
|-curestatus|p1a: Grimmsnarl|slp|[msg]
|move|p1a: Grimmsnarl|Parting Shot|p2b: Charizard
|-unboost|p2b: Charizard|atk|1
|-unboost|p2b: Charizard|spa|1
|
|t:|1782662244
|switch|p1a: Pelipper|Pelipper, L50, F|100/100|[from] Parting Shot
|-weather|RainDance|[from] ability: Drizzle|[of] p1a: Pelipper
|move|p2a: Garchomp|Earthquake|p1b: Archaludon|[spread] p1b
|-immune|p2b: Charizard
|-immune|p1a: Pelipper
|-supereffective|p1b: Archaludon|1
|-damage|p1b: Archaludon|31/100
|-ability|p1b: Archaludon|Stamina|boost
|-boost|p1b: Archaludon|def|1
|-damage|p2a: Garchomp|71/100|[from] item: Life Orb
|move|p2b: Charizard|Heat Wave|p1b: Archaludon|[spread] p1a,p1b
|-resisted|p1a: Pelipper|1
|-damage|p1a: Pelipper|91/100
|-damage|p1b: Archaludon|21/100
|-ability|p1b: Archaludon|Stamina|boost
|-boost|p1b: Archaludon|def|1
|move|p1b: Archaludon|Dragon Pulse|p2a: Garchomp
|-supereffective|p2a: Garchomp|1
|-damage|p2a: Garchomp|0 fnt
|faint|p2a: Garchomp
|
|-weather|RainDance|[upkeep]
|-heal|p1b: Archaludon|27/100|[from] item: Leftovers
|upkeep
|inactive|alejandrorr has 30 seconds left.
|
|t:|1782662278
|switch|p2a: Incineroar|Incineroar, L50, F|100/100
|-ability|p2a: Incineroar|Intimidate|boost
|-unboost|p1a: Pelipper|atk|1
|-unboost|p1b: Archaludon|atk|1
|turn|6
|inactive|lslucho has 30 seconds left.
|
|t:|1782662303
|switch|p2b: Venusaur|Venusaur, L50, M|100/100
|move|p1a: Pelipper|Weather Ball|p2a: Incineroar
|-supereffective|p2a: Incineroar|1
|-crit|p2a: Incineroar
|-damage|p2a: Incineroar|0 fnt
|faint|p2a: Incineroar
|move|p1b: Archaludon|Electro Shot||[still]
|-prepare|p1b: Archaludon|Electro Shot
|-boost|p1b: Archaludon|spa|1
|-anim|p1b: Archaludon|Electro Shot|p2b: Venusaur
|-resisted|p2b: Venusaur|1
|-damage|p2b: Venusaur|55/100
|
|-weather|RainDance|[upkeep]
|-heal|p1b: Archaludon|34/100|[from] item: Leftovers
|upkeep
|
|t:|1782662316
|switch|p2a: Charizard|Charizard-Mega-Y, L50, F|100/100
|-weather|SunnyDay|[from] ability: Drought|[of] p2a: Charizard
|turn|7
|
|t:|1782662338
|switch|p1a: Grimmsnarl|Grimmsnarl, L50, M|59/100
|move|p1b: Archaludon|Protect|p1b: Archaludon
|-singleturn|p1b: Archaludon|Protect
|move|p2b: Venusaur|Sludge Bomb|p1a: Grimmsnarl
|-supereffective|p1a: Grimmsnarl|1
|-damage|p1a: Grimmsnarl|15/100
|-status|p1a: Grimmsnarl|psn
|move|p2a: Charizard|Heat Wave|p1a: Grimmsnarl|[spread] p1a
|-activate|p1b: Archaludon|move: Protect
|-damage|p1a: Grimmsnarl|0 fnt
|faint|p1a: Grimmsnarl
|
|-weather|SunnyDay|[upkeep]
|-heal|p1b: Archaludon|40/100|[from] item: Leftovers
|upkeep
|
|t:|1782662351
|switch|p1a: Pelipper|Pelipper, L50, F|91/100
|-weather|RainDance|[from] ability: Drizzle|[of] p1a: Pelipper
|turn|8
|inactive|alejandrorr has 30 seconds left.
|inactive|alejandrorr has 20 seconds left.
|inactive|alejandrorr has 15 seconds left.
|inactive|alejandrorr has 10 seconds left.
|
|t:|1782662397
|move|p2a: Charizard|Weather Ball|p1b: Archaludon
|-resisted|p1b: Archaludon|1
|-damage|p1b: Archaludon|21/100
|-ability|p1b: Archaludon|Stamina|boost
|-boost|p1b: Archaludon|def|1
|move|p2b: Venusaur|Sleep Powder|p1a: Pelipper
|-status|p1a: Pelipper|slp|[from] move: Sleep Powder
|cant|p1a: Pelipper|slp
|move|p1b: Archaludon|Electro Shot||[still]
|-prepare|p1b: Archaludon|Electro Shot
|-boost|p1b: Archaludon|spa|1
|-anim|p1b: Archaludon|Electro Shot|p2a: Charizard
|-supereffective|p2a: Charizard|1
|-damage|p2a: Charizard|0 fnt
|faint|p2a: Charizard
|
|-weather|RainDance|[upkeep]
|-heal|p1b: Archaludon|27/100|[from] item: Leftovers
|upkeep
|turn|9
|
|t:|1782662415
|move|p2b: Venusaur|Sleep Powder|p1b: Archaludon|[miss]
|-miss|p2b: Venusaur|p1b: Archaludon
|cant|p1a: Pelipper|slp
|move|p1b: Archaludon|Dragon Pulse|p2b: Venusaur
|-damage|p2b: Venusaur|0 fnt
|faint|p2b: Venusaur
|
|win|lslucho
|inactive|lslucho has 30 seconds to confirm battle start!
|inactive|alejandrorr has 30 seconds to confirm battle start!
||lslucho is ready for game 2.
|inactive|alejandrorr has 20 seconds to confirm battle start!
|inactive|alejandrorr has 10 seconds to confirm battle start!
|uhtml|next|Next: Game 2 of 3
