|j|☆new mental
|j|☆Ossi1590
|html|new mentalOssi1590    
|uhtml|bestof|Game 2 of a best-of-3
|t:|1783506095
|gametype|doubles
|player|p1|new mental|volkner|1296
|player|p2|Ossi1590|colress|1290
|gen|9
|tier|[Gen 9 Champions] VGC 2026 Reg M-B (Bo3)
|rated|
|rule|Species Clause: Limit one of each Pokémon
|rule|Item Clause: Limit 1 of each item
|clearpoke
|poke|p1|Aerodactyl, L50, F|
|poke|p1|Garchomp, L50, F|
|poke|p1|Kingambit, L50, F|
|poke|p1|Charizard, L50, F|
|poke|p1|Sylveon, L50, M|
|poke|p1|Farigiraf, L50, M|
|poke|p2|Raichu, L50, F|
|poke|p2|Mawile, L50, M|
|poke|p2|Sinistcha, L50|
|poke|p2|Ceruledge, L50, M|
|poke|p2|Milotic, L50, F|
|poke|p2|Incineroar, L50, M|
|teampreview|4
|showteam|p1|Aerodactyl||Aerodactylite|Unnerve|IceFang,RockSlide,Tailwind,DualWingbeat|Jolly||F|||50|]Garchomp||LifeOrb|RoughSkin|DragonClaw,StompingTantrum,Earthquake,Protect|Jolly||F|||50|]Kingambit||FocusSash|Defiant|SuckerPunch,KowtowCleave,IronHead,LowKick|Adamant||F|||50|]Charizard||CharizarditeY|SolarPower|Protect,HeatWave,SolarBeam,WeatherBall|Modest||F|||50|]Sylveon||FairyFeather|Pixilate|Protect,HyperVoice,HyperBeam,QuickAttack|Modest||M|||50|]Farigiraf||SitrusBerry|ArmorTail|TrickRoom,Thunderbolt,Psychic,Roar|Bold||M|||50|
|showteam|p2|Raichu||RaichuniteY|LightningRod|ZapCannon,FocusBlast,FakeOut,Protect|Timid||F|||50|]Mawile||Mawilite|HyperCutter|PlayRough,SuckerPunch,SwordsDance,Protect|Adamant||M|||50|]Sinistcha||KasibBerry|Hospitality|MatchaGotcha,LifeDew,RagePowder,Protect|Relaxed|||||50|]Ceruledge||ColburBerry|FlashFire|BitterBlade,ShadowSneak,BulkUp,Protect|Adamant||M|||50|]Milotic||Leftovers|Competitive|MuddyWater,Coil,Hypnosis,Protect|Calm||F|||50|]Incineroar||SitrusBerry|Intimidate|FlareBlitz,ThroatChop,FakeOut,PartingShot|Impish||M|||50|
|inactive|Battle timer is ON: inactive players will automatically lose when time's up. (requested by new mental)
|
|t:|1783506128
|teamsize|p1|4
|teamsize|p2|4
|start
|switch|p1a: Aerodactyl|Aerodactyl, L50, F|100/100
|switch|p1b: Kingambit|Kingambit, L50, F|100/100
|switch|p2a: Milotic|Milotic, L50, F|100/100
|switch|p2b: Raichu|Raichu, L50, F|100/100
|-ability|p1a: Aerodactyl|Unnerve
|turn|1
|
|t:|1783506138
|detailschange|p2b: Raichu|Raichu-Mega-Y, L50, F
|-mega|p2b: Raichu|Raichu|Raichunite Y
|move|p2b: Raichu|Fake Out|p1b: Kingambit
|-resisted|p1b: Kingambit|1
|-damage|p1b: Kingambit|96/100
|move|p1a: Aerodactyl|Tailwind|p1a: Aerodactyl
|-sidestart|p1: new mental|move: Tailwind
|cant|p1b: Kingambit|flinch
|move|p2a: Milotic|Coil|p2a: Milotic
|-boost|p2a: Milotic|atk|1
|-boost|p2a: Milotic|def|1
|-boost|p2a: Milotic|accuracy|1
|
|upkeep
|turn|2
|
|t:|1783506157
|switch|p1a: Garchomp|Garchomp, L50, F|100/100
|switch|p1b: Farigiraf|Farigiraf, L50, M|100/100
|move|p2b: Raichu|Protect|p2b: Raichu
|-singleturn|p2b: Raichu|Protect
|move|p2a: Milotic|Coil|p2a: Milotic
|-boost|p2a: Milotic|atk|1
|-boost|p2a: Milotic|def|1
|-boost|p2a: Milotic|accuracy|1
|
|upkeep
|turn|3
|
|t:|1783506168
|switch|p2b: Incineroar|Incineroar, L50, M|100/100
|-ability|p2b: Incineroar|Intimidate|boost
|-unboost|p1a: Garchomp|atk|1
|-unboost|p1b: Farigiraf|atk|1
|move|p1a: Garchomp|Stomping Tantrum|p2b: Incineroar
|-supereffective|p2b: Incineroar|1
|-damage|p2b: Incineroar|56/100
|-damage|p1a: Garchomp|90/100|[from] item: Life Orb
|move|p2a: Milotic|Hypnosis|p1b: Farigiraf
|-status|p1b: Farigiraf|slp|[from] move: Hypnosis
|cant|p1b: Farigiraf|slp
|
|upkeep
|turn|4
|
|t:|1783506182
|move|p1a: Garchomp|Stomping Tantrum|p2b: Incineroar
|-supereffective|p2b: Incineroar|1
|-damage|p2b: Incineroar|6/100
|-enditem|p2b: Incineroar|Sitrus Berry|[eat]
|-heal|p2b: Incineroar|31/100|[from] item: Sitrus Berry
|-damage|p1a: Garchomp|80/100|[from] item: Life Orb
|move|p2a: Milotic|Hypnosis|p1a: Garchomp
|-status|p1a: Garchomp|slp|[from] move: Hypnosis
|move|p2b: Incineroar|Throat Chop|p1b: Farigiraf
|-supereffective|p1b: Farigiraf|1
|-damage|p1b: Farigiraf|50/100y slp
|-start|p1b: Farigiraf|Throat Chop|[silent]
|-enditem|p1b: Farigiraf|Sitrus Berry|[eat]
|-heal|p1b: Farigiraf|75/100 slp|[from] item: Sitrus Berry
|-curestatus|p1b: Farigiraf|slp|[msg]
|cant|p1b: Farigiraf|move: Throat Chop
|
|-sideend|p1: new mental|move: Tailwind
|upkeep
|turn|5
|
|t:|1783506202
|cant|p1a: Garchomp|slp
|move|p2a: Milotic|Muddy Water|p1b: Farigiraf|[spread] p1a,p1b
|-damage|p1a: Garchomp|53/100 slp
|-damage|p1b: Farigiraf|54/100
|-unboost|p1b: Farigiraf|accuracy|1
|move|p2b: Incineroar|Parting Shot|p1b: Farigiraf
|-unboost|p1b: Farigiraf|atk|1
|-unboost|p1b: Farigiraf|spa|1
|
|t:|1783506211
|switch|p2b: Ceruledge|Ceruledge, L50, M|100/100|[from] Parting Shot
|move|p1b: Farigiraf|Thunderbolt|p2a: Milotic
|-supereffective|p2a: Milotic|1
|-crit|p2a: Milotic
|-damage|p2a: Milotic|57/100
|
|-heal|p2a: Milotic|63/100|[from] item: Leftovers
|-end|p1b: Farigiraf|Throat Chop|[silent]
|upkeep
|turn|6
|
|t:|1783506225
|cant|p1a: Garchomp|slp
|move|p2b: Ceruledge|Bulk Up|p2b: Ceruledge
|-boost|p2b: Ceruledge|atk|1
|-boost|p2b: Ceruledge|def|1
|move|p2a: Milotic|Hypnosis|p1b: Farigiraf
|-status|p1b: Farigiraf|slp|[from] move: Hypnosis
|cant|p1b: Farigiraf|slp
|
|-heal|p2a: Milotic|69/100|[from] item: Leftovers
|upkeep
|turn|7
|
|t:|1783506243
|switch|p1b: Aerodactyl|Aerodactyl, L50, F|100/100
|-ability|p1b: Aerodactyl|Unnerve
|move|p2b: Ceruledge|Protect|p2b: Ceruledge
|-singleturn|p2b: Ceruledge|Protect
|-curestatus|p1a: Garchomp|slp|[msg]
|move|p1a: Garchomp|Earthquake|p2a: Milotic|[spread] p2a
|-activate|p2b: Ceruledge|move: Protect
|-immune|p1b: Aerodactyl
|-damage|p2a: Milotic|55/100
|-damage|p1a: Garchomp|44/100|[from] item: Life Orb
|move|p2a: Milotic|Hypnosis|p1a: Garchomp
|-status|p1a: Garchomp|slp|[from] move: Hypnosis
|
|-heal|p2a: Milotic|61/100|[from] item: Leftovers
|upkeep
|turn|8
|inactive|Ossi1590 has 30 seconds left.
|
|t:|1783506274
|switch|p1a: Farigiraf|Farigiraf, L50, M|54/100 slp
|move|p1b: Aerodactyl|Tailwind|p1b: Aerodactyl
|-sidestart|p1: new mental|move: Tailwind
|move|p2b: Ceruledge|Bitter Blade|p1b: Aerodactyl
|-resisted|p1b: Aerodactyl|1
|-damage|p1b: Aerodactyl|46/100
|move|p2a: Milotic|Muddy Water|p1a: Farigiraf|[spread] p1a,p1b
|-supereffective|p1b: Aerodactyl|1
|-damage|p1a: Farigiraf|31/100 slp
|-damage|p1b: Aerodactyl|0 fnt
|-unboost|p1a: Farigiraf|accuracy|1
|faint|p1b: Aerodactyl
|
|-heal|p2a: Milotic|67/100|[from] item: Leftovers
|upkeep
|
|t:|1783506282
|switch|p1b: Garchomp|Garchomp, L50, F|44/100 slp
|turn|9
|
|t:|1783506303
|cant|p1b: Garchomp|slp
|move|p2b: Ceruledge|Bitter Blade|p1a: Farigiraf
|-damage|p1a: Farigiraf|0 fnt
|faint|p1a: Farigiraf
|move|p2a: Milotic|Muddy Water|p1b: Garchomp
|-damage|p1b: Garchomp|12/100 slp
|
|-heal|p2a: Milotic|73/100|[from] item: Leftovers
|upkeep
|
|t:|1783506305
|switch|p1a: Kingambit|Kingambit, L50, F|96/100
|turn|10
|
|t:|1783506320
|move|p2b: Ceruledge|Protect|p2b: Ceruledge
|-singleturn|p2b: Ceruledge|Protect
|cant|p1b: Garchomp|slp
|move|p1a: Kingambit|Kowtow Cleave|p2b: Ceruledge
|-activate|p2b: Ceruledge|move: Protect
|move|p2a: Milotic|Hypnosis|p1a: Kingambit
|-status|p1a: Kingambit|slp|[from] move: Hypnosis
|
|-heal|p2a: Milotic|79/100|[from] item: Leftovers
|upkeep
|turn|11
|
|t:|1783506333
|cant|p1a: Kingambit|slp
|-curestatus|p1b: Garchomp|slp|[msg]
|move|p1b: Garchomp|Stomping Tantrum|p2b: Ceruledge
|-supereffective|p2b: Ceruledge|1
|-damage|p2b: Ceruledge|0 fnt
|faint|p2b: Ceruledge
|-damage|p1b: Garchomp|2/100|[from] item: Life Orb
|move|p2a: Milotic|Muddy Water|p1a: Kingambit|[spread] p1a,p1b
|-damage|p1a: Kingambit|71/100 slp
|-damage|p1b: Garchomp|0 fnt
|faint|p1b: Garchomp
|
|-heal|p2a: Milotic|85/100|[from] item: Leftovers
|-sideend|p1: new mental|move: Tailwind
|upkeep
|
|t:|1783506347
|switch|p2b: Raichu|Raichu-Mega-Y, L50, F|100/100
|turn|12
|
|t:|1783506356
|cant|p1a: Kingambit|slp
|move|p2b: Raichu|Focus Blast|p1a: Kingambit
|-supereffective|p1a: Kingambit|2
|-damage|p1a: Kingambit|0 fnt
|faint|p1a: Kingambit
|
|win|Ossi1590
|raw|new mental's rating: 1296 → 1271(-25 for losing)
|raw|Ossi1590's rating: 1290 → 1315(+25 for winning)
