|j|☆Alphonsgamin
|j|☆drillcurlsaresexy
|html|Alphonsgamindrillcurlsaresexy    
|uhtml|bestof|Game 2 of a best-of-3
|t:|1757693179
|gametype|doubles
|player|p1|Alphonsgamin|youngster-gen4dp|1102
|player|p2|drillcurlsaresexy|melony|1189
|gen|9
|tier|[Gen 9] VGC 2025 Reg H (Bo3)
|rated|
|rule|Species Clause: Limit one of each Pokémon
|rule|Item Clause: Limit 1 of each item
|clearpoke
|poke|p1|Rillaboom, L50, F|
|poke|p1|Gholdengo, L50|
|poke|p1|Basculegion, L50, M|
|poke|p1|Pelipper, L50, F|
|poke|p1|Sneasler, L50, M|
|poke|p1|Sneasel, L50, F|
|poke|p2|Gholdengo, L50|
|poke|p2|Clefable, L50, F|
|poke|p2|Ursaluna-Bloodmoon, L50, M|
|poke|p2|Sneasler, L50, M|
|poke|p2|Tauros-Paldea-Blaze, L50, M|
|poke|p2|Dragonite, L50, M|
|teampreview|4
|showteam|p1|Rillaboom||AssaultVest|GrassySurge|WoodHammer,GrassyGlide,FakeOut,Uturn|||F|||50|,,,,,Fire]Gholdengo||ChoiceSpecs|GoodasGold|MakeItRain,ShadowBall,PowerGem,Trick||||||50|,,,,,Steel]Basculegion||ChoiceBand|SwiftSwim|LastRespects,FlipTurn,WaveCrash,AquaJet|||M|||50|,,,,,Water]Pelipper||FocusSash|Drizzle|Hurricane,WeatherBall,Tailwind,Protect|||F|||50|,,,,,Stellar]Sneasler||GrassySeed|Unburden|CloseCombat,DireClaw,ThroatChop,FakeOut|||M|||50|,,,,,Dark]Sneasel||WideLens|InnerFocus|TripleAxel,FakeOut,IceShard,KnockOff|||F|||50|,,,,,Dark
|showteam|p2|Gholdengo||LifeOrb|GoodasGold|MakeItRain,ShadowBall,Protect,NastyPlot||||||50|,,,,,Dragon]Clefable||SitrusBerry|Unaware|Moonblast,Protect,FollowMe,HelpingHand|||F|||50|,,,,,Water]Ursaluna-Bloodmoon||AssaultVest|MindsEye|HyperVoice,BloodMoon,EarthPower,VacuumWave|||M|||50|,,,,,Water]Sneasler||FocusSash|PoisonTouch|CloseCombat,DireClaw,Protect,FakeOut|||M|||50|,,,,,Stellar]Tauros-Paldea-Blaze||MirrorHerb|Intimidate|CloseCombat,FlareBlitz,WillOWisp,Protect|||M|||50|,,,,,Dragon]Dragonite||LoadedDice|Multiscale|ScaleShot,Protect,Tailwind,Haze|||M|||50|,,,,,Steel
|inactive|Battle timer is ON: inactive players will automatically lose when time's up. (requested by Alphonsgamin)
|inactive|drillcurlsaresexy has 60 seconds left.
|
|t:|1757693210
|teamsize|p1|4
|teamsize|p2|4
|start
|switch|p1a: Sneasler|Sneasler, L50, M, shiny|100/100
|switch|p1b: Sneasel|Sneasel, L50, F, shiny|100/100
|switch|p2a: Sneasler|Sneasler, L50, M|100/100
|switch|p2b: Dragonite|Dragonite, L50, M|100/100
|turn|1
|
|t:|1757693227
|-terastallize|p2b: Dragonite|Steel
|move|p2a: Sneasler|Fake Out|p1a: Sneasler
|-damage|p1a: Sneasler|77/100
|cant|p1a: Sneasler|flinch
|move|p1b: Sneasel|Triple Axel|p2b: Dragonite
|-resisted|p2b: Dragonite
|-damage|p2b: Dragonite|98/100
|-resisted|p2b: Dragonite
|-damage|p2b: Dragonite|88/100
|-resisted|p2b: Dragonite
|-damage|p2b: Dragonite|75/100
|-hitcount|p2b: Dragonite|3
|move|p2b: Dragonite|Scale Shot|p1a: Sneasler
|-damage|p1a: Sneasler|51/100
|-damage|p1a: Sneasler|26/100
|-damage|p1a: Sneasler|0 fnt
|faint|p1a: Sneasler
|-hitcount|p1: Sneasler|3
|-unboost|p2b: Dragonite|def|1
|-boost|p2b: Dragonite|spe|1
|
|upkeep
|
|t:|1757693247
|switch|p1a: Pelipper|Pelipper, L50, F, shiny|100/100
|-weather|RainDance|[from] ability: Drizzle|[of] p1a: Pelipper
|turn|2
|
|t:|1757693258
|move|p2b: Dragonite|Scale Shot|p1a: Pelipper|[miss]
|-miss|p2b: Dragonite|p1a: Pelipper
|move|p2a: Sneasler|Close Combat|p1b: Sneasel
|-supereffective|p1b: Sneasel
|-damage|p1b: Sneasel|0 fnt
|-unboost|p2a: Sneasler|def|1
|-unboost|p2a: Sneasler|spd|1
|faint|p1b: Sneasel
|move|p1a: Pelipper|Tailwind|p1a: Pelipper
|-sidestart|p1: Alphonsgamin|move: Tailwind
|
|-weather|RainDance|[upkeep]
|upkeep
|
|t:|1757693271
|switch|p1b: Basculegion|Basculegion, L50, M|100/100
|turn|3
|inactive|drillcurlsaresexy has 30 seconds left.
|
|t:|1757693296
|move|p1b: Basculegion|Last Respects|p2a: Sneasler
|-enditem|p2a: Sneasler|Focus Sash
|-damage|p2a: Sneasler|1/100
|move|p1a: Pelipper|Hurricane|p2a: Sneasler
|-supereffective|p2a: Sneasler
|-damage|p2a: Sneasler|0 fnt
|faint|p2a: Sneasler
|move|p2b: Dragonite|Scale Shot|p1b: Basculegion
|-damage|p1b: Basculegion|81/100
|-damage|p1b: Basculegion|62/100
|-damage|p1b: Basculegion|44/100
|-damage|p1b: Basculegion|25/100
|-damage|p1b: Basculegion|5/100
|-hitcount|p1b: Basculegion|5
|-unboost|p2b: Dragonite|def|1
|-boost|p2b: Dragonite|spe|1
|
|-weather|RainDance|[upkeep]
|upkeep
|
|t:|1757693304
|switch|p2a: Ursaluna|Ursaluna-Bloodmoon, L50, M|100/100
|turn|4
|
|t:|1757693314
|move|p2a: Ursaluna|Vacuum Wave|p1b: Basculegion
|-damage|p1b: Basculegion|0 fnt
|faint|p1b: Basculegion
|move|p2b: Dragonite|Scale Shot|p1a: Pelipper
|-damage|p1a: Pelipper|82/100
|-damage|p1a: Pelipper|62/100
|-damage|p1a: Pelipper|41/100
|-damage|p1a: Pelipper|21/100
|-hitcount|p1a: Pelipper|4
|-unboost|p2b: Dragonite|def|1
|-boost|p2b: Dragonite|spe|1
|move|p1a: Pelipper|Weather Ball|p2a: Ursaluna
|-supereffective|p2a: Ursaluna
|-damage|p2a: Ursaluna|7/100
|
|-weather|RainDance|[upkeep]
|upkeep
|turn|5
|
|t:|1757693333
|move|p2b: Dragonite|Scale Shot|p1a: Pelipper
|-damage|p1a: Pelipper|0 fnt
|faint|p1a: Pelipper
|-hitcount|p1: Pelipper|1
|
|win|drillcurlsaresexy
||drillcurlsaresexy is ready for game 3.
||Alphonsgamin is ready for game 3.
|uhtml|next|Next: Game 3 of 3
