|j|☆Starbai
|j|☆vinicio499
|html|Starbaivinicio499    
|uhtml|bestof|Game 1 of a best-of-3
|t:|1757106587
|gametype|doubles
|player|p1|Starbai|acetrainer-gen4dp|1250
|player|p2|vinicio499|miku-ghost|1207
|gen|9
|tier|[Gen 9] VGC 2025 Reg H (Bo3)
|rated|
|rule|Species Clause: Limit one of each Pokémon
|rule|Item Clause: Limit 1 of each item
|clearpoke
|poke|p1|Dragonite, L50, F|
|poke|p1|Volcarona, L50, M|
|poke|p1|Sneasler, L50, F|
|poke|p1|Electabuzz, L50, M|
|poke|p1|Rillaboom, L50, M|
|poke|p1|Kingambit, L50, M|
|poke|p2|Serperior, L50, M|
|poke|p2|Milotic, L50, F|
|poke|p2|Whimsicott, L50, F|
|poke|p2|Sneasler, L50, M|
|poke|p2|Volcarona, L50, M|
|poke|p2|Incineroar, L50, M|
|teampreview|4
|showteam|p1|Dragonite||LoadedDice|Multiscale|ScaleShot,ExtremeSpeed,Haze,Protect|||F|||50|,,,,,Fairy]Volcarona||CovertCloak|FlameBody|HeatWave,TeraBlast,QuiverDance,Protect|||M|||50|,,,,,Fairy]Sneasler||FocusSash|Unburden|CloseCombat,DireClaw,FakeOut,Coaching|||F|||50|,,,,,Stellar]Electabuzz||Eviolite|VitalSpirit|Electroweb,FollowMe,Taunt,Protect|||M|||50|,,,,,Dragon]Rillaboom||MiracleSeed|GrassySurge|WoodHammer,GrassyGlide,FakeOut,HighHorsepower|||M|||50|,,,,,Fire]Kingambit||AssaultVest|Defiant|KowtowCleave,SuckerPunch,IronHead,TeraBlast|||M|||50|,,,,,Flying
|showteam|p2|Serperior||LifeOrb|Contrary|Glare,Protect,LeafStorm,Taunt|||M|||50|,,,,,Fire]Milotic||SitrusBerry|Competitive|Scald,Protect,Haze,IcyWind|||F|||50|,,,,,Grass]Whimsicott||CovertCloak|Prankster|Moonblast,Protect,Tailwind,LightScreen|||F|||50|,,,,,Ghost]Sneasler||FocusSash|Unburden|CloseCombat,DireClaw,Protect,ThroatChop|||M|||50|,,,,,Ghost]Volcarona||Leftovers|FlameBody|Protect,HeatWave,QuiverDance,TeraBlast|||M|||50|,,,,,Fairy]Incineroar||SafetyGoggles|Intimidate|FakeOut,KnockOff,PartingShot,FlareBlitz|||M|||50|,,,,,Ghost
|inactive|Battle timer is ON: inactive players will automatically lose when time's up. (requested by vinicio499)
|j| Spargz
|inactive|Starbai has 60 seconds left.
|c|☆vinicio499|glhf
|c|☆Starbai|u2
|inactive|Starbai has 30 seconds left.
|
|t:|1757106652
|teamsize|p1|4
|teamsize|p2|4
|start
|switch|p1a: Sneasler|Sneasler, L50, F|100/100
|switch|p1b: Volcarona|Volcarona, L50, M|100/100
|switch|p2a: Sneasler|Sneasler, L50, M|100/100
|switch|p2b: Milotic|Milotic, L50, F, shiny|100/100
|turn|1
|inactive|Starbai has 30 seconds left.
|
|t:|1757106679
|move|p2a: Sneasler|Protect|p2a: Sneasler
|-singleturn|p2a: Sneasler|Protect
|move|p1a: Sneasler|Fake Out|p2b: Milotic
|-damage|p2b: Milotic|87/100
|move|p1b: Volcarona|Quiver Dance|p1b: Volcarona
|-boost|p1b: Volcarona|spa|1
|-boost|p1b: Volcarona|spd|1
|-boost|p1b: Volcarona|spe|1
|cant|p2b: Milotic|flinch
|
|upkeep
|turn|2
|inactive|Starbai has 30 seconds left.
|
|t:|1757106709
|switch|p1a: Kingambit|Kingambit, L50, M|100/100
|move|p1b: Volcarona|Heat Wave|p2a: Sneasler|[spread] p2a,p2b
|-resisted|p2b: Milotic
|-damage|p2a: Sneasler|31/100
|-damage|p2b: Milotic|67/100
|move|p2a: Sneasler|Close Combat|p1a: Kingambit
|-supereffective|p1a: Kingambit
|-damage|p1a: Kingambit|0 fnt
|-unboost|p2a: Sneasler|def|1
|-unboost|p2a: Sneasler|spd|1
|faint|p1a: Kingambit
|move|p2b: Milotic|Haze|p2b: Milotic
|-clearallboost
|
|upkeep
|
|t:|1757106721
|switch|p1a: Dragonite|Dragonite, L50, F|100/100
|turn|3
|
|t:|1757106731
|move|p2a: Sneasler|Dire Claw|p1a: Dragonite
|-damage|p1a: Dragonite|75/100
|-status|p1a: Dragonite|psn
|move|p1b: Volcarona|Heat Wave|p2b: Milotic|[spread] p2a,p2b
|-resisted|p2b: Milotic
|-damage|p2a: Sneasler|0 fnt
|-damage|p2b: Milotic|54/100
|faint|p2a: Sneasler
|move|p1a: Dragonite|Scale Shot|p2b: Milotic
|-damage|p2b: Milotic|38/100
|-enditem|p2b: Milotic|Sitrus Berry|[eat]
|-heal|p2b: Milotic|62/100|[from] item: Sitrus Berry
|-damage|p2b: Milotic|48/100
|-damage|p2b: Milotic|33/100
|-damage|p2b: Milotic|18/100
|-hitcount|p2b: Milotic|4
|-unboost|p1a: Dragonite|def|1
|-boost|p1a: Dragonite|spe|1
|move|p2b: Milotic|Scald|p1b: Volcarona
|-supereffective|p1b: Volcarona
|-damage|p1b: Volcarona|39/100
|
|-damage|p1a: Dragonite|62/100 psn|[from] psn
|upkeep
|
|t:|1757106749
|switch|p2a: Volcarona|Volcarona, L50, M|100/100
|turn|4
|
|t:|1757106762
|-terastallize|p2a: Volcarona|Fairy
|move|p1a: Dragonite|Extreme Speed|p2b: Milotic
|-damage|p2b: Milotic|0 fnt
|faint|p2b: Milotic
|move|p2a: Volcarona|Quiver Dance|p2a: Volcarona
|-boost|p2a: Volcarona|spa|1
|-boost|p2a: Volcarona|spd|1
|-boost|p2a: Volcarona|spe|1
|move|p1b: Volcarona|Quiver Dance|p1b: Volcarona
|-boost|p1b: Volcarona|spa|1
|-boost|p1b: Volcarona|spd|1
|-boost|p1b: Volcarona|spe|1
|
|-damage|p1a: Dragonite|50/100 psn|[from] psn
|upkeep
|
|t:|1757106767
|switch|p2b: Serperior|Serperior, L50, M, shiny|100/100
|turn|5
|
|t:|1757106791
|move|p1a: Dragonite|Protect|p1a: Dragonite
|-singleturn|p1a: Dragonite|Protect
|move|p2b: Serperior|Protect|p2b: Serperior
|-singleturn|p2b: Serperior|Protect
|move|p2a: Volcarona|Heat Wave|p1a: Dragonite|[spread] p1b
|-activate|p1a: Dragonite|move: Protect
|-damage|p1b: Volcarona|7/100
|move|p1b: Volcarona|Heat Wave|p2a: Volcarona|[spread] p2a
|-activate|p2b: Serperior|move: Protect
|-damage|p2a: Volcarona|67/100
|
|-heal|p2a: Volcarona|73/100|[from] item: Leftovers
|-damage|p1a: Dragonite|37/100 psn|[from] psn
|upkeep
|turn|6
|l|☆vinicio499
|inactive|vinicio499 disconnected and has a minute to reconnect!
|player|p2|
|inactive|Starbai has 30 seconds left.
|inactive|vinicio499 has 30 seconds left.
|inactive|vinicio499 has 20 seconds left.
|inactive|vinicio499 has 15 seconds left.
|inactive|vinicio499 has 10 seconds left.
|inactive|vinicio499 has 5 seconds left.
|-message|vinicio499 lost due to inactivity.
|
|win|Starbai
||Starbai is ready for game 2.
|inactive|vinicio499 has 5 seconds to reconnect!
|l| Spargz
|j|☆vinicio499
|player|p2|vinicio499|miku-ghost|
||vinicio499 is ready for game 2.
|uhtml|next|Next: Game 2 of 3
|l|☆vinicio499
|player|p2|
