|j|☆Steelix is best
|j|☆arcaninebr 2.0
|html|Steelix is bestarcaninebr 2.0    
|uhtml|bestof|Game 3 of a best-of-3
|t:|1756503369
|gametype|doubles
|player|p1|Steelix is best|265|1017
|player|p2|arcaninebr 2.0|1|1000
|gen|9
|tier|[Gen 9] VGC 2025 Reg H (Bo3)
|rated|
|rule|Species Clause: Limit one of each Pokémon
|rule|Item Clause: Limit 1 of each item
|clearpoke
|poke|p1|Ursaluna, L50, F|
|poke|p1|Incineroar, L50, F|
|poke|p1|Annihilape, L50, M|
|poke|p1|Farigiraf, L50, F|
|poke|p1|Smeargle, L50, F|
|poke|p1|Archaludon, L50, M|
|poke|p2|Arcanine, L50, M|
|poke|p2|Electabuzz, L50, F|
|poke|p2|Rillaboom, L50, M|
|poke|p2|Sneasler, L50, M|
|poke|p2|Annihilape, L50, M|
|poke|p2|Dragonite, L50, M|
|teampreview|4
|showteam|p1|Ursaluna||FlameOrb|Guts|Facade,Protect,HeadlongRush,CloseCombat|||F|||50|,,,,,Ghost]Incineroar||SafetyGoggles|Intimidate|KnockOff,PartingShot,FakeOut,FlareBlitz|||F|||50|,,,,,Ghost]Annihilape||ChoiceScarf|Defiant|FinalGambit,RageFist,CloseCombat,TeraBlast|||M|||50|,,,,,Dark]Farigiraf||ThroatSpray|ArmorTail|TrickRoom,HyperVoice,HelpingHand,Protect|||F|||50|,,,,,Normal]Smeargle||FocusSash|Moody|SpikyShield,FakeOut,Ruination,Spore|||F|||50|,,,,,Normal]Archaludon||SitrusBerry|Stamina|BodyPress,Protect,IronDefense,DracoMeteor|||M|||50|,,,,,Ghost
|showteam|p2|Arcanine||RockyHelmet|Intimidate|HeatWave,Snarl,Protect,WillOWisp|||M|||50|,,,,,Grass]Electabuzz||Eviolite|VitalSpirit|Protect,Taunt,Electroweb,FollowMe|||F|||50|,,,,,Electric]Rillaboom||AssaultVest|GrassySurge|WoodHammer,HighHorsepower,FakeOut,GrassyGlide|||M|||50|,,,,,Grass]Sneasler||GrassySeed|Unburden|CloseCombat,DireClaw,ThroatChop,FakeOut|||M|||50|,,,,,Dark]Annihilape||SafetyGoggles|Defiant|RageFist,CloseCombat,Taunt,Protect|||M|||50|,,,,,Fighting]Dragonite||LoadedDice|Multiscale|ScaleShot,ExtremeSpeed,StompingTantrum,Protect|||M|||50|,,,,,Normal
|inactive|Battle timer is ON: inactive players will automatically lose when time's up. (requested by Steelix is best)
|
|t:|1756503380
|teamsize|p1|4
|teamsize|p2|4
|start
|switch|p1a: Farigiraf|Farigiraf, L50, F|100/100
|switch|p1b: Annihilape|Annihilape, L50, M|100/100
|switch|p2a: Dragonite|Dragonite, L50, M|100/100
|switch|p2b: Annihilape|Annihilape, L50, M|100/100
|turn|1
|
|t:|1756503405
|move|p2b: Annihilape|Protect|p2b: Annihilape
|-singleturn|p2b: Annihilape|Protect
|move|p1a: Farigiraf|Protect|p1a: Farigiraf
|-singleturn|p1a: Farigiraf|Protect
|move|p1b: Annihilape|Final Gambit|p2b: Annihilape
|-activate|p2b: Annihilape|move: Protect
|move|p2a: Dragonite|Scale Shot|p1b: Annihilape
|-damage|p1b: Annihilape|88/100
|-damage|p1b: Annihilape|72/100
|-damage|p1b: Annihilape|59/100
|-damage|p1b: Annihilape|44/100
|-damage|p1b: Annihilape|32/100
|-hitcount|p1b: Annihilape|5
|-unboost|p2a: Dragonite|def|1
|-boost|p2a: Dragonite|spe|1
|
|upkeep
|turn|2
|inactive|arcaninebr 2.0 has 30 seconds left.
|
|t:|1756503434
|move|p1b: Annihilape|Final Gambit|p2a: Dragonite
|-damage|p2a: Dragonite|60/100
|faint|p1b: Annihilape
|move|p2a: Dragonite|Scale Shot|p1a: Farigiraf
|-damage|p1a: Farigiraf|88/100
|-damage|p1a: Farigiraf|75/100
|-damage|p1a: Farigiraf|63/100
|-damage|p1a: Farigiraf|52/100
|-hitcount|p1a: Farigiraf|4
|-unboost|p2a: Dragonite|def|1
|-boost|p2a: Dragonite|spe|1
|move|p2b: Annihilape|Close Combat|p1a: Farigiraf
|-damage|p1a: Farigiraf|4/100
|-unboost|p2b: Annihilape|def|1
|-unboost|p2b: Annihilape|spd|1
|move|p1a: Farigiraf|Trick Room|p1a: Farigiraf
|-fieldstart|move: Trick Room|[of] p1a: Farigiraf
|
|upkeep
|
|t:|1756503445
|switch|p1b: Ursaluna|Ursaluna, L50, F|100/100
|turn|3
|
|t:|1756503456
|move|p1b: Ursaluna|Protect|p1b: Ursaluna
|-singleturn|p1b: Ursaluna|Protect
|move|p2b: Annihilape|Protect|p2b: Annihilape
|-singleturn|p2b: Annihilape|Protect
|move|p2a: Dragonite|Protect|p2a: Dragonite
|-singleturn|p2a: Dragonite|Protect
|move|p1a: Farigiraf|Hyper Voice|p2a: Dragonite|[spread] 
|-activate|p2a: Dragonite|move: Protect
|-activate|p2b: Annihilape|move: Protect
|
|-status|p1b: Ursaluna|brn|[from] item: Flame Orb
|upkeep
|turn|4
|
|t:|1756503481
|switch|p2a: Arcanine|Arcanine, L50, M|100/100
|-ability|p2a: Arcanine|Intimidate|boost
|-unboost|p1a: Farigiraf|atk|1
|-unboost|p1b: Ursaluna|atk|1
|move|p1b: Ursaluna|Headlong Rush|p2b: Annihilape
|-damage|p2b: Annihilape|5/100
|-unboost|p1b: Ursaluna|def|1
|-unboost|p1b: Ursaluna|spd|1
|move|p1a: Farigiraf|Hyper Voice|p2b: Annihilape|[spread] p2a
|-immune|p2b: Annihilape
|-damage|p2a: Arcanine|74/100
|-enditem|p1a: Farigiraf|Throat Spray
|-boost|p1a: Farigiraf|spa|1|[from] item: Throat Spray
|move|p2b: Annihilape|Close Combat|p1b: Ursaluna
|-supereffective|p1b: Ursaluna
|-damage|p1b: Ursaluna|0 fnt
|-unboost|p2b: Annihilape|def|1
|-unboost|p2b: Annihilape|spd|1
|faint|p1b: Ursaluna
|
|upkeep
|
|t:|1756503485
|switch|p1b: Incineroar|Incineroar, L50, F|100/100
|-ability|p1b: Incineroar|Intimidate|boost
|-unboost|p2a: Arcanine|atk|1
|-unboost|p2b: Annihilape|atk|1
|-ability|p2b: Annihilape|Defiant|boost
|-boost|p2b: Annihilape|atk|2
|turn|5
|-message|Steelix is best forfeited.
|raw|Steelix is best's rating: 1017 → 1004(-13 for losing)
|raw|arcaninebr 2.0's rating: 1000 → 1042(+42 for winning)
|
|win|arcaninebr 2.0
|l|☆Steelix is best
|player|p1|
