|j|☆LyricSum
|j|☆KodeBeast0526
|html|LyricSumKodeBeast0526    
|uhtml|bestof|Game 3 of a best-of-3
|t:|1784565559
|gametype|doubles
|player|p1|LyricSum|veteran|1291
|player|p2|KodeBeast0526|hiker|1292
|gen|9
|tier|[Gen 9 Champions] VGC 2026 Reg M-B (Bo3)
|rated|
|rule|Species Clause: Limit one of each Pokémon
|rule|Item Clause: Limit 1 of each item
|clearpoke
|poke|p1|Froslass, L50, F, shiny|
|poke|p1|Sneasler, L50, M, shiny|
|poke|p1|Lycanroc-Dusk, L50, M, shiny|
|poke|p1|Whimsicott, L50, F, shiny|
|poke|p1|Maushold-Four, L50, shiny|
|poke|p1|Hydreigon, L50, M, shiny|
|poke|p2|Aerodactyl, L50, M, shiny|
|poke|p2|Kingambit, L50, M, shiny|
|poke|p2|Sylveon, L50, M, shiny|
|poke|p2|Garchomp, L50, M, shiny|
|poke|p2|Charizard, L50, M, shiny|
|poke|p2|Farigiraf, L50, M, shiny|
|teampreview|4
|showteam|p1|Froslass||Froslassite|CursedBody|NastyPlot,Blizzard,ShadowBall,Protect|Timid||F|||50|]Sneasler||WhiteHerb|Unburden|FakeOut,CloseCombat,DireClaw,ThroatChop|Adamant||M|||50|]Lycanroc-Dusk||FocusSash|ToughClaws|Accelerock,RockSlide,CloseCombat,Protect|Jolly||M|||50|]Whimsicott||FairyFeather|Prankster|Tailwind,Moonblast,Encore,Protect|Timid||F|||50|]Maushold-Four||SitrusBerry|FriendGuard|SuperFang,FollowMe,Taunt,Protect|Timid|||||50|]Hydreigon||LifeOrb|Levitate|DarkPulse,Snarl,HeatWave,Protect|Modest||M|||50|
|showteam|p2|Aerodactyl||Aerodactylite|Unnerve|RockSlide,IceFang,Tailwind,WideGuard|Jolly||M|||50|]Kingambit||FocusSash|Defiant|KowtowCleave,SuckerPunch,IronHead,LowKick|Adamant||M|||50|]Sylveon||FairyFeather|Pixilate|Detect,HyperVoice,HyperBeam,QuickAttack|Modest||M|||50|]Garchomp||LifeOrb|RoughSkin|Earthquake,DragonClaw,StompingTantrum,Protect|Jolly||M|||50|]Charizard||CharizarditeY|Blaze|Protect,HeatWave,SolarBeam,WeatherBall|Modest||M|||50|]Farigiraf||SitrusBerry|ArmorTail|Thunderbolt,PsychicNoise,TrickRoom,HelpingHand|Bold||M|||50|
|inactive|Battle timer is ON: inactive players will automatically lose when time's up. (requested by LyricSum)
|
|t:|1784565571
|teamsize|p1|4
|teamsize|p2|4
|start
|switch|p1a: Bluey|Lycanroc-Dusk, L50, M, shiny|100/100
|switch|p1b: Mickey Mice|Maushold-Four, L50, shiny|100/100
|switch|p2a: Aerodactyl|Aerodactyl, L50, M, shiny|100/100
|switch|p2b: Garchomp|Garchomp, L50, M, shiny|100/100
|-ability|p2a: Aerodactyl|Unnerve
|turn|1
|
|t:|1784565582
|switch|p2b: Farigiraf|Farigiraf, L50, M, shiny|100/100
|move|p1b: Mickey Mice|Protect|p1b: Mickey Mice
|-singleturn|p1b: Mickey Mice|Protect
|move|p2a: Aerodactyl|Tailwind|p2a: Aerodactyl
|-sidestart|p2: KodeBeast0526|move: Tailwind
|move|p1a: Bluey|Rock Slide|p2b: Farigiraf|[spread] p2a,p2b
|-supereffective|p2a: Aerodactyl|1
|-damage|p2a: Aerodactyl|34/100
|-damage|p2b: Farigiraf|77/100
|
|upkeep
|turn|2
|
|t:|1784565595
|move|p2a: Aerodactyl|Rock Slide|p1a: Bluey|[spread] p1a,p1b
|-damage|p1a: Bluey|73/100
|-damage|p1b: Mickey Mice|71/100
|cant|p1b: Mickey Mice|flinch
|cant|p1a: Bluey|flinch
|move|p2b: Farigiraf|Thunderbolt|p1a: Bluey
|-damage|p1a: Bluey|42/100
|-status|p1a: Bluey|par
|
|upkeep
|turn|3
|
|t:|1784565618
|move|p1a: Bluey|Protect|p1a: Bluey
|-singleturn|p1a: Bluey|Protect
|move|p2a: Aerodactyl|Wide Guard|p2a: Aerodactyl
|-singleturn|p2a: Aerodactyl|Wide Guard
|move|p1b: Mickey Mice|Super Fang|p2b: Farigiraf
|-damage|p2b: Farigiraf|38/100
|-enditem|p2b: Farigiraf|Sitrus Berry|[eat]
|-heal|p2b: Farigiraf|63/100|[from] item: Sitrus Berry
|move|p2b: Farigiraf|Psychic Noise|p1b: Mickey Mice
|-damage|p1b: Mickey Mice|39/100
|-start|p1b: Mickey Mice|move: Heal Block
|
|upkeep
|turn|4
|
|t:|1784565641
|move|p1b: Mickey Mice|Follow Me|p1b: Mickey Mice
|-singleturn|p1b: Mickey Mice|move: Follow Me
|move|p2a: Aerodactyl|Rock Slide|p1a: Bluey|[spread] p1a,p1b
|-damage|p1a: Bluey|17/100 par
|-damage|p1b: Mickey Mice|13/100
|move|p2b: Farigiraf|Psychic Noise|p1b: Mickey Mice
|-damage|p1b: Mickey Mice|0 fnt
|faint|p1b: Mickey Mice
|move|p1a: Bluey|Close Combat|p2a: Aerodactyl
|-damage|p2a: Aerodactyl|0 fnt
|-unboost|p1a: Bluey|def|1
|-unboost|p1a: Bluey|spd|1
|faint|p2a: Aerodactyl
|
|-sideend|p2: KodeBeast0526|move: Tailwind
|upkeep
|
|t:|1784565652
|switch|p2a: Garchomp|Garchomp, L50, M, shiny|100/100
|switch|p1b: Dress2Impress|Froslass, L50, F, shiny|100/100
|turn|5
|
|t:|1784565658
|detailschange|p1b: Dress2Impress|Froslass-Mega, L50, F, shiny
|-mega|p1b: Dress2Impress|Froslass|Froslassite
|-weather|Snowscape|[from] ability: Snow Warning|[of] p1b: Dress2Impress
|move|p2a: Garchomp|Protect|p2a: Garchomp
|-singleturn|p2a: Garchomp|Protect
|move|p1b: Dress2Impress|Blizzard|p2b: Farigiraf|[spread] p2b
|-activate|p2a: Garchomp|move: Protect
|-damage|p2b: Farigiraf|25/100
|cant|p1a: Bluey|par
|move|p2b: Farigiraf|Trick Room|p2b: Farigiraf
|-fieldstart|move: Trick Room|[of] p2b: Farigiraf
|
|-weather|Snowscape|[upkeep]
|upkeep
|turn|6
|
|t:|1784565680
|move|p2b: Farigiraf|Helping Hand|p2a: Garchomp
|-singleturn|p2a: Garchomp|Helping Hand|[of] p2b: Farigiraf
|move|p1a: Bluey|Protect|p1a: Bluey
|-singleturn|p1a: Bluey|Protect
|move|p2a: Garchomp|Earthquake|p1b: Dress2Impress|[spread] p2b,p1b
|-activate|p1a: Bluey|move: Protect
|-damage|p2b: Farigiraf|0 fnt
|-damage|p1b: Dress2Impress|28/100
|faint|p2b: Farigiraf
|-damage|p2a: Garchomp|90/100|[from] item: Life Orb
|move|p1b: Dress2Impress|Blizzard|p2a: Garchomp
|-supereffective|p2a: Garchomp|2
|-damage|p2a: Garchomp|0 fnt
|faint|p2a: Garchomp
|
|-weather|Snowscape|[upkeep]
|upkeep
|
|t:|1784565689
|switch|p2b: Charizard|Charizard, L50, M, shiny|100/100
|turn|7
|
|t:|1784565696
|detailschange|p2b: Charizard|Charizard-Mega-Y, L50, M, shiny
|-mega|p2b: Charizard|Charizard|Charizardite Y
|-weather|SunnyDay|[from] ability: Drought|[of] p2b: Charizard
|move|p1a: Bluey|Accelerock|p2b: Charizard
|-supereffective|p2b: Charizard|2
|-damage|p2b: Charizard|0 fnt
|faint|p2b: Charizard
|
|win|LyricSum
|raw|LyricSum's rating: 1291 → 1316(+25 for winning)
|raw|KodeBeast0526's rating: 1292 → 1267(-25 for losing)
