|j|‽Sbinnotto
|j|☆Giraldo567
|html|SbinnottoGiraldo567    
|uhtml|bestof|Game 1 of a best-of-3
|t:|1757814139
|gametype|doubles
|player|p1|Sbinnotto|clown|1086
|player|p2|Giraldo567|170|1176
|gen|9
|tier|[Gen 9] VGC 2025 Reg H (Bo3)
|rated|
|rule|Species Clause: Limit one of each Pokémon
|rule|Item Clause: Limit 1 of each item
|clearpoke
|poke|p1|Sneasler, L50, M|
|poke|p1|Palossand, L50, F|
|poke|p1|Talonflame, L50, M|
|poke|p1|Volcarona, L50, F|
|poke|p1|Rillaboom, L50, M|
|poke|p1|Gholdengo, L50|
|poke|p2|Archaludon, L50, F|
|poke|p2|Pelipper, L50, M|
|poke|p2|Electabuzz, L50, F|
|poke|p2|Incineroar, L50, M|
|poke|p2|Gholdengo, L50|
|poke|p2|Dragapult, L50, M|
|teampreview|4
|showteam|p1|Sneasler||FocusSash|Unburden|CloseCombat,DireClaw,ThroatChop,FakeOut|||M|||50|,,,,,Ghost]Palossand||Leftovers|WaterCompaction|EarthPower,AncientPower,ShoreUp,Protect|||F|||50|,,,,,Grass]Talonflame||CovertCloak|GaleWings|BraveBird,FlareBlitz,Tailwind,Taunt|||M|||50|,,,,,Dark]Volcarona||ChoiceSpecs|FlameBody|HeatWave,GigaDrain,TeraBlast,BugBuzz|||F|||50|,,,,,Water]Rillaboom||AssaultVest|GrassySurge|WoodHammer,HighHorsepower,GrassyGlide,FakeOut|||M|||50|,,,,,Fire]Gholdengo||LifeOrb|GoodasGold|MakeItRain,ShadowBall,Thunderbolt,Protect||||||50|,,,,,Steel
|showteam|p2|Archaludon||PowerHerb|Stalwart|Protect,ElectroShot,FlashCannon,DracoMeteor|||F|||50|,,,,,Electric]Pelipper||DampRock|Drizzle|Tailwind,Protect,WeatherBall,Hurricane|||M|||50|,,,,,Dragon]Electabuzz||Eviolite|VitalSpirit|Electroweb,Thunderbolt,KnockOff,FollowMe|||F|||50|,,,,,Ghost]Incineroar||SafetyGoggles|Intimidate|FakeOut,PartingShot,KnockOff,FlareBlitz|||M|||50|,,,,,Bug]Gholdengo||LifeOrb|GoodasGold|Protect,NastyPlot,ShadowBall,MakeItRain||||||50|,,,,,Water]Dragapult||FocusSash|ClearBody|DragonDance,DragonDarts,Protect,PhantomForce|||M|||50|,,,,,Bug
|inactive|Battle timer is ON: inactive players will automatically lose when time's up. (requested by Sbinnotto)
|inactive|Sbinnotto has 60 seconds left.
|
|t:|1757814181
|teamsize|p1|4
|teamsize|p2|4
|start
|switch|p1a: Palossand|Palossand, L50, F|100/100
|switch|p1b: Talonflame|Talonflame, L50, M|100/100
|switch|p2a: Pelipper|Pelipper, L50, M|100/100
|switch|p2b: Gholdengo|Gholdengo, L50|100/100
|-weather|RainDance|[from] ability: Drizzle|[of] p2a: Pelipper
|turn|1
|
|t:|1757814200
|move|p2b: Gholdengo|Protect|p2b: Gholdengo
|-singleturn|p2b: Gholdengo|Protect
|move|p1b: Talonflame|Brave Bird|p2a: Pelipper
|-damage|p2a: Pelipper|59/100
|-damage|p1b: Talonflame|86/100|[from] Recoil
|move|p2a: Pelipper|Tailwind|p2a: Pelipper
|-sidestart|p2: Giraldo567|move: Tailwind
|move|p1a: Palossand|Ancient Power|p2a: Pelipper
|-supereffective|p2a: Pelipper
|-damage|p2a: Pelipper|9/100
|-boost|p1a: Palossand|atk|1
|-boost|p1a: Palossand|def|1
|-boost|p1a: Palossand|spa|1
|-boost|p1a: Palossand|spd|1
|-boost|p1a: Palossand|spe|1
|
|-weather|RainDance|[upkeep]
|upkeep
|turn|2
|inactive|Giraldo567 has 30 seconds left.
|inactive|Giraldo567 has 20 seconds left.
|inactive|Giraldo567 has 15 seconds left.
|
|t:|1757814242
|-terastallize|p2b: Gholdengo|Water
|move|p2b: Gholdengo|Nasty Plot|p2b: Gholdengo
|-boost|p2b: Gholdengo|spa|2
|move|p1b: Talonflame|Tailwind|p1b: Talonflame
|-sidestart|p1: Sbinnotto|move: Tailwind
|move|p2a: Pelipper|Hurricane|p1a: Palossand
|-damage|p1a: Palossand|78/100
|-start|p1a: Palossand|confusion
|-activate|p1a: Palossand|confusion
|move|p1a: Palossand|Earth Power|p2b: Gholdengo
|-damage|p2b: Gholdengo|51/100
|
|-weather|RainDance|[upkeep]
|-heal|p1a: Palossand|85/100|[from] item: Leftovers
|upkeep
|turn|3
|
|t:|1757814262
|move|p1b: Talonflame|Brave Bird|p2b: Gholdengo
|-damage|p2b: Gholdengo|4/100
|-damage|p1b: Talonflame|68/100|[from] Recoil
|move|p2b: Gholdengo|Make It Rain|p1a: Palossand|[spread] p1a,p1b
|-resisted|p1b: Talonflame
|-damage|p1a: Palossand|15/100
|-damage|p1b: Talonflame|0 fnt
|-unboost|p2b: Gholdengo|spa|1
|faint|p1b: Talonflame
|-damage|p2b: Gholdengo|0 fnt|[from] item: Life Orb
|faint|p2b: Gholdengo
|move|p2a: Pelipper|Weather Ball|p1a: Palossand
|-supereffective|p1a: Palossand
|-damage|p1a: Palossand|0 fnt
|faint|p1a: Palossand
|
|-weather|RainDance|[upkeep]
|upkeep
|
|t:|1757814284
|switch|p1b: Gholdengo|Gholdengo, L50|100/100
|switch|p2b: Archaludon|Archaludon, L50, F|100/100
|switch|p1a: Volcarona|Volcarona, L50, F|100/100
|turn|4
|
|t:|1757814298
|move|p1b: Gholdengo|Shadow Ball|p2b: Archaludon
|-damage|p2b: Archaludon|34/100
|-damage|p1b: Gholdengo|91/100|[from] item: Life Orb
|move|p2b: Archaludon|Electro Shot||[still]
|-prepare|p2b: Archaludon|Electro Shot
|-boost|p2b: Archaludon|spa|1
|-anim|p2b: Archaludon|Electro Shot|p1b: Gholdengo
|-damage|p1b: Gholdengo|9/100
|move|p1a: Volcarona|Heat Wave|p2b: Archaludon|[spread] p2a,p2b
|-resisted|p2a: Pelipper
|-damage|p2a: Pelipper|0 fnt
|-damage|p2b: Archaludon|0 fnt
|faint|p2a: Pelipper
|faint|p2b: Archaludon
|
|-weather|RainDance|[upkeep]
|-sideend|p2: Giraldo567|move: Tailwind
|upkeep
|
|t:|1757814310
|switch|p2b: Dragapult|Dragapult, L50, M|100/100
|turn|5
|
|t:|1757814318
|move|p1b: Gholdengo|Protect|p1b: Gholdengo
|-singleturn|p1b: Gholdengo|Protect
|move|p1a: Volcarona|Heat Wave|p2b: Dragapult
|-resisted|p2b: Dragapult
|-damage|p2b: Dragapult|74/100
|move|p2b: Dragapult|Dragon Darts|p1a: Volcarona
|-damage|p1a: Volcarona|66/100
|-anim|p2b: Dragapult|Dragon Darts|p1a: Volcarona
|-damage|p1a: Volcarona|30/100
|
|-weather|RainDance|[upkeep]
|-sideend|p1: Sbinnotto|move: Tailwind
|upkeep
|turn|6
|
|t:|1757814334
|move|p2b: Dragapult|Dragon Darts|p1a: Volcarona
|-damage|p1a: Volcarona|0 fnt
|-anim|p2b: Dragapult|Dragon Darts|p1b: Gholdengo
|-resisted|p1b: Gholdengo
|-damage|p1b: Gholdengo|0 fnt
|faint|p1a: Volcarona
|faint|p1b: Gholdengo
|
|win|Giraldo567
||Sbinnotto is ready for game 2.
|inactive|Giraldo567 has 30 seconds to confirm battle start!
|inactive|Giraldo567 has 20 seconds to confirm battle start!
||Giraldo567 is ready for game 2.
|uhtml|next|Next: Game 2 of 3
