|j|☆VaradPlayz
|j|☆ciovy
|html|VaradPlayzciovy    
|uhtml|bestof|Game 1 of a best-of-3
|t:|1782406465
|gametype|doubles
|player|p1|VaradPlayz|misty|1012
|player|p2|ciovy|169|1085
|gen|9
|tier|[Gen 9 Champions] VGC 2026 Reg M-B (Bo3)
|rated|
|rule|Species Clause: Limit one of each Pokémon
|rule|Item Clause: Limit 1 of each item
|clearpoke
|poke|p1|Mawile, L50, M|
|poke|p1|Farigiraf, L50, F|
|poke|p1|Staraptor, L50, F|
|poke|p1|Torkoal, L50, M|
|poke|p1|Vileplume, L50, F|
|poke|p1|Kingambit, L50, M|
|poke|p2|Aerodactyl, L50, F|
|poke|p2|Garchomp, L50, M|
|poke|p2|Charizard, L50, M|
|poke|p2|Sylveon, L50, M|
|poke|p2|Kingambit, L50, M|
|poke|p2|Farigiraf, L50, M|
|teampreview|4
|showteam|p1|Mawile||Mawilite|Intimidate|IronHead,PlayRough,RockSlide,Protect|Adamant||M|||50|]Farigiraf||SitrusBerry|ArmorTail|TwinBeam,Thunderbolt,HelpingHand,TrickRoom|Bold||F|||50|]Staraptor||ChoiceScarf|Intimidate|FinalGambit,CloseCombat,DualWingbeat,Uturn|Jolly||F|||50|]Torkoal||Charcoal|Drought|Eruption,HeatWave,WeatherBall,SolarBeam|Quiet||M|||50|]Vileplume||FocusSash|Chlorophyll|AfterYou,SleepPowder,SolarBeam,PollenPuff|Timid||F|||50|]Kingambit||ChopleBerry|Defiant|KowtowCleave,SuckerPunch,IronHead,LowKick|Adamant||M|||50|
|showteam|p2|Aerodactyl||Aerodactylite|Unnerve|RockSlide,DualWingbeat,Tailwind,WideGuard|Jolly||F|||50|]Garchomp||SoftSand|RoughSkin|Earthquake,DragonClaw,RockTomb,Protect|Jolly||M|||50|]Charizard||CharizarditeY|Blaze|HeatWave,WeatherBall,SolarBeam,Protect|Modest||M|||50|]Sylveon||FairyFeather|Pixilate|HyperVoice,QuickAttack,HyperBeam,Detect|Modest||M|||50|]Kingambit||FocusSash|Defiant|IronHead,SuckerPunch,KowtowCleave,LowKick|Adamant||M|||50|]Farigiraf||SitrusBerry|ArmorTail|TrickRoom,HelpingHand,Protect,TwinBeam|Bold||M|||50|
|
|t:|1782406535
|teamsize|p1|4
|teamsize|p2|4
|start
|switch|p1a: Staraptor|Staraptor, L50, F|100/100
|switch|p1b: Kingambit|Kingambit, L50, M|100/100
|switch|p2a: Aerodactyl|Aerodactyl, L50, F|100/100
|switch|p2b: Charizard|Charizard, L50, M|100/100
|-ability|p2a: Aerodactyl|Unnerve
|-ability|p1a: Staraptor|Intimidate|boost
|-unboost|p2a: Aerodactyl|atk|1
|-unboost|p2b: Charizard|atk|1
|turn|1
|
|t:|1782406569
|detailschange|p2b: Charizard|Charizard-Mega-Y, L50, M
|-mega|p2b: Charizard|Charizard|Charizardite Y
|-weather|SunnyDay|[from] ability: Drought|[of] p2b: Charizard
|move|p1a: Staraptor|Final Gambit|p2b: Charizard
|-damage|p2b: Charizard|0 fnt
|faint|p1a: Staraptor
|faint|p2b: Charizard
|move|p2a: Aerodactyl|Tailwind|p2a: Aerodactyl
|-sidestart|p2: ciovy|move: Tailwind
|move|p1b: Kingambit|Iron Head|p2a: Aerodactyl
|-supereffective|p2a: Aerodactyl|1
|-damage|p2a: Aerodactyl|0 fnt
|faint|p2a: Aerodactyl
|
|-weather|SunnyDay|[upkeep]
|upkeep
|
|t:|1782406589
|switch|p2a: Garchomp|Garchomp, L50, M|100/100
|switch|p1a: Vileplume|Vileplume, L50, F|100/100
|switch|p2b: Kingambit|Kingambit, L50, M|100/100
|turn|2
|
|t:|1782406607
|move|p2a: Garchomp|Dragon Claw|p1a: Vileplume
|-damage|p1a: Vileplume|40/100
|move|p1a: Vileplume|After You|p1b: Kingambit
|-activate|p1b: Kingambit|move: After You
|move|p1b: Kingambit|Kowtow Cleave|p2a: Garchomp
|-damage|p2a: Garchomp|51/100
|-damage|p1b: Kingambit|87/100|[from] ability: Rough Skin|[of] p2a: Garchomp
|move|p2b: Kingambit|Low Kick|p1b: Kingambit
|-supereffective|p1b: Kingambit|2
|-enditem|p1b: Kingambit|Chople Berry|[eat]
|-enditem|p1b: Kingambit|Chople Berry|[weaken]
|-damage|p1b: Kingambit|32/100
|
|-weather|SunnyDay|[upkeep]
|upkeep
|turn|3
|
|t:|1782406636
|switch|p1a: Mawile|Mawile, L50, M|100/100
|-ability|p1a: Mawile|Intimidate|boost
|-unboost|p2a: Garchomp|atk|1
|-unboost|p2b: Kingambit|atk|1
|-ability|p2b: Kingambit|Defiant|boost
|-boost|p2b: Kingambit|atk|2
|move|p1b: Kingambit|Sucker Punch|p2a: Garchomp
|-damage|p2a: Garchomp|13/100
|-damage|p1b: Kingambit|20/100y|[from] ability: Rough Skin|[of] p2a: Garchomp
|move|p2a: Garchomp|Dragon Claw|p1a: Mawile
|-immune|p1a: Mawile
|move|p2b: Kingambit|Low Kick|p1b: Kingambit
|-supereffective|p1b: Kingambit|2
|-damage|p1b: Kingambit|0 fnt
|faint|p1b: Kingambit
|
|-weather|SunnyDay|[upkeep]
|upkeep
|
|t:|1782406644
|switch|p1b: Vileplume|Vileplume, L50, F|40/100
|turn|4
|
|t:|1782406676
|detailschange|p1a: Mawile|Mawile-Mega, L50, M
|-mega|p1a: Mawile|Mawile|Mawilite
|move|p1a: Mawile|Protect|p1a: Mawile
|-singleturn|p1a: Mawile|Protect
|move|p2a: Garchomp|Dragon Claw|p1b: Vileplume
|-damage|p1b: Vileplume|5/100
|move|p1b: Vileplume|Sleep Powder|p2b: Kingambit
|-status|p2b: Kingambit|slp|[from] move: Sleep Powder
|cant|p2b: Kingambit|slp
|
|-weather|SunnyDay|[upkeep]
|-sideend|p2: ciovy|move: Tailwind
|upkeep
|turn|5
|
|t:|1782406701
|move|p1b: Vileplume|After You|p1a: Mawile
|-activate|p1a: Mawile|move: After You
|move|p1a: Mawile|Play Rough|p2a: Garchomp|[miss]
|-miss|p1a: Mawile|p2a: Garchomp
|move|p2a: Garchomp|Earthquake|p1a: Mawile|[spread] p2b,p1a,p1b
|-supereffective|p2b: Kingambit|1
|-supereffective|p1a: Mawile|1
|-damage|p2b: Kingambit|55/100 slp
|-damage|p1a: Mawile|42/100
|-damage|p1b: Vileplume|0 fnt
|faint|p1b: Vileplume
|cant|p2b: Kingambit|slp
|
|-weather|none
|upkeep
|turn|6
|
|t:|1782406717
|-curestatus|p2b: Kingambit|slp|[msg]
|move|p2b: Kingambit|Sucker Punch|p1a: Mawile
|-resisted|p1a: Mawile|1
|-damage|p1a: Mawile|11/100
|move|p2a: Garchomp|Earthquake|p1a: Mawile|[spread] p2b,p1a
|-supereffective|p2b: Kingambit|1
|-supereffective|p1a: Mawile|1
|-damage|p2b: Kingambit|10/100
|-damage|p1a: Mawile|0 fnt
|faint|p1a: Mawile
|
|win|ciovy
|l|☆VaradPlayz
|player|p1|
||ciovy is ready for game 2.
|inactive|VaradPlayz has 30 seconds to confirm battle start!
|raw|VaradPlayz's rating: 1012 → 1003(-9 for losing)
|raw|ciovy's rating: 1085 → 1107(+22 for winning)
