|j|☆JNEST
|j|☆Skols
|html|JNESTSkols    
|uhtml|bestof|Game 1 of a best-of-3
|t:|1756253012
|gametype|doubles
|player|p1|JNEST|veteran-gen4|1109
|player|p2|Skols|266|1132
|gen|9
|tier|[Gen 9] VGC 2025 Reg H (Bo3)
|rated|
|rule|Species Clause: Limit one of each Pokémon
|rule|Item Clause: Limit 1 of each item
|clearpoke
|poke|p1|Weezing, L50, M|
|poke|p1|Indeedee, L50, M|
|poke|p1|Incineroar, L50, M|
|poke|p1|Ursaluna-Bloodmoon, L50, M|
|poke|p1|Annihilape, L50, M|
|poke|p1|Tyranitar, L50, M|
|poke|p2|Tyranitar, L50, M|
|poke|p2|Garchomp, L50, M|
|poke|p2|Sinistcha, L50|
|poke|p2|Metagross, L50|
|poke|p2|Sneasler, L50, F|
|poke|p2|Ursaluna-Bloodmoon, L50, M|
|teampreview|4
|showteam|p1|Weezing||SitrusBerry|NeutralizingGas|Protect,Taunt,WillOWisp,SludgeBomb|||M|||50|,,,,,Ghost]Indeedee||ChoiceScarf|PsychicSurge|ExpandingForce,TeraBlast,Trick,HyperVoice|||M|||50|,,,,,Fighting]Incineroar||AbilityShield|Intimidate|KnockOff,FlareBlitz,FakeOut,PartingShot|||M|||50|,,,,,Ghost]Ursaluna-Bloodmoon||LifeOrb|MindsEye|Protect,HyperVoice,EarthPower,BloodMoon|||M|||50|,,,,,Normal]Annihilape||SafetyGoggles|Defiant|Taunt,RageFist,CloseCombat,FinalGambit|||M|||50|,,,,,Fairy]Tyranitar||AssaultVest|SandStream|RockSlide,KnockOff,TeraBlast,LowKick|||M|||50|,,,,,Flying
|showteam|p2|Tyranitar||AssaultVest|SandStream|RockSlide,StoneEdge,KnockOff,TeraBlast|||M|||50|,,,,,Flying]Garchomp||LifeOrb|SandVeil|StompingTantrum,DragonClaw,Earthquake,Protect|||M|||50|,,,,,Fire]Sinistcha||SitrusBerry|Hospitality|Protect,TrickRoom,MatchaGotcha,RagePowder||||||50|,,,,,Dark]Metagross||WeaknessPolicy|ClearBody|Protect,PsychicFangs,HeavySlam,BulletPunch||||||50|,,,,,Water]Sneasler||ClearAmulet|PoisonTouch|CloseCombat,DireClaw,Coaching,Protect|||F|||50|,,,,,Dark]Ursaluna-Bloodmoon||ThroatSpray|MindsEye|EarthPower,BloodMoon,HyperVoice,Protect|||M|||50|,,,,,Normal
|inactive|Battle timer is ON: inactive players will automatically lose when time's up. (requested by JNEST)
|inactive|Skols has 60 seconds left.
|inactive|Skols has 30 seconds left.
|inactive|Skols has 20 seconds left.
|inactive|Skols has 15 seconds left.
|
|t:|1756253091
|teamsize|p1|4
|teamsize|p2|4
|start
|switch|p1a: Tyranitar|Tyranitar, L50, M|100/100
|switch|p1b: Indeedee|Indeedee, L50, M|100/100
|switch|p2a: Sinistcha|Sinistcha, L50|100/100
|switch|p2b: Sneasler|Sneasler, L50, F|100/100
|-fieldstart|move: Psychic Terrain|[from] ability: Psychic Surge|[of] p1b: Indeedee
|-weather|Sandstorm|[from] ability: Sand Stream|[of] p1a: Tyranitar
|turn|1
|
|t:|1756253116
|-terastallize|p1a: Tyranitar|Flying
|move|p2b: Sneasler|Protect|p2b: Sneasler
|-singleturn|p2b: Sneasler|Protect
|move|p2a: Sinistcha|Protect|p2a: Sinistcha
|-singleturn|p2a: Sinistcha|Protect
|move|p1b: Indeedee|Expanding Force|p2b: Sneasler|[spread] 
|-activate|p2a: Sinistcha|move: Protect
|-activate|p2b: Sneasler|move: Protect
|move|p1a: Tyranitar|Knock Off|p2a: Sinistcha
|-activate|p2a: Sinistcha|move: Protect
|
|-weather|Sandstorm|[upkeep]
|-damage|p1b: Indeedee|95/100|[from] Sandstorm
|-damage|p2b: Sneasler|95/100|[from] Sandstorm
|-damage|p1a: Tyranitar|95/100|[from] Sandstorm
|-damage|p2a: Sinistcha|94/100|[from] Sandstorm
|upkeep
|turn|2
|inactive|Skols has 30 seconds left.
|
|t:|1756253142
|switch|p2a: Metagross|Metagross, L50|100/100
|-terastallize|p2b: Sneasler|Dark
|move|p1b: Indeedee|Expanding Force|p2a: Metagross|[spread] p2a
|-immune|p2b: Sneasler
|-resisted|p2a: Metagross
|-damage|p2a: Metagross|87/100
|move|p2b: Sneasler|Dire Claw|p1a: Tyranitar
|-damage|p1a: Tyranitar|58/100
|move|p1a: Tyranitar|Tera Blast|p2a: Metagross|[anim] Tera Blast Flying
|-resisted|p2a: Metagross
|-damage|p2a: Metagross|71/100
|
|-weather|Sandstorm|[upkeep]
|-damage|p1b: Indeedee|89/100|[from] Sandstorm
|-damage|p2b: Sneasler|89/100|[from] Sandstorm
|-damage|p1a: Tyranitar|52/100|[from] Sandstorm
|upkeep
|turn|3
|
|t:|1756253163
|move|p1b: Indeedee|Expanding Force|p2a: Metagross|[spread] p2a
|-immune|p2b: Sneasler
|-resisted|p2a: Metagross
|-crit|p2a: Metagross
|-damage|p2a: Metagross|50/100
|move|p2b: Sneasler|Dire Claw|p1a: Tyranitar
|-damage|p1a: Tyranitar|17/100
|move|p2a: Metagross|Heavy Slam|p1b: Indeedee
|-damage|p1b: Indeedee|0 fnt
|faint|p1b: Indeedee
|move|p1a: Tyranitar|Tera Blast|p2b: Sneasler|[anim] Tera Blast Flying
|-damage|p2b: Sneasler|3/100
|
|-weather|Sandstorm|[upkeep]
|-damage|p2b: Sneasler|0 fnt|[from] Sandstorm
|-damage|p1a: Tyranitar|11/100|[from] Sandstorm
|faint|p2b: Sneasler
|upkeep
|
|t:|1756253177
|switch|p2b: Sinistcha|Sinistcha, L50|94/100
|switch|p1b: Ursaluna|Ursaluna-Bloodmoon, L50, M|100/100
|-heal|p2a: Metagross|75/100|[from] ability: Hospitality|[of] p2b: Sinistcha
|turn|4
|
|t:|1756253188
|move|p2b: Sinistcha|Rage Powder|p2b: Sinistcha
|-singleturn|p2b: Sinistcha|move: Rage Powder
|move|p2a: Metagross|Psychic Fangs|p1b: Ursaluna
|-damage|p1b: Ursaluna|53/100
|move|p1a: Tyranitar|Knock Off|p2b: Sinistcha
|-supereffective|p2b: Sinistcha
|-damage|p2b: Sinistcha|0 fnt
|-enditem|p2b: Sinistcha|Sitrus Berry|[from] move: Knock Off|[of] p1a: Tyranitar
|faint|p2b: Sinistcha
|move|p1b: Ursaluna|Earth Power|p2a: Metagross
|-supereffective|p2a: Metagross
|-damage|p2a: Metagross|0 fnt
|faint|p2a: Metagross
|-damage|p1b: Ursaluna|43/100|[from] item: Life Orb
|
|-weather|Sandstorm|[upkeep]
|-damage|p1a: Tyranitar|5/100|[from] Sandstorm
|upkeep
|
|t:|1756253195
|switch|p2a: Garchomp|Garchomp, L50, M|100/100
|turn|5
|
|t:|1756253205
|move|p2a: Garchomp|Dragon Claw|p1b: Ursaluna
|-damage|p1b: Ursaluna|0 fnt
|faint|p1b: Ursaluna
|-damage|p2a: Garchomp|91/100|[from] item: Life Orb
|move|p1a: Tyranitar|Tera Blast|p2a: Garchomp|[anim] Tera Blast Flying
|-damage|p2a: Garchomp|48/100
|
|-weather|none
|-fieldend|move: Psychic Terrain
|upkeep
|
|t:|1756253209
|switch|p1b: Annihilape|Annihilape, L50, M|100/100
|turn|6
|
|t:|1756253214
|move|p1b: Annihilape|Close Combat|p2a: Garchomp
|-damage|p2a: Garchomp|2/100
|-unboost|p1b: Annihilape|def|1
|-unboost|p1b: Annihilape|spd|1
|move|p2a: Garchomp|Dragon Claw|p1b: Annihilape
|-damage|p1b: Annihilape|5/100
|-damage|p2a: Garchomp|0 fnt|[from] item: Life Orb
|faint|p2a: Garchomp
|
|win|JNEST
||Skols is ready for game 2.
