|j|☆ancyor
|j|☆Harry Hard TR
|html|ancyorHarry Hard TR    
|uhtml|bestof|Game 3 of a best-of-3
|t:|1785473362
|gametype|doubles
|player|p1|ancyor|plasmagruntf|1079
|player|p2|Harry Hard TR|lass-gen8|1152
|gen|9
|tier|[Gen 9 Champions] VGC 2026 Reg M-B (Bo3)
|rated|
|rule|Species Clause: Limit one of each Pokémon
|rule|Item Clause: Limit 1 of each item
|clearpoke
|poke|p1|Eelektross, L50, F|
|poke|p1|Pelipper, L50, F|
|poke|p1|Metagross, L50|
|poke|p1|Espathra, L50, F, shiny|
|poke|p1|Corviknight, L50, F, shiny|
|poke|p1|Annihilape, L50, F, shiny|
|poke|p2|Gardevoir, L50, M|
|poke|p2|Meowstic, L50, M|
|poke|p2|Archaludon, L50, M|
|poke|p2|Pelipper, L50, F|
|poke|p2|Maushold, L50|
|poke|p2|Swampert, L50, F|
|teampreview|4
|showteam|p1|Eelektross||Eelektrossite|Levitate|Thunder,SupercellSlam,CloseCombat,Liquidation|Hasty||F|||50|]Pelipper||ExpertBelt|Drizzle|RainDance,Hurricane,Tailwind,MuddyWater|Bold||F|||50|]Metagross||Metagrossite|ClearBody|BulletPunch,ZenHeadbutt,BodyPress,Earthquake|Jolly|||||50|]Espathra||ColburBerry|SpeedBoost|Hypnosis,ConfuseRay,LightScreen,DazzlingGleam|Timid||F|||50|]Corviknight||Leftovers|MirrorArmor|IronHead,BodyPress,Roost,RainDance|Impish||F|||50|]Annihilape||FocusSash|Defiant|BrickBreak,LowKick,ShadowClaw,IcePunch|Hasty||F|||50|
|showteam|p2|Gardevoir||Gardevoirite|Synchronize|Protect,HyperVoice,ExpandingForce,AuraSphere|Modest||M|||50|]Meowstic||LightClay|Prankster|PsychicNoise,PsychicTerrain,LightScreen,Reflect|Bold||M|||50|]Archaludon||Leftovers|Stamina|Protect,DragonPulse,FlashCannon,ElectroShot|Calm||M|||50|]Pelipper||SitrusBerry|Drizzle|WideGuard,WeatherBall,Hurricane,Tailwind|Bold||F|||50|]Maushold||FocusSash|FriendGuard|Protect,SuperFang,Encore,FollowMe|Timid|||||50|]Swampert||Swampertite|Torrent|Protect,WaveCrash,Earthquake,IcePunch|Adamant||F|||50|
|
|t:|1785473405
|teamsize|p1|4
|teamsize|p2|4
|start
|switch|p1a: Espathra|Espathra, L50, F, shiny|100/100
|switch|p1b: Annihilape|Annihilape, L50, F, shiny|100/100
|switch|p2a: Pelipper|Pelipper, L50, F|100/100
|switch|p2b: Swampert|Swampert, L50, F|100/100
|-weather|RainDance|[from] ability: Drizzle|[of] p2a: Pelipper
|turn|1
|
|t:|1785473438
|detailschange|p2b: Swampert|Swampert-Mega, L50, F
|-mega|p2b: Swampert|Swampert|Swampertite
|move|p2b: Swampert|Wave Crash|p1a: Espathra
|-damage|p1a: Espathra|0 fnt
|faint|p1a: Espathra
|-damage|p2b: Swampert|64/100|[from] Recoil
|move|p1b: Annihilape|Low Kick|p2b: Swampert
|-damage|p2b: Swampert|19/100
|move|p2a: Pelipper|Tailwind|p2a: Pelipper
|-sidestart|p2: Harry Hard TR|move: Tailwind
|
|-weather|RainDance|[upkeep]
|upkeep
|
|t:|1785473452
|switch|p1a: Corviknight|Corviknight, L50, F, shiny|100/100
|turn|2
|
|t:|1785473468
|move|p2b: Swampert|Ice Punch|p1b: Annihilape
|-damage|p1b: Annihilape|59/100
|move|p2a: Pelipper|Hurricane|p1b: Annihilape
|-supereffective|p1b: Annihilape|1
|-damage|p1b: Annihilape|0 fnt
|faint|p1b: Annihilape
|move|p1a: Corviknight|Body Press|p2b: Swampert
|-damage|p2b: Swampert|0 fnt
|faint|p2b: Swampert
|
|-weather|RainDance|[upkeep]
|upkeep
|
|t:|1785473478
|switch|p1b: Eelektross|Eelektross, L50, F|100/100
|switch|p2b: Archaludon|Archaludon, L50, M|100/100
|turn|3
|
|t:|1785473500
|detailschange|p1b: Eelektross|Eelektross-Mega, L50, F
|-mega|p1b: Eelektross|Eelektross|Eelektrossite
|move|p2b: Archaludon|Electro Shot||[still]
|-prepare|p2b: Archaludon|Electro Shot
|-boost|p2b: Archaludon|spa|1
|-anim|p2b: Archaludon|Electro Shot|p1a: Corviknight
|-supereffective|p1a: Corviknight|1
|-damage|p1a: Corviknight|1/100
|move|p2a: Pelipper|Weather Ball|p1a: Corviknight
|-damage|p1a: Corviknight|0 fnt
|faint|p1a: Corviknight
|move|p1b: Eelektross|Thunder|p2a: Pelipper
|-supereffective|p2a: Pelipper|2
|-damage|p2a: Pelipper|0 fnt
|faint|p2a: Pelipper
|-ability|p1b: Eelektross|Eelevate|boost
|-boost|p1b: Eelektross|atk|1
|
|-weather|RainDance|[upkeep]
|upkeep
|
|t:|1785473509
|switch|p2a: Maushold|Maushold, L50|100/100
|turn|4
|
|t:|1785473528
|move|p2a: Maushold|Encore|p1b: Eelektross
|-start|p1b: Eelektross|Encore
|move|p2b: Archaludon|Dragon Pulse|p1b: Eelektross
|-damage|p1b: Eelektross|36/100
|move|p1b: Eelektross|Thunder|p2b: Archaludon
|-resisted|p2b: Archaludon|1
|-damage|p2b: Archaludon|84/100
|-status|p2b: Archaludon|par
|-ability|p2b: Archaludon|Stamina|boost
|-boost|p2b: Archaludon|def|1
|
|-weather|RainDance|[upkeep]
|-heal|p2b: Archaludon|91/100 par|[from] item: Leftovers
|-sideend|p2: Harry Hard TR|move: Tailwind
|upkeep
|turn|5
|
|t:|1785473542
|move|p2a: Maushold|Protect|p2a: Maushold
|-singleturn|p2a: Maushold|Protect
|move|p1b: Eelektross|Thunder|p2a: Maushold
|-activate|p2a: Maushold|move: Protect
|move|p2b: Archaludon|Dragon Pulse|p1b: Eelektross
|-damage|p1b: Eelektross|0 fnt
|faint|p1b: Eelektross
|
|win|Harry Hard TR
|raw|ancyor's rating: 1079 → 1062(-17 for losing)
|raw|Harry Hard TR's rating: 1152 → 1172(+20 for winning)
