|j|☆prosta1
|j|☆Roasted_Krisps
|html|prosta1Roasted_Krisps    
|uhtml|bestof|Game 2 of a best-of-3
|t:|1784665684
|gametype|doubles
|player|p1|prosta1|266|1093
|player|p2|Roasted_Krisps|jacinthe|1000
|gen|9
|tier|[Gen 9 Champions] VGC 2026 Reg M-B (Bo3)
|rated|
|rule|Species Clause: Limit one of each Pokémon
|rule|Item Clause: Limit 1 of each item
|clearpoke
|poke|p1|Gengar, L50, F|
|poke|p1|Swampert, L50, F|
|poke|p1|Incineroar, L50, F|
|poke|p1|Politoed, L50, F|
|poke|p1|Archaludon, L50, M|
|poke|p1|Vivillon, L50, F|
|poke|p2|Lopunny, L50, F, shiny|
|poke|p2|Starmie, L50, shiny|
|poke|p2|Pelipper, L50, M|
|poke|p2|Archaludon, L50, M, shiny|
|poke|p2|Sinistcha, L50|
|poke|p2|Garchomp, L50, M, shiny|
|teampreview|4
|showteam|p1|Gengar||Gengarite|CursedBody|ShadowBall,SludgeBomb,PerishSong,Protect|Timid||F|||50|]Swampert||Swampertite|Damp|WaveCrash,Earthquake,IcePunch,Protect|Adamant||F|||50|]Incineroar||PasshoBerry|Intimidate|ThroatChop,PartingShot,FakeOut,Protect|Careful||F|||50|]Politoed||SitrusBerry|Drizzle|WeatherBall,PerishSong,Encore,Protect|Calm||F|||50|]Archaludon||Leftovers|Stamina|DragonPulse,FlashCannon,ElectroShot,Protect|Modest||M|||50|]Vivillon||FocusSash|CompoundEyes|Hurricane,SleepPowder,RagePowder,Protect|Timid||F|||50|
|showteam|p2|Lopunny||Lopunnite|Limber|FakeOut,CloseCombat,TripleAxel,Encore|Jolly||F|||50|]Starmie||Starminite|NaturalCure|AquaJet,Liquidation,PsychoCut,Protect|Adamant|||||50|]Pelipper||FocusSash|Drizzle|Hurricane,Tailwind,WeatherBall,WideGuard|Jolly||M|||50|]Archaludon||Leftovers|Stamina|DracoMeteor,ElectroShot,FlashCannon,Protect|Modest||M|||50|]Sinistcha||SitrusBerry|Hospitality|MatchaGotcha,StrengthSap,ShadowBall,RagePowder|Bold|||||50|]Garchomp||ChoiceScarf|RoughSkin|RockSlide,Earthquake,DragonClaw,IronHead|Serious||M|||50|
|j| MojimaruX7
|j| Pluthoven
|inactive|Battle timer is ON: inactive players will automatically lose when time's up. (requested by prosta1)
|inactive|Roasted_Krisps has 60 seconds left.
|
|t:|1784665758
|teamsize|p1|4
|teamsize|p2|4
|start
|switch|p1a: Gengar|Gengar, L50, F|100/100
|switch|p1b: Politoed|Politoed, L50, F|100/100
|switch|p2a: Toilet Bird|Pelipper, L50, M|100/100
|switch|p2b: GoldenGate|Archaludon, L50, M, shiny|100/100
|-weather|RainDance|[from] ability: Drizzle|[of] p2a: Toilet Bird
|turn|1
|l| MojimaruX7
|inactive|prosta1 has 30 seconds left.
|
|t:|1784665789
|switch|p1a: Incineroar|Incineroar, L50, F|100/100
|-ability|p1a: Incineroar|Intimidate|boost
|-unboost|p2a: Toilet Bird|atk|1
|-unboost|p2b: GoldenGate|atk|1
|switch|p2b: CupOfChar|Sinistcha, L50|100/100
|move|p2a: Toilet Bird|Tailwind|p2a: Toilet Bird
|-sidestart|p2: Roasted_Krisps|move: Tailwind
|move|p1b: Politoed|Perish Song|p1b: Politoed
|-start|p1a: Incineroar|perish3|[silent]
|-start|p1b: Politoed|perish3|[silent]
|-start|p2a: Toilet Bird|perish3|[silent]
|-start|p2b: CupOfChar|perish3|[silent]
|-fieldactivate|move: Perish Song
|
|-weather|RainDance|[upkeep]
|-start|p2a: Toilet Bird|perish3
|-start|p2b: CupOfChar|perish3
|-start|p1b: Politoed|perish3
|-start|p1a: Incineroar|perish3
|upkeep
|turn|2
|inactive|prosta1 has 30 seconds left.
|inactive|Roasted_Krisps has 30 seconds left.
|
|t:|1784665822
|switch|p2a: GoldenGate|Archaludon, L50, M, shiny|100/100
|switch|p1b: Vivillon|Vivillon, L50, F|100/100
|move|p2b: CupOfChar|Matcha Gotcha|p1b: Vivillon|[spread] p1a,p1b
|-resisted|p1a: Incineroar|1
|-resisted|p1b: Vivillon|2
|-damage|p1a: Incineroar|90/100
|-damage|p1b: Vivillon|88/100
|move|p1a: Incineroar|Parting Shot|p2a: GoldenGate
|-unboost|p2a: GoldenGate|atk|1
|-unboost|p2a: GoldenGate|spa|1
|
|t:|1784665835
|switch|p1a: Gengar|Gengar, L50, F|100/100|[from] Parting Shot
|
|-weather|RainDance|[upkeep]
|-start|p2b: CupOfChar|perish2
|upkeep
|turn|3
|
|t:|1784665854
|detailschange|p1a: Gengar|Gengar-Mega, L50, F
|-mega|p1a: Gengar|Gengar|Gengarite
|move|p1b: Vivillon|Rage Powder|p1b: Vivillon
|-singleturn|p1b: Vivillon|move: Rage Powder
|move|p2a: GoldenGate|Electro Shot||[still]
|-prepare|p2a: GoldenGate|Electro Shot
|-boost|p2a: GoldenGate|spa|1
|-anim|p2a: GoldenGate|Electro Shot|p1b: Vivillon
|-supereffective|p1b: Vivillon|1
|-damage|p1b: Vivillon|0 fnt
|faint|p1b: Vivillon
|move|p1a: Gengar|Perish Song|p1a: Gengar
|-start|p1a: Gengar|perish3|[silent]
|-start|p2a: GoldenGate|perish3|[silent]
|-fieldactivate|move: Perish Song
|move|p2b: CupOfChar|Shadow Ball|p1a: Gengar
|-supereffective|p1a: Gengar|1
|-damage|p1a: Gengar|30/100
|
|-weather|RainDance|[upkeep]
|-start|p2a: GoldenGate|perish3
|-start|p1a: Gengar|perish3
|-start|p2b: CupOfChar|perish1
|upkeep
|j| MojimaruX7
|inactive|prosta1 has 30 seconds left.
|
|t:|1784665883
|switch|p1b: Incineroar|Incineroar, L50, F|90/100
|-ability|p1b: Incineroar|Intimidate|boost
|-unboost|p2a: GoldenGate|atk|1
|-unboost|p2b: CupOfChar|atk|1
|turn|4
|
|t:|1784665896
|switch|p2b: Toilet Bird|Pelipper, L50, M|100/100
|move|p2a: GoldenGate|Protect|p2a: GoldenGate
|-singleturn|p2a: GoldenGate|Protect
|move|p1a: Gengar|Protect|p1a: Gengar
|-singleturn|p1a: Gengar|Protect
|move|p1b: Incineroar|Throat Chop|p2b: Toilet Bird
|-damage|p2b: Toilet Bird|60/100
|-start|p2b: Toilet Bird|Throat Chop|[silent]
|
|-weather|RainDance|[upkeep]
|-start|p2a: GoldenGate|perish2
|-start|p1a: Gengar|perish2
|-sideend|p2: Roasted_Krisps|move: Tailwind
|upkeep
|turn|5
|
|t:|1784665914
|switch|p1a: Politoed|Politoed, L50, F|100/100
|move|p2b: Toilet Bird|Tailwind|p2b: Toilet Bird
|-sidestart|p2: Roasted_Krisps|move: Tailwind
|move|p2a: GoldenGate|Electro Shot||[still]
|-prepare|p2a: GoldenGate|Electro Shot
|-boost|p2a: GoldenGate|spa|1
|-anim|p2a: GoldenGate|Electro Shot|p1a: Politoed
|-supereffective|p1a: Politoed|1
|-damage|p1a: Politoed|25/100
|-enditem|p1a: Politoed|Sitrus Berry|[eat]
|-heal|p1a: Politoed|50/100g|[from] item: Sitrus Berry
|move|p1b: Incineroar|Parting Shot|p2a: GoldenGate
|-unboost|p2a: GoldenGate|atk|1
|-unboost|p2a: GoldenGate|spa|1
|
|t:|1784665928
|switch|p1b: Gengar|Gengar-Mega, L50, F|30/100|[from] Parting Shot
|
|-weather|none
|-end|p2b: Toilet Bird|Throat Chop|[silent]
|-start|p2a: GoldenGate|perish1
|upkeep
|turn|6
|
|t:|1784665950
|move|p1b: Gengar|Protect|p1b: Gengar
|-singleturn|p1b: Gengar|Protect
|move|p1a: Politoed|Protect|p1a: Politoed
|-singleturn|p1a: Politoed|Protect
|move|p2b: Toilet Bird|Hurricane|p1b: Gengar
|-activate|p1b: Gengar|move: Protect
|move|p2a: GoldenGate|Draco Meteor|p1a: Politoed
|-activate|p1a: Politoed|move: Protect
|
|-start|p2a: GoldenGate|perish0
|faint|p2a: GoldenGate
|upkeep
|
|t:|1784665962
|switch|p2a: Ultra Lad|Starmie, L50, shiny|100/100
|turn|7
|inactive|Roasted_Krisps has 30 seconds left.
|
|t:|1784665989
|switch|p1b: Incineroar|Incineroar, L50, F|90/100
|-ability|p1b: Incineroar|Intimidate|boost
|-unboost|p2a: Ultra Lad|atk|1
|-unboost|p2b: Toilet Bird|atk|1
|detailschange|p2a: Ultra Lad|Starmie-Mega, L50, shiny
|-mega|p2a: Ultra Lad|Starmie|Starminite
|move|p2a: Ultra Lad|Aqua Jet|p1b: Incineroar
|-supereffective|p1b: Incineroar|1
|-enditem|p1b: Incineroar|Passho Berry|[eat]
|-enditem|p1b: Incineroar|Passho Berry|[weaken]
|-damage|p1b: Incineroar|65/100
|move|p2b: Toilet Bird|Hurricane|p1a: Politoed|[miss]
|-miss|p2b: Toilet Bird|p1a: Politoed
|move|p1a: Politoed|Perish Song|p1a: Politoed
|-start|p1a: Politoed|perish3|[silent]
|-start|p1b: Incineroar|perish3|[silent]
|-start|p2a: Ultra Lad|perish3|[silent]
|-start|p2b: Toilet Bird|perish3|[silent]
|-fieldactivate|move: Perish Song
|
|-start|p2a: Ultra Lad|perish3
|-start|p2b: Toilet Bird|perish3
|-start|p1a: Politoed|perish3
|-start|p1b: Incineroar|perish3
|upkeep
|turn|8
|inactive|prosta1 has 30 seconds left.
|inactive|Roasted_Krisps has 30 seconds left.
|inactive|prosta1 has 20 seconds left.
|inactive|prosta1 has 15 seconds left.
|inactive|prosta1 has 10 seconds left.
|
|t:|1784666035
|switch|p2b: CupOfChar|Sinistcha, L50|100/100
|move|p2a: Ultra Lad|Protect|p2a: Ultra Lad
|-singleturn|p2a: Ultra Lad|Protect
|move|p1a: Politoed|Protect|p1a: Politoed
|-singleturn|p1a: Politoed|Protect
|move|p1b: Incineroar|Fake Out|p2a: Ultra Lad
|-activate|p2a: Ultra Lad|move: Protect
|
|-start|p2a: Ultra Lad|perish2
|-start|p1a: Politoed|perish2
|-start|p1b: Incineroar|perish2
|-sideend|p2: Roasted_Krisps|move: Tailwind
|upkeep
|turn|9
|inactive|prosta1 has 30 seconds left.
|
|t:|1784666062
|switch|p2a: Toilet Bird|Pelipper, L50, M|60/100
|-weather|RainDance|[from] ability: Drizzle|[of] p2a: Toilet Bird
|switch|p1a: Gengar|Gengar-Mega, L50, F|30/100
|move|p2b: CupOfChar|Matcha Gotcha|p1a: Gengar|[spread] p1a,p1b
|-resisted|p1a: Gengar|1
|-resisted|p1b: Incineroar|1
|-damage|p1a: Gengar|15/100
|-damage|p1b: Incineroar|56/100
|move|p1b: Incineroar|Parting Shot|p2a: Toilet Bird
|-unboost|p2a: Toilet Bird|atk|1
|-unboost|p2a: Toilet Bird|spa|1
|
|t:|1784666075
|switch|p1b: Politoed|Politoed, L50, F|50/100g|[from] Parting Shot
|
|-weather|RainDance|[upkeep]
|upkeep
|turn|10
|
|t:|1784666084
|move|p1a: Gengar|Protect|p1a: Gengar
|-singleturn|p1a: Gengar|Protect
|move|p2a: Toilet Bird|Tailwind|p2a: Toilet Bird
|-sidestart|p2: Roasted_Krisps|move: Tailwind
|move|p2b: CupOfChar|Shadow Ball|p1a: Gengar
|-activate|p1a: Gengar|move: Protect
|move|p1b: Politoed|Perish Song|p1b: Politoed
|-start|p1a: Gengar|perish3|[silent]
|-start|p1b: Politoed|perish3|[silent]
|-start|p2a: Toilet Bird|perish3|[silent]
|-start|p2b: CupOfChar|perish3|[silent]
|-fieldactivate|move: Perish Song
|
|-weather|RainDance|[upkeep]
|-start|p2a: Toilet Bird|perish3
|-start|p1a: Gengar|perish3
|-start|p2b: CupOfChar|perish3
|-start|p1b: Politoed|perish3
|upkeep
|turn|11
|
|t:|1784666104
|switch|p1a: Incineroar|Incineroar, L50, F|56/100
|-ability|p1a: Incineroar|Intimidate|boost
|-unboost|p2a: Toilet Bird|atk|1
|-unboost|p2b: CupOfChar|atk|1
|move|p1b: Politoed|Protect|p1b: Politoed
|-singleturn|p1b: Politoed|Protect
|move|p2a: Toilet Bird|Hurricane|p1b: Politoed
|-activate|p1b: Politoed|move: Protect
|move|p2b: CupOfChar|Shadow Ball|p1a: Incineroar
|-resisted|p1a: Incineroar|1
|-damage|p1a: Incineroar|45/100
|
|-weather|RainDance|[upkeep]
|-start|p2a: Toilet Bird|perish2
|-start|p2b: CupOfChar|perish2
|-start|p1b: Politoed|perish2
|upkeep
|turn|12
|inactive|prosta1 has 30 seconds left.
|inactive|prosta1 has 20 seconds left.
|
|t:|1784666140
|switch|p2a: Ultra Lad|Starmie-Mega, L50, shiny|100/100
|switch|p1b: Gengar|Gengar-Mega, L50, F|15/100
|move|p1a: Incineroar|Fake Out|p2a: Ultra Lad
|-damage|p2a: Ultra Lad|84/100
|move|p2b: CupOfChar|Matcha Gotcha|p1a: Incineroar|[spread] p1a,p1b
|-resisted|p1a: Incineroar|1
|-resisted|p1b: Gengar|1
|-damage|p1a: Incineroar|36/100
|-damage|p1b: Gengar|1/100
|
|-weather|RainDance|[upkeep]
|-start|p2b: CupOfChar|perish1
|upkeep
|turn|13
|
|t:|1784666160
|switch|p2b: Toilet Bird|Pelipper, L50, M|60/100
|move|p1b: Gengar|Protect|p1b: Gengar
|-singleturn|p1b: Gengar|Protect
|move|p1a: Incineroar|Protect|p1a: Incineroar
|-singleturn|p1a: Incineroar|Protect
|move|p2a: Ultra Lad|Aqua Jet|p1b: Gengar
|-activate|p1b: Gengar|move: Protect
|
|-weather|none
|-sideend|p2: Roasted_Krisps|move: Tailwind
|upkeep
|turn|14
|-message|prosta1 forfeited.
|
|win|Roasted_Krisps
|raw|prosta1's rating: 1093 → 1063(-30 for losing)
|raw|Roasted_Krisps's rating: 1000 → 1050(+50 for winning)
|l|☆prosta1
|player|p1|
|c|☆Roasted_Krisps|gg
|l| Pluthoven
|l| MojimaruX7
