|j|☆hermit5
|j|☆joaennavgc
|html|hermit5joaennavgc    
|uhtml|bestof|Game 2 of a best-of-3
|t:|1756404478
|gametype|doubles
|player|p1|hermit5|red|
|player|p2|joaennavgc|pokemonbreederf-gen4|
|gen|9
|tier|[Gen 9] VGC 2025 Reg H (Bo3)
|rule|Species Clause: Limit one of each Pokémon
|rule|Item Clause: Limit 1 of each item
|clearpoke
|poke|p1|Dragonite, L50, F|
|poke|p1|Sneasler, L50, M|
|poke|p1|Incineroar, L50, F|
|poke|p1|Archaludon, L50, M|
|poke|p1|Basculegion, L50, M|
|poke|p1|Murkrow, L50, F|
|poke|p2|Torkoal, L50, M|
|poke|p2|Oranguru, L50, F|
|poke|p2|Typhlosion-Hisui, L50, F|
|poke|p2|Whimsicott, L50, M|
|poke|p2|Ursaluna, L50, M|
|poke|p2|Dragonite, L50, M|
|teampreview|4
|showteam|p1|Dragonite||LoadedDice|Multiscale|ScaleShot,Protect,Haze,ExtremeSpeed|||F|||50|,,,,,Fairy]Sneasler||FocusSash|PoisonTouch|Coaching,CloseCombat,DireClaw,Protect|||M|||50|,,,,,Flying]Incineroar||SafetyGoggles|Intimidate|FakeOut,KnockOff,FlareBlitz,PartingShot|||F|||50|,,,,,Ghost]Archaludon||AssaultVest|Stamina|ElectroShot,BodyPress,FlashCannon,DracoMeteor|||M|||50|,,,,,Grass]Basculegion||ClearAmulet|SwiftSwim|WaveCrash,Crunch,TeraBlast,Protect|||M|||50|,,,,,Grass]Murkrow||Eviolite|Prankster|FoulPlay,RainDance,Tailwind,Protect|||F|||50|,,,,,Dark
|showteam|p2|Torkoal||EjectPack|Drought|Overheat,HeatWave,HelpingHand,Protect|||M|||50|,,,,,Fire]Oranguru||SitrusBerry|Telepathy|TrickRoom,Psychic,Instruct,Protect|||F|||50|,,,,,Dark]Typhlosion-Hisui||ChoiceSpecs|Blaze|HeatWave,Eruption,ShadowBall,TeraBlast|||F|||50|,,,,,Electric]Whimsicott||FocusSash|Prankster|Tailwind,Moonblast,SunnyDay,Protect|||M|||50|,,,,,Ghost]Ursaluna||FlameOrb|Guts|Facade,HeadlongRush,Earthquake,Protect|||M|||50|,,,,,Ghost]Dragonite||ChoiceBand|InnerFocus|ExtremeSpeed,IceSpinner,DragonClaw,LowKick|||M|||50|,,,,,Normal
|
|t:|1756404518
|teamsize|p1|4
|teamsize|p2|4
|start
|switch|p1a: Murkrow|Murkrow, L50, F|100/100
|switch|p1b: Basculegion|Basculegion, L50, M|100/100
|switch|p2a: Whimsicott|Whimsicott, L50, M|100/100
|switch|p2b: Torkoal|Torkoal, L50, M|100/100
|-weather|SunnyDay|[from] ability: Drought|[of] p2b: Torkoal
|turn|1
|
|t:|1756404532
|move|p2b: Torkoal|Protect|p2b: Torkoal
|-singleturn|p2b: Torkoal|Protect
|move|p1a: Murkrow|Rain Dance|p1a: Murkrow
|-weather|RainDance
|move|p1b: Basculegion|Wave Crash|p2b: Torkoal
|-activate|p2b: Torkoal|move: Protect
|move|p2a: Whimsicott|Moonblast|p1a: Murkrow
|-supereffective|p1a: Murkrow
|-damage|p1a: Murkrow|20/100
|
|-weather|RainDance|[upkeep]
|upkeep
|turn|2
|
|t:|1756404550
|switch|p2b: Dragonite|Dragonite, L50, M|100/100
|move|p2a: Whimsicott|Sunny Day|p2a: Whimsicott
|-weather|SunnyDay
|move|p1a: Murkrow|Tailwind|p1a: Murkrow
|-sidestart|p1: hermit5|move: Tailwind
|move|p1b: Basculegion|Wave Crash|p2b: Dragonite
|-resisted|p2b: Dragonite
|-damage|p2b: Dragonite|86/100
|-damage|p1b: Basculegion|96/100|[from] Recoil
|
|-weather|SunnyDay|[upkeep]
|upkeep
|turn|3
|
|t:|1756404570
|move|p2b: Dragonite|Extreme Speed|p1a: Murkrow
|-damage|p1a: Murkrow|0 fnt
|faint|p1a: Murkrow
|move|p1b: Basculegion|Crunch|p2a: Whimsicott
|-resisted|p2a: Whimsicott
|-damage|p2a: Whimsicott|81/100
|-unboost|p2a: Whimsicott|def|1
|move|p2a: Whimsicott|Moonblast|p1b: Basculegion
|-damage|p1b: Basculegion|59/100
|
|-weather|SunnyDay|[upkeep]
|upkeep
|
|t:|1756404582
|switch|p1a: Dragonite|Dragonite, L50, F, shiny|100/100
|turn|4
|
|t:|1756404607
|switch|p2b: Torkoal|Torkoal, L50, M|100/100
|-terastallize|p1a: Dragonite|Fairy
|move|p2a: Whimsicott|Tailwind|p2a: Whimsicott
|-sidestart|p2: joaennavgc|move: Tailwind
|move|p1a: Dragonite|Scale Shot|p2b: Torkoal|[miss]
|-miss|p1a: Dragonite|p2b: Torkoal
|move|p1b: Basculegion|Crunch|p2a: Whimsicott
|-resisted|p2a: Whimsicott
|-damage|p2a: Whimsicott|53/100
|-unboost|p2a: Whimsicott|def|1
|
|-weather|SunnyDay|[upkeep]
|upkeep
|turn|5
|
|t:|1756404624
|move|p1a: Dragonite|Extreme Speed|p2a: Whimsicott
|-damage|p2a: Whimsicott|0 fnt
|faint|p2a: Whimsicott
|move|p1b: Basculegion|Wave Crash|p2b: Torkoal
|-supereffective|p2b: Torkoal
|-damage|p2b: Torkoal|56/100
|-damage|p1b: Basculegion|46/100|[from] Recoil
|move|p2b: Torkoal|Heat Wave|p1b: Basculegion|[spread] p1a,p1b
|-resisted|p1b: Basculegion
|-damage|p1a: Dragonite|77/100
|-damage|p1b: Basculegion|22/100
|
|-weather|SunnyDay|[upkeep]
|-sideend|p1: hermit5|move: Tailwind
|upkeep
|
|t:|1756404638
|switch|p2a: Typhlosion|Typhlosion-Hisui, L50, F|100/100
|turn|6
|
|t:|1756404650
|switch|p2b: Dragonite|Dragonite, L50, M|86/100
|move|p1a: Dragonite|Protect|p1a: Dragonite
|-singleturn|p1a: Dragonite|Protect
|move|p1b: Basculegion|Protect|p1b: Basculegion
|-singleturn|p1b: Basculegion|Protect
|move|p2a: Typhlosion|Eruption|p1b: Basculegion|[spread] 
|-activate|p1a: Dragonite|move: Protect
|-activate|p1b: Basculegion|move: Protect
|
|-weather|none
|upkeep
|turn|7
|
|t:|1756404665
|switch|p2b: Torkoal|Torkoal, L50, M|56/100
|-weather|SunnyDay|[from] ability: Drought|[of] p2b: Torkoal
|move|p2a: Typhlosion|Eruption|p1a: Dragonite|[spread] p1a,p1b
|-resisted|p1b: Basculegion
|-damage|p1a: Dragonite|0 fnt
|-damage|p1b: Basculegion|0 fnt
|faint|p1a: Dragonite
|faint|p1b: Basculegion
|
|-weather|SunnyDay|[upkeep]
|-sideend|p2: joaennavgc|move: Tailwind
|upkeep
|
|t:|1756404676
|switch|p1b: Sneasler|Sneasler, L50, M|100/100
|turn|8
|
|t:|1756404681
|move|p1b: Sneasler|Dire Claw|p2a: Typhlosion
|-resisted|p2a: Typhlosion
|-damage|p2a: Typhlosion|72/100
|-status|p2a: Typhlosion|psn|[from] ability: Poison Touch|[of] p1b: Sneasler
|move|p2a: Typhlosion|Eruption|p1b: Sneasler
|-enditem|p1b: Sneasler|Focus Sash
|-damage|p1b: Sneasler|1/100
|move|p2b: Torkoal|Overheat|p1b: Sneasler
|-damage|p1b: Sneasler|0 fnt
|-unboost|p2b: Torkoal|spa|2
|faint|p1b: Sneasler
|-enditem|p2b: Torkoal|Eject Pack
|
|win|joaennavgc
|c|☆joaennavgc|gg
