|j|ŌśåjANMxRin
|j|ŌśåPaquitoElBollito
|html|jANMxRinPaquitoElBollito    
|uhtml|bestof|Game 2 of a best-of-3
|t:|1782398477
|gametype|doubles
|player|p1|jANMxRin|169|1050
|player|p2|PaquitoElBollito|veteran|1038
|gen|9
|tier|[Gen 9 Champions] VGC 2026 Reg M-B (Bo3)
|rated|
|rule|Species Clause: Limit one of each Pok├®mon
|rule|Item Clause: Limit 1 of each item
|clearpoke
|poke|p1|Pyroar, L50, M|
|poke|p1|Whimsicott, L50, F|
|poke|p1|Ninetales, L50, F|
|poke|p1|Farigiraf, L50, F|
|poke|p1|Basculegion, L50, M|
|poke|p1|Floette-Eternal, L50, F|
|poke|p2|Blaziken, L50, M|
|poke|p2|Metagross, L50|
|poke|p2|Whimsicott, L50, F|
|poke|p2|Basculegion, L50, M|
|poke|p2|Farigiraf, L50, F|
|poke|p2|Hydreigon, L50, F|
|teampreview|4
|showteam|p1|Pyroar||Pyroarite|Unnerve|HeatWave,Overheat,SolarBeam,Protect|Timid||M|||50|]Whimsicott||FocusSash|Prankster|Moonblast,Tailwind,SunnyDay,Protect|Timid||F|||50|]Ninetales||ChoiceScarf|Drought|Overheat,HeatWave,SolarBeam,FakeTears|Modest||F|||50|]Farigiraf||SitrusBerry|ArmorTail|Thunderbolt,TwinBeam,TrickRoom,HelpingHand|Bold||F|||50|]Basculegion||LifeOrb|Adaptability|WaveCrash,LastRespects,AquaJet,Protect|Adamant||M|||50|]Floette-Eternal||Floettite|FlowerVeil|Moonblast,DazzlingGleam,LightofRuin,Protect|Modest||F|||50|
|showteam|p2|Blaziken||Blazikenite|SpeedBoost|Detect,CloseCombat,FlareBlitz,RockSlide|Adamant||M|||50|]Metagross||Metagrossite|ClearBody|PsychicFangs,Protect,IronHead,StompingTantrum|Jolly|||||50|]Whimsicott||FocusSash|Prankster|Protect,Moonblast,EnergyBall,Tailwind|Timid||F|||50|]Basculegion||LifeOrb|Adaptability|WaveCrash,Protect,LastRespects,AquaJet|Adamant||M|||50|]Farigiraf||SitrusBerry|ArmorTail|Psychic,Thunderbolt,Roar,TrickRoom|Bold||F|||50|]Hydreigon||ChoiceScarf|Levitate|DracoMeteor,Snarl,EarthPower,DarkPulse|Modest||F|||50|
|inactive|Battle timer is ON: inactive players will automatically lose when time's up. (requested by PaquitoElBollito)
|inactive|PaquitoElBollito has 60 seconds left.
|
|t:|1782398524
|teamsize|p1|4
|teamsize|p2|4
|start
|switch|p1a: Pyroar|Pyroar, L50, M|100/100
|switch|p1b: Ninetales|Ninetales, L50, F|100/100
|switch|p2a: Metagross|Metagross, L50|100/100
|switch|p2b: Blaziken|Blaziken, L50, M|100/100
|-ability|p1a: Pyroar|Unnerve
|-weather|SunnyDay|[from] ability: Drought|[of] p1b: Ninetales
|turn|1
|inactive|PaquitoElBollito has 30 seconds left.
|
|t:|1782398557
|switch|p2a: Hydreigon|Hydreigon, L50, F|100/100
|detailschange|p1a: Pyroar|Pyroar-Mega, L50, M
|-mega|p1a: Pyroar|Pyroar|Pyroarite
|move|p1b: Ninetales|Heat Wave|p2a: Hydreigon|[spread] p2a,p2b
|-resisted|p2a: Hydreigon|1
|-resisted|p2b: Blaziken|1
|-damage|p2a: Hydreigon|74/100
|-damage|p2b: Blaziken|65/100
|-status|p2a: Hydreigon|brn
|move|p1a: Pyroar|Heat Wave|p2a: Hydreigon|[spread] p2b
|-miss|p1a: Pyroar|p2a: Hydreigon
|-resisted|p2b: Blaziken|1
|-damage|p2b: Blaziken|1/100
|move|p2b: Blaziken|Close Combat|p1a: Pyroar
|-supereffective|p1a: Pyroar|1
|-damage|p1a: Pyroar|0 fnt
|-unboost|p2b: Blaziken|def|1
|-unboost|p2b: Blaziken|spd|1
|faint|p1a: Pyroar
|
|-weather|SunnyDay|[upkeep]
|-damage|p2a: Hydreigon|69/100 brn|[from] brn
|-ability|p2b: Blaziken|Speed Boost|boost
|-boost|p2b: Blaziken|spe|1
|upkeep
|
|t:|1782398574
|switch|p1a: Whimsicott|Whimsicott, L50, F|100/100
|turn|2
|
|t:|1782398593
|move|p2b: Blaziken|Detect|p2b: Blaziken
|-singleturn|p2b: Blaziken|Protect
|move|p1b: Ninetales|Heat Wave|p2a: Hydreigon|[spread] p2a
|-activate|p2b: Blaziken|move: Protect
|-resisted|p2a: Hydreigon|1
|-damage|p2a: Hydreigon|41/100 brn
|move|p2a: Hydreigon|Draco Meteor|p1b: Ninetales
|-damage|p1b: Ninetales|9/100
|-unboost|p2a: Hydreigon|spa|2
|move|p1a: Whimsicott|Moonblast|p2a: Hydreigon
|-supereffective|p2a: Hydreigon|2
|-damage|p2a: Hydreigon|0 fnt
|faint|p2a: Hydreigon
|
|-weather|SunnyDay|[upkeep]
|-ability|p2b: Blaziken|Speed Boost|boost
|-boost|p2b: Blaziken|spe|1
|upkeep
|
|t:|1782398604
|switch|p2a: Metagross|Metagross, L50|100/100
|turn|3
|
|t:|1782398623
|switch|p2b: Basculegion|Basculegion, L50, M|100/100
|detailschange|p2a: Metagross|Metagross-Mega, L50
|-mega|p2a: Metagross|Metagross|Metagrossite
|move|p1a: Whimsicott|Tailwind|p1a: Whimsicott
|-sidestart|p1: jANMxRin|move: Tailwind
|move|p1b: Ninetales|Heat Wave|p2b: Basculegion|[spread] p2a,p2b
|-supereffective|p2a: Metagross|1
|-resisted|p2b: Basculegion|1
|-damage|p2a: Metagross|4/100
|-damage|p2b: Basculegion|76/100
|-status|p2a: Metagross|brn
|-status|p2b: Basculegion|brn
|move|p2a: Metagross|Psychic Fangs|p1b: Ninetales
|-damage|p1b: Ninetales|0 fnt
|faint|p1b: Ninetales
|
|-weather|SunnyDay|[upkeep]
|-damage|p2a: Metagross|0 fnt|[from] brn
|faint|p2a: Metagross
|-damage|p2b: Basculegion|70/100 brn|[from] brn
|upkeep
|c|ŌśåjANMxRin|lol
|c|ŌśåPaquitoElBollito|xd
|c|ŌśåPaquitoElBollito|happens
|c|ŌśåjANMxRin|thats crazy
|
|t:|1782398644
|switch|p2a: Blaziken|Blaziken, L50, M|1/100
|switch|p1b: Basculegion|Basculegion, L50, M|100/100
|turn|4
|c|ŌśåjANMxRin|game can be cruel
|
|t:|1782398660
|move|p2a: Blaziken|Detect|p2a: Blaziken
|-singleturn|p2a: Blaziken|Protect
|move|p1a: Whimsicott|Moonblast|p2a: Blaziken
|-activate|p2a: Blaziken|move: Protect
|move|p1b: Basculegion|Last Respects|p2b: Basculegion
|-supereffective|p2b: Basculegion|1
|-damage|p2b: Basculegion|0 fnt
|faint|p2b: Basculegion
|-damage|p1b: Basculegion|90/100|[from] item: Life Orb
|
|-weather|SunnyDay|[upkeep]
|-ability|p2a: Blaziken|Speed Boost|boost
|-boost|p2a: Blaziken|spe|1
|upkeep
|turn|5
|c|ŌśåPaquitoElBollito|ggwp bro
|c|ŌśåjANMxRin|ggs m8
|
|t:|1782398679
|move|p1b: Basculegion|Aqua Jet|p2a: Blaziken
|-supereffective|p2a: Blaziken|1
|-damage|p2a: Blaziken|0 fnt
|faint|p2a: Blaziken
|-damage|p1b: Basculegion|80/100|[from] item: Life Orb
|
|win|jANMxRin
|raw|jANMxRin's rating: 1050 → 1081(+31 for winning)
|raw|PaquitoElBollito's rating: 1038 → 1023(-15 for losing)
