|j|☆patata navidenya
|j|☆luckyross
|html|patata navidenyaluckyross    
|uhtml|bestof|Game 2 of a best-of-3
|t:|1756901341
|gametype|doubles
|player|p1|patata navidenya|cilan|1206
|player|p2|luckyross|fisherman-gen4|1162
|gen|9
|tier|[Gen 9] VGC 2025 Reg H (Bo3)
|rated|
|rule|Species Clause: Limit one of each Pokémon
|rule|Item Clause: Limit 1 of each item
|clearpoke
|poke|p1|Pelipper, L50, M|
|poke|p1|Archaludon, L50, M|
|poke|p1|Sinistcha, L50|
|poke|p1|Incineroar, L50, M|
|poke|p1|Dragonite, L50, F|
|poke|p1|Ursaluna, L50, F|
|poke|p2|Tyranitar, L50, M|
|poke|p2|Excadrill, L50, F|
|poke|p2|Indeedee, L50, M|
|poke|p2|Sneasler, L50, F|
|poke|p2|Corviknight, L50, F|
|poke|p2|Hydreigon, L50, F|
|teampreview|4
|showteam|p1|Pelipper||FocusSash|Drizzle|MuddyWater,Hurricane,Tailwind,Protect|||M|||50|,,,,,Ghost]Archaludon||AssaultVest|Stamina|ElectroShot,DracoMeteor,BodyPress,Snarl|||M|||50|,,,,,Bug]Sinistcha||SitrusBerry|Hospitality|MatchaGotcha,RagePowder,LifeDew,TrickRoom||||||50|,,,,,Fire]Incineroar||SafetyGoggles|Intimidate|KnockOff,Taunt,PartingShot,FakeOut|||M|||50|,,,,,Ghost]Dragonite||LoadedDice|Multiscale|ScaleShot,Tailwind,Haze,Protect|||F|||50|,,,,,Steel]Ursaluna||FlameOrb|Guts|HeadlongRush,Earthquake,Facade,Protect|||F|||50|,,,,,Ghost
|showteam|p2|Tyranitar||AssaultVest|SandStream|KnockOff,RockSlide,TeraBlast,LowKick|||M|||50|,,,,,Flying]Excadrill||FocusSash|SandRush|Earthquake,IronHead,HighHorsepower,Protect|||F|||50|,,,,,Stellar]Indeedee||ChoiceScarf|PsychicSurge|ExpandingForce,TeraBlast,Trick,Protect|||M|||50|,,,,,Psychic]Sneasler||WhiteHerb|Unburden|DireClaw,CloseCombat,Coaching,FakeOut|||F|||50|,,,,,Stellar]Corviknight||PsychicSeed|MirrorArmor|BraveBird,PowerTrip,BulkUp,Roost|||F|||50|,,,,,Water]Hydreigon||LifeOrb|Levitate|DracoMeteor,DarkPulse,Protect,Tailwind|||F|||50|,,,,,Ghost
|inactive|Battle timer is ON: inactive players will automatically lose when time's up. (requested by patata navidenya)
|
|t:|1756901365
|teamsize|p1|4
|teamsize|p2|4
|start
|switch|p1a: Incineroar|Incineroar, L50, M|100/100
|switch|p1b: Sinistcha|Sinistcha, L50|100/100
|switch|p2a: Excadrill|Excadrill, L50, F|100/100
|switch|p2b: Tyranitar|Tyranitar, L50, M|100/100
|-weather|Sandstorm|[from] ability: Sand Stream|[of] p2b: Tyranitar
|-ability|p1a: Incineroar|Intimidate|boost
|-unboost|p2a: Excadrill|atk|1
|-unboost|p2b: Tyranitar|atk|1
|turn|1
|inactive|luckyross has 30 seconds left.
|inactive|luckyross has 20 seconds left.
|
|t:|1756901404
|move|p1a: Incineroar|Fake Out|p2b: Tyranitar
|-resisted|p2b: Tyranitar
|-damage|p2b: Tyranitar|96/100
|move|p2a: Excadrill|High Horsepower|p1a: Incineroar
|-supereffective|p1a: Incineroar
|-damage|p1a: Incineroar|46/100
|cant|p2b: Tyranitar|flinch
|move|p1b: Sinistcha|Trick Room|p1b: Sinistcha
|-fieldstart|move: Trick Room|[of] p1b: Sinistcha
|
|-weather|Sandstorm|[upkeep]
|-damage|p1b: Sinistcha|94/100|[from] Sandstorm
|upkeep
|turn|2
|inactive|luckyross has 30 seconds left.
|inactive|luckyross has 20 seconds left.
|inactive|luckyross has 15 seconds left.
|inactive|luckyross has 10 seconds left.
|
|t:|1756901451
|move|p1a: Incineroar|Parting Shot|p2b: Tyranitar
|-unboost|p2b: Tyranitar|atk|1
|-unboost|p2b: Tyranitar|spa|1
|
|t:|1756901461
|switch|p1a: Archaludon|Archaludon, L50, M|100/100|[from] Parting Shot
|move|p1b: Sinistcha|Matcha Gotcha|p2b: Tyranitar|[spread] p2a
|-miss|p1b: Sinistcha|p2b: Tyranitar
|-crit|p2a: Excadrill
|-damage|p2a: Excadrill|43/100
|-heal|p1b: Sinistcha|100/100|[from] drain|[of] p2a: Excadrill
|move|p2b: Tyranitar|Knock Off|p1b: Sinistcha
|-supereffective|p1b: Sinistcha
|-damage|p1b: Sinistcha|47/100
|-enditem|p1b: Sinistcha|Sitrus Berry|[from] move: Knock Off|[of] p2b: Tyranitar
|move|p2a: Excadrill|High Horsepower|p1a: Archaludon
|-supereffective|p1a: Archaludon
|-damage|p1a: Archaludon|43/100
|-ability|p1a: Archaludon|Stamina|boost
|-boost|p1a: Archaludon|def|1
|
|-weather|Sandstorm|[upkeep]
|-damage|p1b: Sinistcha|40/100|[from] Sandstorm
|upkeep
|turn|3
|inactive|patata navidenya has 30 seconds left.
|inactive|luckyross has 30 seconds left.
|inactive|luckyross has 20 seconds left.
|inactive|luckyross has 15 seconds left.
|
|t:|1756901504
|switch|p2b: My Goat|Hydreigon, L50, F|100/100
|move|p2a: Excadrill|Protect|p2a: Excadrill
|-singleturn|p2a: Excadrill|Protect
|move|p1b: Sinistcha|Life Dew|p1b: Sinistcha|[spread] p1a,p1b
|-heal|p1a: Archaludon|68/100
|-heal|p1b: Sinistcha|66/100
|move|p1a: Archaludon|Body Press|p2a: Excadrill
|-activate|p2a: Excadrill|move: Protect
|
|-weather|Sandstorm|[upkeep]
|-damage|p1b: Sinistcha|59/100|[from] Sandstorm
|-damage|p2b: My Goat|95/100|[from] Sandstorm
|upkeep
|turn|4
|
|t:|1756901524
|switch|p2a: Indeedee|Indeedee, L50, M|100/100
|-fieldstart|move: Psychic Terrain|[from] ability: Psychic Surge|[of] p2a: Indeedee
|move|p1b: Sinistcha|Matcha Gotcha|p2b: My Goat|[spread] p2a,p2b
|-resisted|p2b: My Goat
|-damage|p2a: Indeedee|60/100
|-heal|p1b: Sinistcha|75/100|[from] drain|[of] p2a: Indeedee
|-damage|p2b: My Goat|77/100
|-heal|p1b: Sinistcha|83/100|[from] drain|[of] p2b: My Goat
|move|p1a: Archaludon|Snarl|p2b: My Goat|[spread] p2a,p2b
|-supereffective|p2a: Indeedee
|-resisted|p2b: My Goat
|-damage|p2a: Indeedee|28/100
|-damage|p2b: My Goat|70/100
|-unboost|p2a: Indeedee|spa|1
|-unboost|p2b: My Goat|spa|1
|move|p2b: My Goat|Draco Meteor|p1b: Sinistcha
|-damage|p1b: Sinistcha|22/100
|-unboost|p2b: My Goat|spa|2
|-damage|p2b: My Goat|61/100|[from] item: Life Orb
|
|-weather|Sandstorm|[upkeep]
|-damage|p1b: Sinistcha|16/100|[from] Sandstorm
|-damage|p2b: My Goat|55/100|[from] Sandstorm
|-damage|p2a: Indeedee|22/100|[from] Sandstorm
|upkeep
|turn|5
|inactive|patata navidenya has 30 seconds left.
|inactive|luckyross has 30 seconds left.
|inactive|luckyross has 20 seconds left.
|
|t:|1756901562
|switch|p2b: Excadrill|Excadrill, L50, F|43/100
|switch|p2a: Tyranitar|Tyranitar, L50, M|96/100
|move|p1b: Sinistcha|Matcha Gotcha|p2a: Tyranitar|[spread] p2a,p2b
|-supereffective|p2a: Tyranitar
|-damage|p2a: Tyranitar|71/100
|-heal|p1b: Sinistcha|29/100|[from] drain|[of] p2a: Tyranitar
|-damage|p2b: Excadrill|2/100
|-heal|p1b: Sinistcha|50/100|[from] drain|[of] p2b: Excadrill
|move|p1a: Archaludon|Draco Meteor|p2b: Excadrill
|-resisted|p2b: Excadrill
|-damage|p2b: Excadrill|0 fnt
|-unboost|p1a: Archaludon|spa|2
|faint|p2b: Excadrill
|
|-weather|none
|-fieldend|move: Trick Room
|upkeep
|
|t:|1756901578
|switch|p2b: Indeedee|Indeedee, L50, M|22/100
|turn|6
|
|t:|1756901599
|switch|p1b: Incineroar|Incineroar, L50, M|46/100
|-ability|p1b: Incineroar|Intimidate|boost
|-unboost|p2a: Tyranitar|atk|1
|-unboost|p2b: Indeedee|atk|1
|-terastallize|p2b: Indeedee|Psychic
|move|p2b: Indeedee|Expanding Force|p1b: Incineroar|[spread] p1a
|-immune|p1b: Incineroar
|-resisted|p1a: Archaludon
|-damage|p1a: Archaludon|36/100
|-ability|p1a: Archaludon|Stamina|boost
|-boost|p1a: Archaludon|def|1
|move|p1a: Archaludon|Snarl|p2a: Tyranitar|[spread] p2a,p2b
|-resisted|p2a: Tyranitar
|-supereffective|p2b: Indeedee
|-damage|p2a: Tyranitar|69/100
|-damage|p2b: Indeedee|4/100
|-unboost|p2a: Tyranitar|spa|1
|-unboost|p2b: Indeedee|spa|1
|move|p2a: Tyranitar|Knock Off|p1a: Archaludon
|-damage|p1a: Archaludon|20/100
|-ability|p1a: Archaludon|Stamina|boost
|-boost|p1a: Archaludon|def|1
|-enditem|p1a: Archaludon|Assault Vest|[from] move: Knock Off|[of] p2a: Tyranitar
|
|upkeep
|turn|7
|inactive|patata navidenya has 30 seconds left.
|
|t:|1756901629
|switch|p1b: Sinistcha|Sinistcha, L50|50/100
|-heal|p1a: Archaludon|45/100|[from] ability: Hospitality|[of] p1b: Sinistcha
|move|p2b: Indeedee|Expanding Force|p1a: Archaludon|[spread] p1a,p1b
|-resisted|p1a: Archaludon
|-damage|p1a: Archaludon|11/100
|-damage|p1b: Sinistcha|0 fnt
|-ability|p1a: Archaludon|Stamina|boost
|-boost|p1a: Archaludon|def|1
|faint|p1b: Sinistcha
|move|p1a: Archaludon|Body Press|p2a: Tyranitar
|-supereffective|p2a: Tyranitar
|-damage|p2a: Tyranitar|0 fnt
|faint|p2a: Tyranitar
|
|upkeep
|inactive|patata navidenya has 30 seconds left.
|
|t:|1756901654
|switch|p2a: My Goat|Hydreigon, L50, F|55/100
|switch|p1b: Pelipper|Pelipper, L50, M|100/100
|-weather|RainDance|[from] ability: Drizzle|[of] p1b: Pelipper
|turn|8
|
|t:|1756901668
|move|p1b: Pelipper|Protect|p1b: Pelipper
|-singleturn|p1b: Pelipper|Protect
|move|p2b: Indeedee|Expanding Force|p1a: Archaludon|[spread] p1a
|-activate|p1b: Pelipper|move: Protect
|-resisted|p1a: Archaludon
|-damage|p1a: Archaludon|0 fnt
|faint|p1a: Archaludon
|move|p2a: My Goat|Dark Pulse|p1b: Pelipper
|-activate|p1b: Pelipper|move: Protect
|
|-weather|RainDance|[upkeep]
|-fieldend|move: Psychic Terrain
|upkeep
|
|t:|1756901673
|switch|p1a: Incineroar|Incineroar, L50, M|46/100
|-ability|p1a: Incineroar|Intimidate|boost
|-unboost|p2a: My Goat|atk|1
|-unboost|p2b: Indeedee|atk|1
|turn|9
|
|t:|1756901682
|move|p2a: My Goat|Protect|p2a: My Goat
|-singleturn|p2a: My Goat|Protect
|move|p1a: Incineroar|Fake Out|p2b: Indeedee
|-damage|p2b: Indeedee|0 fnt
|faint|p2b: Indeedee
|move|p1b: Pelipper|Tailwind|p1b: Pelipper
|-sidestart|p1: patata navidenya|move: Tailwind
|
|-weather|RainDance|[upkeep]
|upkeep
|turn|10
|
|t:|1756901696
|move|p1b: Pelipper|Hurricane|p2a: My Goat
|-damage|p2a: My Goat|0 fnt
|faint|p2a: My Goat
|
|win|patata navidenya
||luckyross is ready for game 3.
|inactive|patata navidenya has 30 seconds to confirm battle start!
|inactive|patata navidenya has 20 seconds to confirm battle start!
|inactive|patata navidenya has 10 seconds to confirm battle start!
|uhtml|next|Next: Game 3 of 3
|l|☆luckyross
|player|p2|
