|j|☆Bucketeering
|j|☆magicalarcher57
|html|Bucketeeringmagicalarcher57    
|uhtml|bestof|Game 2 of a best-of-3
|t:|1784169169
|gametype|doubles
|player|p1|Bucketeering|gentleman-gen4|1209
|player|p2|magicalarcher57|diantha|1299
|gen|9
|tier|[Gen 9 Champions] VGC 2026 Reg M-B (Bo3)
|rated|
|rule|Species Clause: Limit one of each Pokémon
|rule|Item Clause: Limit 1 of each item
|clearpoke
|poke|p1|Staraptor, L50, F, shiny|
|poke|p1|Whimsicott, L50, F|
|poke|p1|Incineroar, L50, F|
|poke|p1|Dragonite, L50, F|
|poke|p1|Aegislash, L50, F|
|poke|p1|Milotic, L50, F|
|poke|p2|Garchomp, L50, F|
|poke|p2|Basculegion, L50, M|
|poke|p2|Whimsicott, L50, F|
|poke|p2|Glimmora, L50, F|
|poke|p2|Metagross, L50|
|poke|p2|Annihilape, L50, M|
|teampreview|4
|showteam|p1|Staraptor||Staraptite|Intimidate|CloseCombat,BraveBird,Protect,Roost|Jolly||F|||50|]Whimsicott||MentalHerb|Prankster|Tailwind,Encore,Moonblast,Charm|Bold||F|||50|]Incineroar||PasshoBerry|Intimidate|ThroatChop,FlareBlitz,FakeOut,PartingShot|Adamant||F|||50|]Dragonite||Dragoninite|Multiscale|Protect,DracoMeteor,Hurricane,Flamethrower|Modest||F|||50|]Aegislash||SpellTag|StanceChange|IronHead,CloseCombat,ShadowSneak,KingsShield|Adamant||F|||50|]Milotic||SitrusBerry|Competitive|Haze,IcyWind,Protect,Scald|Modest||F|||50|
|showteam|p2|Garchomp||SitrusBerry|RoughSkin|Earthquake,DragonClaw,Protect,StompingTantrum|Jolly||F|||50|]Basculegion||ChoiceScarf|Adaptability|WaveCrash,LastRespects,AquaJet,FlipTurn|Jolly||M|||50|]Whimsicott||FocusSash|Prankster|Tailwind,Moonblast,Encore,Protect|Timid||F|||50|]Glimmora||LifeOrb|ToxicDebris|PowerGem,EarthPower,SludgeBomb,SpikyShield|Timid||F|||50|]Metagross||Metagrossite|ClearBody|IcePunch,IronHead,Protect,PsychicFangs|Jolly|||||50|]Annihilape||Leftovers|Defiant|CloseCombat,RageFist,Taunt,Protect|Adamant||M|||50|
|inactive|Battle timer is ON: inactive players will automatically lose when time's up. (requested by magicalarcher57)
|
|t:|1784169182
|teamsize|p1|4
|teamsize|p2|4
|start
|switch|p1a: Staraptor|Staraptor, L50, F, shiny|100/100
|switch|p1b: Whimsicott|Whimsicott, L50, F|100/100
|switch|p2a: Eris|Annihilape, L50, M|100/100
|switch|p2b: Persephone|Whimsicott, L50, F|100/100
|-ability|p1a: Staraptor|Intimidate|boost
|-unboost|p2a: Eris|atk|1
|-ability|p2a: Eris|Defiant|boost
|-boost|p2a: Eris|atk|2
|-unboost|p2b: Persephone|atk|1
|turn|1
|
|t:|1784169207
|move|p2b: Persephone|Tailwind|p2b: Persephone
|-sidestart|p2: magicalarcher57|move: Tailwind
|move|p1b: Whimsicott|Tailwind|p1b: Whimsicott
|-sidestart|p1: Bucketeering|move: Tailwind
|move|p1a: Staraptor|Brave Bird|p2a: Eris
|-supereffective|p2a: Eris|1
|-damage|p2a: Eris|0 fnt
|faint|p2a: Eris
|-damage|p1a: Staraptor|55/100|[from] Recoil
|
|upkeep
|
|t:|1784169220
|switch|p2a: Nikke|Basculegion, L50, M|100/100
|turn|2
|
|t:|1784169233
|detailschange|p1a: Staraptor|Staraptor-Mega, L50, F, shiny
|-mega|p1a: Staraptor|Staraptor|Staraptite
|move|p1a: Staraptor|Protect|p1a: Staraptor
|-singleturn|p1a: Staraptor|Protect
|move|p2b: Persephone|Encore|p1b: Whimsicott
|-start|p1b: Whimsicott|Encore
|-enditem|p1b: Whimsicott|Mental Herb
|-end|p1b: Whimsicott|Encore
|move|p1b: Whimsicott|Charm|p2a: Nikke
|-unboost|p2a: Nikke|atk|2
|move|p2a: Nikke|Wave Crash|p1a: Staraptor
|-activate|p1a: Staraptor|move: Protect
|
|upkeep
|turn|3
|
|t:|1784169252
|switch|p2a: Lucifer|Garchomp, L50, F|100/100
|move|p1b: Whimsicott|Charm|p2a: Lucifer
|-unboost|p2a: Lucifer|atk|2
|move|p2b: Persephone|Moonblast|p1a: Staraptor
|-supereffective|p1a: Staraptor|1
|-damage|p1a: Staraptor|0 fnt
|faint|p1a: Staraptor
|
|upkeep
|
|t:|1784169261
|switch|p1a: Incineroar|Incineroar, L50, F|100/100
|-ability|p1a: Incineroar|Intimidate|boost
|-unboost|p2a: Lucifer|atk|1
|-unboost|p2b: Persephone|atk|1
|turn|4
|
|t:|1784169270
|move|p1a: Incineroar|Fake Out|p2b: Persephone
|-damage|p2b: Persephone|81/100
|move|p1b: Whimsicott|Charm|p2a: Lucifer
|-unboost|p2a: Lucifer|atk|2
|cant|p2b: Persephone|flinch
|move|p2a: Lucifer|Stomping Tantrum|p1b: Whimsicott
|-resisted|p1b: Whimsicott|1
|-damage|p1b: Whimsicott|94/100
|
|-sideend|p1: Bucketeering|move: Tailwind
|-sideend|p2: magicalarcher57|move: Tailwind
|upkeep
|turn|5
|inactive|Bucketeering has 30 seconds left.
|inactive|Bucketeering has 20 seconds left.
|
|t:|1784169307
|switch|p1a: Aegislash|Aegislash, L50, F|100/100
|move|p2b: Persephone|Tailwind|p2b: Persephone
|-sidestart|p2: magicalarcher57|move: Tailwind
|move|p2a: Lucifer|Stomping Tantrum|p1a: Aegislash
|-supereffective|p1a: Aegislash|1
|-damage|p1a: Aegislash|82/100
|move|p1b: Whimsicott|Moonblast|p2a: Lucifer
|-supereffective|p2a: Lucifer|1
|-damage|p2a: Lucifer|38/100
|-unboost|p2a: Lucifer|spa|1
|-enditem|p2a: Lucifer|Sitrus Berry|[eat]
|-heal|p2a: Lucifer|63/100|[from] item: Sitrus Berry
|
|upkeep
|turn|6
|j| x2muz
|
|t:|1784169324
|move|p2b: Persephone|Encore|p1b: Whimsicott
|-start|p1b: Whimsicott|Encore
|move|p2a: Lucifer|Stomping Tantrum|p1a: Aegislash
|-supereffective|p1a: Aegislash|1
|-damage|p1a: Aegislash|60/100
|move|p1b: Whimsicott|Moonblast|p2a: Lucifer
|-supereffective|p2a: Lucifer|1
|-damage|p2a: Lucifer|1/100
|-formechange|p1a: Aegislash|Aegislash-Blade|
|move|p1a: Aegislash|Iron Head|p2b: Persephone
|-supereffective|p2b: Persephone|1
|-damage|p2b: Persephone|0 fnt
|faint|p2b: Persephone
|
|upkeep
|
|t:|1784169330
|switch|p2b: Nikke|Basculegion, L50, M|100/100
|turn|7
|
|t:|1784169337
|switch|p1b: Incineroar|Incineroar, L50, F|100/100
|-ability|p1b: Incineroar|Intimidate|boost
|-unboost|p2a: Lucifer|atk|1
|-unboost|p2b: Nikke|atk|1
|-formechange|p1a: Aegislash|Aegislash|
|move|p1a: Aegislash|King's Shield|p1a: Aegislash
|-singleturn|p1a: Aegislash|Protect
|move|p2b: Nikke|Last Respects|p1b: Incineroar
|-resisted|p1b: Incineroar|1
|-damage|p1b: Incineroar|68/100
|move|p2a: Lucifer|Stomping Tantrum|p1a: Aegislash
|-activate|p1a: Aegislash|move: Protect
|-unboost|p2a: Lucifer|atk|0
|
|upkeep
|turn|8
|
|t:|1784169358
|move|p1b: Incineroar|Fake Out|p2a: Lucifer
|-damage|p2a: Lucifer|0 fnt
|-damage|p1b: Incineroar|56/100|[from] ability: Rough Skin|[of] p2a: Lucifer
|faint|p2a: Lucifer
|-formechange|p1a: Aegislash|Aegislash-Blade|
|move|p1a: Aegislash|Shadow Sneak|p2b: Nikke
|-supereffective|p2b: Nikke|1
|-damage|p2b: Nikke|23/100
|move|p2b: Nikke|Last Respects|p1b: Incineroar
|-resisted|p1b: Incineroar|1
|-damage|p1b: Incineroar|17/100
|
|-sideend|p2: magicalarcher57|move: Tailwind
|upkeep
|turn|9
|-message|magicalarcher57 forfeited.
|
|win|Bucketeering
