|j|☆Irongiant9214
|j|☆figglewiggle
|html|Irongiant9214figglewiggle    
|uhtml|bestof|Game 3 of a best-of-3
|t:|1784692452
|gametype|doubles
|player|p1|Irongiant9214|101|1163
|player|p2|figglewiggle|102|1154
|gen|9
|tier|[Gen 9 Champions] VGC 2026 Reg M-B (Bo3)
|rated|
|rule|Species Clause: Limit one of each Pokémon
|rule|Item Clause: Limit 1 of each item
|clearpoke
|poke|p1|Charizard, L50, F, shiny|
|poke|p1|Garchomp, L50, F, shiny|
|poke|p1|Incineroar, L50, F, shiny|
|poke|p1|Venusaur, L50, M, shiny|
|poke|p1|Toxapex, L50, M|
|poke|p1|Sylveon, L50, M|
|poke|p2|Hydreigon, L50, M|
|poke|p2|Sneasler, L50, M|
|poke|p2|Charizard, L50, F|
|poke|p2|Whimsicott, L50, M|
|poke|p2|Garchomp, L50, M|
|poke|p2|Basculegion, L50, M|
|teampreview|4
|showteam|p1|Charizard||CharizarditeY|SolarPower|WeatherBall,HeatWave,AncientPower,Protect|Modest||F|||50|]Garchomp||ChoiceScarf|RoughSkin|RockSlide,DragonClaw,Earthquake,StompingTantrum|Adamant||F|||50|]Incineroar||SitrusBerry|Intimidate|FlareBlitz,FakeOut,DarkestLariat,PartingShot|Impish||F|||50|]Venusaur||LifeOrb|Chlorophyll|SludgeBomb,LeafStorm,EarthPower,Protect|Modest||M|||50|]Toxapex||Leftovers|Regenerator|Infestation,Toxic,WideGuard,BanefulBunker|Bold||M|||50|]Sylveon||FairyFeather|Pixilate|HyperVoice,QuickAttack,Yawn,Detect|Modest||M|||50|
|showteam|p2|Hydreigon||ChoiceScarf|Levitate|DracoMeteor,EarthPower,DarkPulse,Snarl|Modest||M|||50|]Sneasler||FocusSash|PoisonTouch|FakeOut,PoisonJab,CloseCombat,Protect|Jolly||M|||50|]Charizard||CharizarditeY|Blaze|HeatWave,WeatherBall,SolarBeam,Protect|Modest||F|||50|]Whimsicott||CobaBerry|Prankster|Moonblast,Encore,Tailwind,Protect|Bold||M|||50|]Garchomp||LifeOrb|RoughSkin|Earthquake,RockSlide,DragonClaw,Protect|Jolly||M|||50|]Basculegion||MysticWater|Adaptability|WaveCrash,AquaJet,LastRespects,Protect|Adamant||M|||50|
|inactive|Battle timer is ON: inactive players will automatically lose when time's up. (requested by figglewiggle)
|inactive|figglewiggle has 60 seconds left.
|inactive|Irongiant9214 has 60 seconds left.
|inactive|figglewiggle has 30 seconds left.
|inactive|figglewiggle has 20 seconds left.
|inactive|Irongiant9214 has 30 seconds left.
|inactive|figglewiggle has 15 seconds left.
|inactive|figglewiggle has 10 seconds left.
|
|t:|1784692537
|teamsize|p1|4
|teamsize|p2|4
|start
|switch|p1a: Charizard|Charizard, L50, F, shiny|100/100
|switch|p1b: Incineroar|Incineroar, L50, F, shiny|100/100
|switch|p2a: Hydreigon|Hydreigon, L50, M|100/100
|switch|p2b: Sneasler|Sneasler, L50, M|100/100
|-ability|p1b: Incineroar|Intimidate|boost
|-unboost|p2a: Hydreigon|atk|1
|-unboost|p2b: Sneasler|atk|1
|turn|1
|inactive|figglewiggle has 30 seconds left.
|
|t:|1784692569
|switch|p1a: Toxapex|Toxapex, L50, M|100/100
|move|p2a: Hydreigon|Snarl|p1b: Incineroar|[spread] p1a,p1b
|-resisted|p1b: Incineroar|1
|-damage|p1a: Toxapex|82/100
|-damage|p1b: Incineroar|91/100
|-unboost|p1a: Toxapex|spa|1
|-unboost|p1b: Incineroar|spa|1
|move|p2b: Sneasler|Close Combat|p1b: Incineroar
|-supereffective|p1b: Incineroar|1
|-damage|p1b: Incineroar|25/100
|-unboost|p2b: Sneasler|def|1
|-unboost|p2b: Sneasler|spd|1
|-status|p1b: Incineroar|psn|[from] ability: Poison Touch|[of] p2b: Sneasler
|-enditem|p1b: Incineroar|Sitrus Berry|[eat]
|-heal|p1b: Incineroar|50/100g psn|[from] item: Sitrus Berry
|move|p1b: Incineroar|Parting Shot|p2a: Hydreigon
|-unboost|p2a: Hydreigon|atk|1
|-unboost|p2a: Hydreigon|spa|1
|inactive|Irongiant9214 has 30 seconds left.
|
|t:|1784692595
|switch|p1b: Garchomp|Garchomp, L50, F, shiny|100/100|[from] Parting Shot
|
|-heal|p1a: Toxapex|87/100|[from] item: Leftovers
|upkeep
|turn|2
|inactive|figglewiggle has 30 seconds left.
|
|t:|1784692623
|switch|p2a: Whimsicott|Whimsicott, L50, M|100/100
|switch|p2b: Basculegion|Basculegion, L50, M|100/100
|move|p1b: Garchomp|Dragon Claw|p2a: Whimsicott
|-immune|p2a: Whimsicott
|move|p1a: Toxapex|Infestation|p2b: Basculegion
|-resisted|p2b: Basculegion|1
|-damage|p2b: Basculegion|98/100
|-activate|p2b: Basculegion|move: Infestation|[of] p1a: Toxapex
|
|-heal|p1a: Toxapex|93/100|[from] item: Leftovers
|-damage|p2b: Basculegion|86/100|[from] move: Infestation|[partiallytrapped]
|upkeep
|turn|3
|inactive|figglewiggle has 30 seconds left.
|
|t:|1784692650
|switch|p1b: Incineroar|Incineroar, L50, F, shiny|50/100g psn
|-ability|p1b: Incineroar|Intimidate|boost
|-unboost|p2a: Whimsicott|atk|1
|-unboost|p2b: Basculegion|atk|1
|move|p2a: Whimsicott|Moonblast|p1b: Incineroar
|-damage|p1b: Incineroar|25/100 psn
|-unboost|p1b: Incineroar|spa|1
|move|p2b: Basculegion|Wave Crash|p1b: Incineroar
|-supereffective|p1b: Incineroar|1
|-damage|p1b: Incineroar|0 fnt
|faint|p1b: Incineroar
|-damage|p2b: Basculegion|78/100|[from] Recoil
|move|p1a: Toxapex|Toxic|p2b: Basculegion
|-status|p2b: Basculegion|tox
|
|-heal|p1a: Toxapex|99/100|[from] item: Leftovers
|-damage|p2b: Basculegion|71/100 tox|[from] psn
|-damage|p2b: Basculegion|59/100 tox|[from] move: Infestation|[partiallytrapped]
|upkeep
|
|t:|1784692664
|switch|p1b: Charizard|Charizard, L50, F, shiny|100/100
|turn|4
|inactive|Irongiant9214 has 30 seconds left.
|
|t:|1784692695
|detailschange|p1b: Charizard|Charizard-Mega-Y, L50, F, shiny
|-mega|p1b: Charizard|Charizard|Charizardite Y
|-weather|SunnyDay|[from] ability: Drought|[of] p1b: Charizard
|move|p2a: Whimsicott|Tailwind|p2a: Whimsicott
|-sidestart|p2: figglewiggle|move: Tailwind
|move|p2b: Basculegion|Wave Crash|p1b: Charizard
|-supereffective|p1b: Charizard|1
|-damage|p1b: Charizard|39/100
|-damage|p2b: Basculegion|40/100 tox|[from] Recoil
|move|p1b: Charizard|Heat Wave|p2b: Basculegion|[spread] p2a
|-miss|p1b: Charizard|p2b: Basculegion
|-supereffective|p2a: Whimsicott|1
|-damage|p2a: Whimsicott|0 fnt
|faint|p2a: Whimsicott
|move|p1a: Toxapex|Infestation|p2b: Basculegion
|-resisted|p2b: Basculegion|1
|-damage|p2b: Basculegion|39/100 tox
|
|-weather|SunnyDay|[upkeep]
|-heal|p1a: Toxapex|100/100|[from] item: Leftovers
|-damage|p2b: Basculegion|27/100 tox|[from] psn
|-damage|p2b: Basculegion|15/100 tox|[from] move: Infestation|[partiallytrapped]
|upkeep
|inactive|figglewiggle has 30 seconds left.
|
|t:|1784692726
|switch|p2a: Hydreigon|Hydreigon, L50, M|100/100
|turn|5
|
|t:|1784692746
|move|p1b: Charizard|Protect|p1b: Charizard
|-singleturn|p1b: Charizard|Protect
|move|p1a: Toxapex|Baneful Bunker|p1a: Toxapex
|-singleturn|p1a: Toxapex|move: Protect
|move|p2a: Hydreigon|Earth Power|p1a: Toxapex
|-activate|p1a: Toxapex|move: Protect
|move|p2b: Basculegion|Wave Crash|p1b: Charizard
|-activate|p1b: Charizard|move: Protect
|
|-weather|SunnyDay|[upkeep]
|-damage|p2b: Basculegion|0 fnt|[from] psn
|faint|p2b: Basculegion
|upkeep
|
|t:|1784692751
|switch|p2b: Sneasler|Sneasler, L50, M|100/100
|turn|6
|inactive|Irongiant9214 has 30 seconds left.
|inactive|Irongiant9214 has 20 seconds left.
|
|t:|1784692787
|move|p2a: Hydreigon|Earth Power|p1a: Toxapex
|-supereffective|p1a: Toxapex|1
|-damage|p1a: Toxapex|43/100
|move|p2b: Sneasler|Poison Jab|p1b: Charizard
|-damage|p1b: Charizard|0 fnt
|faint|p1b: Charizard
|move|p1a: Toxapex|Infestation|p2b: Sneasler
|-resisted|p2b: Sneasler|2
|-damage|p2b: Sneasler|99/100
|-activate|p2b: Sneasler|move: Infestation|[of] p1a: Toxapex
|
|-weather|SunnyDay|[upkeep]
|-heal|p1a: Toxapex|49/100|[from] item: Leftovers
|-damage|p2b: Sneasler|87/100|[from] move: Infestation|[partiallytrapped]
|upkeep
|
|t:|1784692797
|switch|p1b: Garchomp|Garchomp, L50, F, shiny|100/100
|turn|7
|
|t:|1784692814
|move|p2a: Hydreigon|Earth Power|p1b: Garchomp
|-damage|p1b: Garchomp|63/100
|move|p2b: Sneasler|Close Combat|p1b: Garchomp
|-damage|p1b: Garchomp|8/100
|-unboost|p2b: Sneasler|def|1
|-unboost|p2b: Sneasler|spd|1
|-damage|p2b: Sneasler|75/100|[from] ability: Rough Skin|[of] p1b: Garchomp
|-status|p1b: Garchomp|psn|[from] ability: Poison Touch|[of] p2b: Sneasler
|move|p1b: Garchomp|Dragon Claw|p2a: Hydreigon
|-supereffective|p2a: Hydreigon|1
|-damage|p2a: Hydreigon|0 fnt
|faint|p2a: Hydreigon
|move|p1a: Toxapex|Infestation|p2b: Sneasler
|-resisted|p2b: Sneasler|2
|-damage|p2b: Sneasler|74/100
|
|-weather|SunnyDay|[upkeep]
|-heal|p1a: Toxapex|55/100|[from] item: Leftovers
|-damage|p1b: Garchomp|0 fnt|[from] psn
|faint|p1b: Garchomp
|-damage|p2b: Sneasler|62/100|[from] move: Infestation|[partiallytrapped]
|-sideend|p2: figglewiggle|move: Tailwind
|upkeep
|turn|8
|
|t:|1784692837
|move|p1a: Toxapex|Baneful Bunker|p1a: Toxapex
|-singleturn|p1a: Toxapex|move: Protect
|move|p2b: Sneasler|Close Combat|p1a: Toxapex
|-activate|p1a: Toxapex|move: Protect
|
|-weather|none
|-heal|p1a: Toxapex|61/100|[from] item: Leftovers
|-damage|p2b: Sneasler|50/100g|[from] move: Infestation|[partiallytrapped]
|upkeep
|turn|9
|
|t:|1784692849
|move|p2b: Sneasler|Close Combat|p1a: Toxapex
|-resisted|p1a: Toxapex|1
|-damage|p1a: Toxapex|39/100
|-unboost|p2b: Sneasler|def|1
|-unboost|p2b: Sneasler|spd|1
|move|p1a: Toxapex|Toxic|p2b: Sneasler
|-immune|p2b: Sneasler
|
|-heal|p1a: Toxapex|45/100|[from] item: Leftovers
|-damage|p2b: Sneasler|38/100|[from] move: Infestation|[partiallytrapped]
|upkeep
|turn|10
|
|t:|1784692862
|move|p2b: Sneasler|Close Combat|p1a: Toxapex
|-resisted|p1a: Toxapex|1
|-damage|p1a: Toxapex|26/100
|-unboost|p2b: Sneasler|def|1
|-unboost|p2b: Sneasler|spd|1
|move|p1a: Toxapex|Infestation|p2b: Sneasler
|-resisted|p2b: Sneasler|2
|-damage|p2b: Sneasler|36/100
|
|-heal|p1a: Toxapex|32/100|[from] item: Leftovers
|-end|p2b: Sneasler|Infestation|[partiallytrapped]
|upkeep
|turn|11
|
|t:|1784692872
|move|p1a: Toxapex|Baneful Bunker|p1a: Toxapex
|-singleturn|p1a: Toxapex|move: Protect
|move|p2b: Sneasler|Close Combat|p1a: Toxapex
|-activate|p1a: Toxapex|move: Protect
|
|-heal|p1a: Toxapex|38/100|[from] item: Leftovers
|upkeep
|turn|12
|
|t:|1784692884
|move|p2b: Sneasler|Close Combat|p1a: Toxapex
|-resisted|p1a: Toxapex|1
|-damage|p1a: Toxapex|17/100
|-unboost|p2b: Sneasler|def|1
|-unboost|p2b: Sneasler|spd|1
|move|p1a: Toxapex|Infestation|p2b: Sneasler
|-resisted|p2b: Sneasler|2
|-damage|p2b: Sneasler|35/100
|-activate|p2b: Sneasler|move: Infestation|[of] p1a: Toxapex
|
|-heal|p1a: Toxapex|22/100|[from] item: Leftovers
|-damage|p2b: Sneasler|22/100|[from] move: Infestation|[partiallytrapped]
|upkeep
|turn|13
|
|t:|1784692895
|move|p1a: Toxapex|Baneful Bunker|p1a: Toxapex
|-singleturn|p1a: Toxapex|move: Protect
|move|p2b: Sneasler|Close Combat|p1a: Toxapex
|-activate|p1a: Toxapex|move: Protect
|
|-heal|p1a: Toxapex|28/100|[from] item: Leftovers
|-damage|p2b: Sneasler|10/100|[from] move: Infestation|[partiallytrapped]
|upkeep
|turn|14
|
|t:|1784692901
|move|p2b: Sneasler|Poison Jab|p1a: Toxapex
|-resisted|p1a: Toxapex|1
|-damage|p1a: Toxapex|14/100
|move|p1a: Toxapex|Infestation|p2b: Sneasler
|-resisted|p2b: Sneasler|2
|-damage|p2b: Sneasler|9/100
|
|-heal|p1a: Toxapex|19/100|[from] item: Leftovers
|-damage|p2b: Sneasler|0 fnt|[from] move: Infestation|[partiallytrapped]
|faint|p2b: Sneasler
|
|win|Irongiant9214
|raw|Irongiant9214's rating: 1163 → 1187(+24 for winning)
|raw|figglewiggle's rating: 1154 → 1130(-24 for losing)
