|j|☆natsukivgc
|j|☆L7egend
|html|natsukivgcL7egend    
|uhtml|bestof|Game 1 of a best-of-3
|t:|1785683648
|gametype|doubles
|player|p1|natsukivgc|265|1208
|player|p2|L7egend|169|1184
|gen|9
|tier|[Gen 9 Champions] VGC 2026 Reg M-B (Bo3)
|rated|
|rule|Species Clause: Limit one of each Pokémon
|rule|Item Clause: Limit 1 of each item
|clearpoke
|poke|p1|Garchomp, L50, M|
|poke|p1|Charizard, L50, M|
|poke|p1|Kingambit, L50, M|
|poke|p1|Basculegion, L50, M|
|poke|p1|Whimsicott, L50, M|
|poke|p1|Floette-Eternal, L50, F|
|poke|p2|Clefable, L50, M|
|poke|p2|Gholdengo, L50|
|poke|p2|Kommo-o, L50, F|
|poke|p2|Volcarona, L50, M|
|poke|p2|Glimmora, L50, F|
|poke|p2|Hydreigon, L50, F|
|teampreview|4
|showteam|p1|Garchomp||SitrusBerry|RoughSkin|RockSlide,DragonTail,StompingTantrum,PoisonJab|Adamant||M|||50|]Charizard||CharizarditeY|Blaze|HeatWave,SolarBeam,WeatherBall,Protect|Modest||M|||50|]Kingambit||LifeOrb|Defiant|KowtowCleave,IronHead,SuckerPunch,LowKick|Adamant||M|||50|]Basculegion||ChoiceScarf|Adaptability|LastRespects,WaveCrash,FlipTurn,AquaJet|Jolly||M|||50|]Whimsicott||FocusSash|Prankster|Tailwind,Moonblast,Encore,Protect|Timid||M|||50|]Floette-Eternal||Floettite|FlowerVeil|DazzlingGleam,Moonblast,LightofRuin,Protect|Modest||F|||50|
|showteam|p2|Clefable||Clefablite|Unaware|Protect,FollowMe,Thunderbolt,Moonblast|Modest||M|||50|]Gholdengo||SpellTag|GoodasGold|Protect,NastyPlot,ShadowBall,MakeItRain|Modest|||||50|]Kommo-o||LifeOrb|Overcoat|Protect,ClangingScales,VacuumWave,AuraSphere|Modest||F|||50|]Volcarona||FocusSash|FlameBody|Tailwind,RagePowder,StruggleBug,Overheat|Bold||M|||50|]Glimmora||Glimmoranite|ToxicDebris|SpikyShield,PowerGem,SludgeBomb,EarthPower|Modest||F|||50|]Hydreigon||ChoiceScarf|Levitate|Snarl,DarkPulse,DracoMeteor,EarthPower|Modest||F|||50|
|inactive|Battle timer is ON: inactive players will automatically lose when time's up. (requested by L7egend)
|inactive|natsukivgc has 60 seconds left.
|inactive|L7egend has 60 seconds left.
|inactive|natsukivgc has 30 seconds left.
|inactive|natsukivgc has 20 seconds left.
|inactive|natsukivgc has 15 seconds left.
|
|t:|1785683727
|teamsize|p1|4
|teamsize|p2|4
|start
|switch|p1a: Whimsicott|Whimsicott, L50, M|100/100
|switch|p1b: Floette|Floette-Eternal, L50, F|100/100
|switch|p2a: Volcarona|Volcarona, L50, M|100/100
|switch|p2b: Glimmora|Glimmora, L50, F|100/100
|turn|1
|inactive|natsukivgc has 30 seconds left.
|
|t:|1785683759
|switch|p1b: Garchomp|Garchomp, L50, M|100/100
|detailschange|p2b: Glimmora|Glimmora-Mega, L50, F
|-mega|p2b: Glimmora|Glimmora|Glimmoranite
|move|p1a: Whimsicott|Protect|p1a: Whimsicott
|-singleturn|p1a: Whimsicott|Protect
|move|p2b: Glimmora|Sludge Bomb|p1a: Whimsicott
|-activate|p1a: Whimsicott|move: Protect
|move|p2a: Volcarona|Tailwind|p2a: Volcarona
|-sidestart|p2: L7egend|move: Tailwind
|
|upkeep
|turn|2
|inactive|L7egend has 30 seconds left.
|
|t:|1785683793
|switch|p2a: Hydreigon|Hydreigon, L50, F|100/100
|move|p2b: Glimmora|Spiky Shield|p2b: Glimmora
|-singleturn|p2b: Glimmora|move: Protect
|move|p1a: Whimsicott|Encore|p2a: Hydreigon
|-hint|Since gen 7, Dark is immune to Prankster moves.
|-immune|p2a: Hydreigon
|move|p1b: Garchomp|Stomping Tantrum|p2b: Glimmora
|-activate|p2b: Glimmora|move: Protect
|-damage|p1b: Garchomp|87/100|[from] Spiky Shield|[of] p2b: Glimmora
|
|upkeep
|turn|3
|inactive|natsukivgc has 30 seconds left.
|
|t:|1785683823
|move|p1a: Whimsicott|Tailwind|p1a: Whimsicott
|-sidestart|p1: natsukivgc|move: Tailwind
|move|p2a: Hydreigon|Draco Meteor|p1b: Garchomp
|-supereffective|p1b: Garchomp|1
|-damage|p1b: Garchomp|0 fnt
|-unboost|p2a: Hydreigon|spa|2
|faint|p1b: Garchomp
|move|p2b: Glimmora|Sludge Bomb|p1a: Whimsicott
|-supereffective|p1a: Whimsicott|2
|-enditem|p1a: Whimsicott|Focus Sash
|-damage|p1a: Whimsicott|1/100
|-status|p1a: Whimsicott|psn
|
|-damage|p1a: Whimsicott|0 fnt|[from] psn
|faint|p1a: Whimsicott
|upkeep
|
|t:|1785683838
|switch|p1a: Basculegion|Basculegion, L50, M|100/100
|switch|p1b: Floette|Floette-Eternal, L50, F|100/100
|turn|4
|
|t:|1785683852
|switch|p2a: Volcarona|Volcarona, L50, M|100/100
|detailschange|p1b: Floette|Floette-Mega, L50, F
|-mega|p1b: Floette|Floette|Floettite
|-ability|p1b: Floette|Fairy Aura
|move|p2b: Glimmora|Spiky Shield|p2b: Glimmora
|-singleturn|p2b: Glimmora|move: Protect
|move|p1a: Basculegion|Last Respects|p2b: Glimmora
|-activate|p2b: Glimmora|move: Protect
|move|p1b: Floette|Moonblast|p2a: Volcarona
|-resisted|p2a: Volcarona|1
|-damage|p2a: Volcarona|63/100
|
|-sideend|p2: L7egend|move: Tailwind
|upkeep
|turn|5
|
|t:|1785683870
|move|p1b: Floette|Protect|p1b: Floette
|-singleturn|p1b: Floette|Protect
|move|p2a: Volcarona|Rage Powder|p2a: Volcarona
|-singleturn|p2a: Volcarona|move: Rage Powder
|move|p1a: Basculegion|Last Respects|p2a: Volcarona
|-damage|p2a: Volcarona|0 fnt
|faint|p2a: Volcarona
|move|p2b: Glimmora|Sludge Bomb|p1b: Floette
|-activate|p1b: Floette|move: Protect
|
|upkeep
|
|t:|1785683882
|switch|p2a: Hydreigon|Hydreigon, L50, F|100/100
|turn|6
|inactive|natsukivgc has 30 seconds left.
|
|t:|1785683908
|switch|p2a: Gholdengo|Gholdengo, L50|100/100
|move|p2b: Glimmora|Spiky Shield|p2b: Glimmora
|-singleturn|p2b: Glimmora|move: Protect
|move|p1a: Basculegion|Last Respects|p2b: Glimmora
|-activate|p2b: Glimmora|move: Protect
|move|p1b: Floette|Dazzling Gleam|p2b: Glimmora|[spread] p2a
|-activate|p2b: Glimmora|move: Protect
|-resisted|p2a: Gholdengo|1
|-damage|p2a: Gholdengo|73/100
|
|-sideend|p1: natsukivgc|move: Tailwind
|upkeep
|turn|7
|inactive|L7egend has 30 seconds left.
|inactive|L7egend has 20 seconds left.
|
|t:|1785683948
|move|p1b: Floette|Protect|p1b: Floette
|-singleturn|p1b: Floette|Protect
|move|p1a: Basculegion|Last Respects|p2a: Gholdengo
|-supereffective|p2a: Gholdengo|1
|-damage|p2a: Gholdengo|0 fnt
|faint|p2a: Gholdengo
|move|p2b: Glimmora|Power Gem|p1a: Basculegion
|-damage|p1a: Basculegion|16/100
|
|upkeep
|
|t:|1785683956
|switch|p2a: Hydreigon|Hydreigon, L50, F|100/100
|turn|8
|inactive|natsukivgc has 30 seconds left.
|inactive|natsukivgc has 20 seconds left.
|
|t:|1785683992
|move|p2a: Hydreigon|Dark Pulse|p1a: Basculegion
|-supereffective|p1a: Basculegion|1
|-damage|p1a: Basculegion|0 fnt
|faint|p1a: Basculegion
|move|p1b: Floette|Moonblast|p2a: Hydreigon
|-supereffective|p2a: Hydreigon|2
|-damage|p2a: Hydreigon|0 fnt
|faint|p2a: Hydreigon
|move|p2b: Glimmora|Sludge Bomb|p1b: Floette
|-supereffective|p1b: Floette|1
|-damage|p1b: Floette|0 fnt
|faint|p1b: Floette
|
|win|L7egend
