|j|☆KingDom1992
|j|☆SlaymonSays
|html|KingDom1992SlaymonSays    
|uhtml|bestof|Game 3 of a best-of-3
|t:|1757810522
|gametype|doubles
|player|p1|KingDom1992|brock|1228
|player|p2|SlaymonSays|102|1339
|gen|9
|tier|[Gen 9] VGC 2025 Reg H (Bo3)
|rated|
|rule|Species Clause: Limit one of each Pokémon
|rule|Item Clause: Limit 1 of each item
|clearpoke
|poke|p1|Dragonite, L50, F|
|poke|p1|Gholdengo, L50|
|poke|p1|Ursaluna-Bloodmoon, L50, M|
|poke|p1|Annihilape, L50, F|
|poke|p1|Maushold-Four, L50|
|poke|p1|Rillaboom, L50, F|
|poke|p2|Ursaluna-Bloodmoon, L50, M|
|poke|p2|Dragonite, L50, M|
|poke|p2|Gholdengo, L50|
|poke|p2|Rillaboom, L50, F|
|poke|p2|Incineroar, L50, M|
|poke|p2|Ninetales-Alola, L50, F|
|teampreview|4
|showteam|p1|Dragonite||LoadedDice|Multiscale|ScaleShot,Tailwind,Haze,Protect|||F|||50|,,,,,Fairy]Gholdengo||LifeOrb|GoodasGold|MakeItRain,ShadowBall,NastyPlot,Protect||||||50|,,,,,Water]Ursaluna-Bloodmoon||AssaultVest|MindsEye|BloodMoon,EarthPower,HyperVoice,VacuumWave|||M|||50|,,,,,Normal]Annihilape||SitrusBerry|Defiant|DrainPunch,RageFist,BulkUp,Protect|||F|||50|,,,,,Fire]Maushold-Four||SafetyGoggles|FriendGuard|SuperFang,BeatUp,FollowMe,Protect||||||50|,,,,,Ghost]Rillaboom||MiracleSeed|GrassySurge|WoodHammer,GrassyGlide,HighHorsepower,FakeOut|||F|||50|,,,,,Fire
|showteam|p2|Ursaluna-Bloodmoon||ChoiceSpecs|MindsEye|BloodMoon,HyperVoice,EarthPower,VacuumWave|||M|||50|,,,,,Normal]Dragonite||LoadedDice|InnerFocus|ScaleShot,Haze,Tailwind,Protect|||M|||50|,,,,,Fairy]Gholdengo||Leftovers|GoodasGold|MakeItRain,ShadowBall,NastyPlot,Protect||||||50|,,,,,Water]Rillaboom||AssaultVest|GrassySurge|FakeOut,GrassyGlide,WoodHammer,HighHorsepower|||F|||50|,,,,,Fire]Incineroar||SafetyGoggles|Intimidate|FakeOut,FlareBlitz,KnockOff,PartingShot|||M|||50|,,,,,Ghost]Ninetales-Alola||CovertCloak|SnowWarning|Blizzard,Disable,Encore,AuroraVeil|||F|||50|,,,,,Fire
|
|t:|1757810547
|teamsize|p1|4
|teamsize|p2|4
|start
|switch|p1a: Maushold|Maushold-Four, L50|100/100
|switch|p1b: Gholdengo|Gholdengo, L50|100/100
|switch|p2a: Dragonite|Dragonite, L50, M|100/100
|switch|p2b: Ninetales|Ninetales-Alola, L50, F|100/100
|-weather|Snowscape|[from] ability: Snow Warning|[of] p2b: Ninetales
|turn|1
|
|t:|1757810561
|switch|p2b: Incineroar|Incineroar, L50, M|100/100
|-ability|p2b: Incineroar|Intimidate|boost
|-unboost|p1a: Maushold|atk|1
|-unboost|p1b: Gholdengo|atk|1
|move|p1a: Maushold|Protect|p1a: Maushold
|-singleturn|p1a: Maushold|Protect
|move|p1b: Gholdengo|Nasty Plot|p1b: Gholdengo
|-boost|p1b: Gholdengo|spa|2
|move|p2a: Dragonite|Scale Shot|p1a: Maushold
|-activate|p1a: Maushold|move: Protect
|
|-weather|Snowscape|[upkeep]
|upkeep
|turn|2
|
|t:|1757810594
|switch|p1a: Annihilape|Annihilape, L50, F|100/100
|-terastallize|p2b: Incineroar|Ghost
|move|p2a: Dragonite|Protect|p2a: Dragonite
|-singleturn|p2a: Dragonite|Protect
|move|p1b: Gholdengo|Shadow Ball|p2a: Dragonite
|-activate|p2a: Dragonite|move: Protect
|move|p2b: Incineroar|Flare Blitz|p1b: Gholdengo
|-supereffective|p1b: Gholdengo
|-damage|p1b: Gholdengo|0 fnt
|faint|p1b: Gholdengo
|-damage|p2b: Incineroar|72/100|[from] Recoil
|
|-weather|Snowscape|[upkeep]
|upkeep
|
|t:|1757810606
|switch|p1b: Maushold|Maushold-Four, L50|100/100
|turn|3
|
|t:|1757810639
|-terastallize|p1a: Annihilape|Fire
|move|p1b: Maushold|Beat Up|p1a: Annihilape
|-damage|p1a: Annihilape|99/100
|-damage|p1a: Annihilape|97/100
|-damage|p1a: Annihilape|95/100
|-hitcount|p1a: Annihilape|3
|move|p1a: Annihilape|Rage Fist|p2a: Dragonite
|-damage|p2a: Dragonite|6/100
|move|p2a: Dragonite|Tailwind|p2a: Dragonite
|-sidestart|p2: SlaymonSays|move: Tailwind
|move|p2b: Incineroar|Knock Off|p1b: Maushold
|-damage|p1b: Maushold|52/100
|-enditem|p1b: Maushold|Safety Goggles|[from] move: Knock Off|[of] p2b: Incineroar
|
|-weather|Snowscape|[upkeep]
|upkeep
|turn|4
|
|t:|1757810671
|move|p1b: Maushold|Protect|p1b: Maushold
|-singleturn|p1b: Maushold|Protect
|move|p2a: Dragonite|Scale Shot|p1a: Annihilape
|-damage|p1a: Annihilape|84/100
|-damage|p1a: Annihilape|73/100
|-damage|p1a: Annihilape|61/100
|-damage|p1a: Annihilape|49/100
|-enditem|p1a: Annihilape|Sitrus Berry|[eat]
|-heal|p1a: Annihilape|74/100|[from] item: Sitrus Berry
|-hitcount|p1a: Annihilape|4
|-unboost|p2a: Dragonite|def|1
|-boost|p2a: Dragonite|spe|1
|move|p2b: Incineroar|Knock Off|p1a: Annihilape
|-damage|p1a: Annihilape|52/100
|move|p1a: Annihilape|Rage Fist|p2b: Incineroar
|-supereffective|p2b: Incineroar
|-damage|p2b: Incineroar|0 fnt
|faint|p2b: Incineroar
|
|-weather|Snowscape|[upkeep]
|upkeep
|
|t:|1757810693
|switch|p2b: Gholdengo|Gholdengo, L50|100/100
|turn|5
|
|t:|1757810717
|switch|p1b: Ursaluna|Ursaluna-Bloodmoon, L50, M|100/100
|move|p1a: Annihilape|Protect|p1a: Annihilape
|-singleturn|p1a: Annihilape|Protect
|move|p2a: Dragonite|Scale Shot|p1a: Annihilape
|-activate|p1a: Annihilape|move: Protect
|move|p2b: Gholdengo|Shadow Ball|p1a: Annihilape
|-activate|p1a: Annihilape|move: Protect
|
|-weather|none
|upkeep
|turn|6
|
|t:|1757810740
|switch|p1a: Maushold|Maushold-Four, L50|52/100
|move|p1b: Ursaluna|Vacuum Wave|p2a: Dragonite
|-resisted|p2a: Dragonite
|-damage|p2a: Dragonite|0 fnt
|faint|p2a: Dragonite
|move|p2b: Gholdengo|Shadow Ball|p1a: Maushold
|-immune|p1a: Maushold
|
|-sideend|p2: SlaymonSays|move: Tailwind
|upkeep
|
|t:|1757810745
|switch|p2a: Ninetales|Ninetales-Alola, L50, F|100/100
|-weather|Snowscape|[from] ability: Snow Warning|[of] p2a: Ninetales
|turn|7
|
|t:|1757810774
|move|p1a: Maushold|Follow Me|p1a: Maushold
|-singleturn|p1a: Maushold|move: Follow Me
|move|p2a: Ninetales|Aurora Veil|p2a: Ninetales
|-sidestart|p2: SlaymonSays|move: Aurora Veil
|move|p2b: Gholdengo|Nasty Plot|p2b: Gholdengo
|-boost|p2b: Gholdengo|spa|2
|move|p1b: Ursaluna|Blood Moon|p2a: Ninetales
|-damage|p2a: Ninetales|39/100
|
|-weather|Snowscape|[upkeep]
|upkeep
|turn|8
|
|t:|1757810790
|move|p1a: Maushold|Protect|p1a: Maushold
|-singleturn|p1a: Maushold|Protect
|move|p2a: Ninetales|Blizzard|p1b: Ursaluna|[spread] p1b
|-activate|p1a: Maushold|move: Protect
|-supereffective|p1b: Ursaluna
|-damage|p1b: Ursaluna|66/100
|move|p2b: Gholdengo|Make It Rain|p1b: Ursaluna|[spread] p1b
|-activate|p1a: Maushold|move: Protect
|-damage|p1b: Ursaluna|15/100
|-unboost|p2b: Gholdengo|spa|1
|move|p1b: Ursaluna|Earth Power|p2b: Gholdengo
|-supereffective|p2b: Gholdengo
|-damage|p2b: Gholdengo|30/100
|
|-weather|Snowscape|[upkeep]
|-heal|p2b: Gholdengo|36/100|[from] item: Leftovers
|upkeep
|turn|9
|
|t:|1757810832
|move|p1a: Maushold|Protect|p1a: Maushold
|-singleturn|p1a: Maushold|Protect
|move|p1b: Ursaluna|Vacuum Wave|p2b: Gholdengo
|-supereffective|p2b: Gholdengo
|-crit|p2b: Gholdengo
|-damage|p2b: Gholdengo|0 fnt
|faint|p2b: Gholdengo
|move|p2a: Ninetales|Blizzard|p1b: Ursaluna|[spread] p1b
|-activate|p1a: Maushold|move: Protect
|-supereffective|p1b: Ursaluna
|-damage|p1b: Ursaluna|0 fnt
|faint|p1b: Ursaluna
|
|-weather|Snowscape|[upkeep]
|upkeep
|
|t:|1757810844
|switch|p1b: Annihilape|Annihilape, L50, F, tera:Fire|52/100
|turn|10
|
|t:|1757810870
|move|p2a: Ninetales|Blizzard|p1a: Maushold|[spread] p1a,p1b
|-resisted|p1b: Annihilape
|-damage|p1a: Maushold|12/100
|-damage|p1b: Annihilape|42/100
|move|p1a: Maushold|Super Fang|p2a: Ninetales
|-damage|p2a: Ninetales|20/100
|move|p1b: Annihilape|Rage Fist|p2a: Ninetales
|-damage|p2a: Ninetales|0 fnt
|faint|p2a: Ninetales
|
|win|KingDom1992
|raw|KingDom1992's rating: 1228 → 1261(+33 for winning)
|raw|SlaymonSays's rating: 1339 → 1313(-26 for losing)
|l|☆SlaymonSays
|player|p2|
