|j|☆Viridian Q
|j|☆JaviChicaino
|html|Viridian QJaviChicaino    
|uhtml|bestof|Game 1 of a best-of-3
|t:|1756226307
|gametype|doubles
|player|p1|Viridian Q|102|1079
|player|p2|JaviChicaino|drayden|1139
|gen|9
|tier|[Gen 9] VGC 2025 Reg H (Bo3)
|rated|
|rule|Species Clause: Limit one of each Pokémon
|rule|Item Clause: Limit 1 of each item
|clearpoke
|poke|p1|Farigiraf, L50, F|
|poke|p1|Ursaluna-Bloodmoon, L50, M|
|poke|p1|Incineroar, L50, M|
|poke|p1|Archaludon, L50, F|
|poke|p1|Ninetales-Alola, L50, F|
|poke|p1|Annihilape, L50, M|
|poke|p2|Electabuzz, L50, M|
|poke|p2|Kingambit, L50, M|
|poke|p2|Rillaboom, L50, M|
|poke|p2|Sneasler, L50, M|
|poke|p2|Volcarona, L50, M|
|poke|p2|Dragonite, L50, F|
|teampreview|4
|showteam|p1|Farigiraf||ThroatSpray|ArmorTail|HyperVoice,Psychic,TrickRoom,Protect|||F|||50|,,,,,Fairy]Ursaluna-Bloodmoon||AssaultVest|MindsEye|EarthPower,BloodMoon,HyperVoice,VacuumWave|||M|||50|,,,,,Ghost]Incineroar||SafetyGoggles|Intimidate|FlareBlitz,KnockOff,PartingShot,FakeOut|||M|||50|,,,,,Ghost]Archaludon||PowerHerb|Stalwart|FlashCannon,DragonPulse,ElectroShot,Protect|||F|||50|,,,,,Stellar]Ninetales-Alola||CovertCloak|SnowWarning|Blizzard,AuroraVeil,Encore,Protect|||F|||50|,,,,,Water]Annihilape||ChoiceScarf|Defiant|CloseCombat,FinalGambit,RageFist,Uturn|||M|||50|,,,,,Grass
|showteam|p2|Electabuzz||Eviolite|VitalSpirit|FollowMe,Taunt,Thunderbolt,Protect|||M|||50|,,,,,Ghost]Kingambit||BlackGlasses|Defiant|KowtowCleave,SuckerPunch,SwordsDance,Protect|||M|||50|,,,,,Dark]Rillaboom||AssaultVest|GrassySurge|FakeOut,WoodHammer,GrassyGlide,HighHorsepower|||M|||50|,,,,,Fire]Sneasler||FocusSash|PoisonTouch|DireClaw,CloseCombat,FakeOut,Coaching|||M|||50|,,,,,Stellar]Volcarona||Leftovers|FlameBody|HeatWave,TeraBlast,QuiverDance,Protect|||M|||50|,,,,,Fairy]Dragonite||LoadedDice|Multiscale|ScaleShot,ExtremeSpeed,Haze,Protect|||F|||50|,,,,,Fairy
|
|t:|1756226332
|teamsize|p1|4
|teamsize|p2|4
|start
|switch|p1a: Annihilape|Annihilape, L50, M|100/100
|switch|p1b: Archaludon|Archaludon, L50, F|100/100
|switch|p2a: Electabuzz|Electabuzz, L50, M|100/100
|switch|p2b: Sneasler|Sneasler, L50, M, shiny|100/100
|turn|1
|
|t:|1756226369
|move|p2a: Electabuzz|Protect|p2a: Electabuzz
|-singleturn|p2a: Electabuzz|Protect
|move|p1a: Annihilape|Rage Fist|p2a: Electabuzz
|-activate|p2a: Electabuzz|move: Protect
|move|p2b: Sneasler|Close Combat|p1b: Archaludon
|-supereffective|p1b: Archaludon
|-damage|p1b: Archaludon|0 fnt
|-unboost|p2b: Sneasler|def|1
|-unboost|p2b: Sneasler|spd|1
|faint|p1b: Archaludon
|
|upkeep
|
|t:|1756226381
|switch|p1b: Incineroar|Incineroar, L50, M|100/100
|-ability|p1b: Incineroar|Intimidate|boost
|-unboost|p2a: Electabuzz|atk|1
|-unboost|p2b: Sneasler|atk|1
|turn|2
|
|t:|1756226397
|switch|p2b: Volcarona|Volcarona, L50, M|100/100
|move|p1b: Incineroar|Fake Out|p2a: Electabuzz
|-damage|p2a: Electabuzz|92/100
|move|p1a: Annihilape|Rage Fist|p2a: Electabuzz
|-damage|p2a: Electabuzz|78/100
|cant|p2a: Electabuzz|flinch
|
|upkeep
|turn|3
|
|t:|1756226412
|move|p1a: Annihilape|Rage Fist|p2b: Volcarona
|-damage|p2b: Volcarona|79/100
|move|p2b: Volcarona|Quiver Dance|p2b: Volcarona
|-boost|p2b: Volcarona|spa|1
|-boost|p2b: Volcarona|spd|1
|-boost|p2b: Volcarona|spe|1
|move|p2a: Electabuzz|Thunderbolt|p1b: Incineroar
|-damage|p1b: Incineroar|72/100
|move|p1b: Incineroar|Flare Blitz|p2b: Volcarona
|-damage|p2b: Volcarona|22/100
|-damage|p1b: Incineroar|54/100|[from] Recoil
|
|-heal|p2b: Volcarona|28/100|[from] item: Leftovers
|upkeep
|turn|4
|
|t:|1756226431
|move|p2a: Electabuzz|Follow Me|p2a: Electabuzz
|-singleturn|p2a: Electabuzz|move: Follow Me
|move|p1a: Annihilape|Rage Fist|p2a: Electabuzz
|-damage|p2a: Electabuzz|62/100
|move|p2b: Volcarona|Heat Wave|p1a: Annihilape|[spread] p1a,p1b
|-resisted|p1b: Incineroar
|-damage|p1a: Annihilape|59/100
|-damage|p1b: Incineroar|31/100
|-status|p1a: Annihilape|brn
|move|p1b: Incineroar|Parting Shot|p2a: Electabuzz
|-unboost|p2a: Electabuzz|atk|1
|-unboost|p2a: Electabuzz|spa|1
|
|t:|1756226440
|switch|p1b: Farigiraf|Farigiraf, L50, F|100/100|[from] Parting Shot
|
|-heal|p2b: Volcarona|34/100|[from] item: Leftovers
|-damage|p1a: Annihilape|53/100 brn|[from] brn
|upkeep
|turn|5
|
|t:|1756226451
|move|p1a: Annihilape|Rage Fist|p2b: Volcarona
|-damage|p2b: Volcarona|13/100
|move|p2b: Volcarona|Quiver Dance|p2b: Volcarona
|-boost|p2b: Volcarona|spa|1
|-boost|p2b: Volcarona|spd|1
|-boost|p2b: Volcarona|spe|1
|move|p2a: Electabuzz|Taunt|p1b: Farigiraf
|-start|p1b: Farigiraf|move: Taunt
|move|p1b: Farigiraf|Hyper Voice|p2b: Volcarona|[spread] p2a,p2b
|-damage|p2a: Electabuzz|39/100
|-damage|p2b: Volcarona|0 fnt
|faint|p2b: Volcarona
|-enditem|p1b: Farigiraf|Throat Spray
|-boost|p1b: Farigiraf|spa|1|[from] item: Throat Spray
|
|-damage|p1a: Annihilape|47/100 brn|[from] brn
|upkeep
|
|t:|1756226470
|switch|p2b: Kingambit|Kingambit, L50, M|100/100
|turn|6
|
|t:|1756226481
|-terastallize|p1b: Farigiraf|Fairy
|move|p1a: Annihilape|Rage Fist|p2a: Electabuzz
|-damage|p2a: Electabuzz|23/100
|move|p2a: Electabuzz|Thunderbolt|p1b: Farigiraf
|-damage|p1b: Farigiraf|83/100
|move|p1b: Farigiraf|Hyper Voice|p2b: Kingambit|[spread] p2a,p2b
|-resisted|p2b: Kingambit
|-damage|p2a: Electabuzz|0 fnt
|-damage|p2b: Kingambit|76/100
|faint|p2a: Electabuzz
|move|p2b: Kingambit|Swords Dance|p2b: Kingambit
|-boost|p2b: Kingambit|atk|2
|
|-damage|p1a: Annihilape|41/100 brn|[from] brn
|upkeep
|
|t:|1756226492
|switch|p2a: Sneasler|Sneasler, L50, M, shiny|100/100
|turn|7
|
|t:|1756226504
|move|p2b: Kingambit|Sucker Punch||[still]
|cant|p1b: Farigiraf|ability: Armor Tail|Sucker Punch|[of] p2b: Kingambit
|move|p1a: Annihilape|Rage Fist|p2a: Sneasler
|-damage|p2a: Sneasler|69/100
|move|p2a: Sneasler|Dire Claw|p1b: Farigiraf
|-supereffective|p1b: Farigiraf
|-damage|p1b: Farigiraf|0 fnt
|faint|p1b: Farigiraf
|
|-damage|p1a: Annihilape|35/100 brn|[from] brn
|upkeep
|
|t:|1756226513
|switch|p1b: Incineroar|Incineroar, L50, M|31/100
|-ability|p1b: Incineroar|Intimidate|boost
|-unboost|p2a: Sneasler|atk|1
|-unboost|p2b: Kingambit|atk|1
|-ability|p2b: Kingambit|Defiant|boost
|-boost|p2b: Kingambit|atk|2
|turn|8
|
|t:|1756226521
|move|p1b: Incineroar|Fake Out|p2b: Kingambit
|-resisted|p2b: Kingambit
|-damage|p2b: Kingambit|73/100
|move|p1a: Annihilape|Rage Fist|p2a: Sneasler
|-damage|p2a: Sneasler|37/100
|move|p2a: Sneasler|Coaching|p2b: Kingambit
|-boost|p2b: Kingambit|atk|1
|-boost|p2b: Kingambit|def|1
|cant|p2b: Kingambit|flinch
|
|-damage|p1a: Annihilape|29/100 brn|[from] brn
|upkeep
|turn|9
|
|t:|1756226539
|move|p2b: Kingambit|Sucker Punch|p1b: Incineroar
|-resisted|p1b: Incineroar
|-damage|p1b: Incineroar|0 fnt
|faint|p1b: Incineroar
|move|p1a: Annihilape|Rage Fist|p2a: Sneasler
|-damage|p2a: Sneasler|5/100
|move|p2a: Sneasler|Dire Claw|p1a: Annihilape
|-resisted|p1a: Annihilape
|-damage|p1a: Annihilape|15/100 brn
|
|-damage|p1a: Annihilape|9/100 brn|[from] brn
|upkeep
|turn|10
|
|t:|1756226546
|move|p2b: Kingambit|Sucker Punch|p1a: Annihilape
|-damage|p1a: Annihilape|0 fnt
|faint|p1a: Annihilape
|
|win|JaviChicaino
||JaviChicaino is ready for game 2.
||Viridian Q is ready for game 2.
|uhtml|next|Next: Game 2 of 3
|l|☆JaviChicaino
|player|p2|
|l|☆Viridian Q
|player|p1|
|j|☆Viridian Q
|player|p1|Viridian Q|102|
