|j|☆KodeBeast0526
|j|‽redpkmntrainer14
|html|KodeBeast0526redpkmntrainer14    
|uhtml|bestof|Game 1 of a best-of-3
|t:|1784814206
|gametype|doubles
|player|p1|KodeBeast0526|hiker|1195
|player|p2|redpkmntrainer14|guitarist|1060
|gen|9
|tier|[Gen 9 Champions] VGC 2026 Reg M-B (Bo3)
|rated|
|rule|Species Clause: Limit one of each Pokémon
|rule|Item Clause: Limit 1 of each item
|clearpoke
|poke|p1|Tyranitar, L50, F|
|poke|p1|Excadrill, L50, M|
|poke|p1|Milotic, L50, F|
|poke|p1|Sinistcha, L50|
|poke|p1|Staraptor, L50, F|
|poke|p1|Gholdengo, L50|
|poke|p2|Charizard, L50, F|
|poke|p2|Sinistcha, L50|
|poke|p2|Sneasler, L50, F|
|poke|p2|Kingambit, L50, F|
|poke|p2|Scizor, L50, F, shiny|
|poke|p2|Glimmora, L50, F|
|teampreview|4
|showteam|p1|Tyranitar||Tyranitarite|SandStream|KnockOff,RockSlide,HighHorsepower,Protect|Jolly||F|||50|]Excadrill||FocusSash|SandRush|Earthquake,IronHead,RockSlide,Protect|Adamant||M|||50|]Milotic||SitrusBerry|Competitive|Scald,IcyWind,Haze,Protect|Calm||F|||50|]Sinistcha||ColburBerry|Hospitality|MatchaGotcha,ShadowBall,Protect,RagePowder|Bold|||||50|]Staraptor||Staraptite|Intimidate|CloseCombat,BraveBird,Tailwind,Protect|Jolly||F|||50|]Gholdengo||LifeOrb|GoodasGold|MakeItRain,ShadowBall,NastyPlot,Protect|Modest|||||50|
|showteam|p2|Charizard||CharizarditeX|Blaze|BellyDrum,BreakingSwipe,FlareBlitz,Protect|Jolly||F|||50|]Sinistcha||SitrusBerry|Hospitality|RagePowder,MatchaGotcha,LifeDew,StrengthSap|Modest|||||50|]Sneasler||FocusSash|PoisonTouch|DireClaw,Uturn,CloseCombat,FakeOut|Adamant||F|||50|]Kingambit||LifeOrb|SupremeOverlord|Protect,KowtowCleave,IronHead,SuckerPunch|Adamant||F|||50|]Scizor||Scizorite|Technician|BulletPunch,CloseCombat,SwordsDance,BugBite|Adamant||F|||50|]Glimmora||ShucaBerry|ToxicDebris|DazzlingGleam,EarthPower,PowerGem,SludgeBomb|Modest||F|||50|
|
|t:|1784814249
|teamsize|p1|4
|teamsize|p2|4
|start
|switch|p1a: Staraptor|Staraptor, L50, F|100/100
|switch|p1b: Gholdengo|Gholdengo, L50|100/100
|switch|p2a: Sneasler|Sneasler, L50, F|100/100
|switch|p2b: Charizard|Charizard, L50, F|100/100
|-ability|p1a: Staraptor|Intimidate|boost
|-unboost|p2a: Sneasler|atk|1
|-unboost|p2b: Charizard|atk|1
|turn|1
|
|t:|1784814277
|switch|p1b: Milotic|Milotic, L50, F|100/100
|detailschange|p2b: Charizard|Charizard-Mega-X, L50, F
|-mega|p2b: Charizard|Charizard|Charizardite X
|move|p1a: Staraptor|Protect|p1a: Staraptor
|-singleturn|p1a: Staraptor|Protect
|move|p2a: Sneasler|Fake Out|p1a: Staraptor
|-activate|p1a: Staraptor|move: Protect
|move|p2b: Charizard|Flare Blitz|p1b: Milotic
|-resisted|p1b: Milotic|1
|-damage|p1b: Milotic|72/100
|-damage|p2b: Charizard|88/100|[from] Recoil
|
|upkeep
|turn|2
|
|t:|1784814301
|detailschange|p1a: Staraptor|Staraptor-Mega, L50, F
|-mega|p1a: Staraptor|Staraptor|Staraptite
|move|p1a: Staraptor|Close Combat|p2b: Charizard
|-damage|p2b: Charizard|35/100
|-boost|p1a: Staraptor|def|1
|-boost|p1a: Staraptor|spd|1
|move|p2a: Sneasler|Dire Claw|p1b: Milotic
|-damage|p1b: Milotic|45/100
|-status|p1b: Milotic|par
|-enditem|p1b: Milotic|Sitrus Berry|[eat]
|-heal|p1b: Milotic|70/100 par|[from] item: Sitrus Berry
|move|p2b: Charizard|Belly Drum||[still]
|-fail|p2b: Charizard
|move|p1b: Milotic|Icy Wind|p2a: Sneasler|[spread] p2a,p2b
|-damage|p2a: Sneasler|86/100
|-damage|p2b: Charizard|21/100
|-unboost|p2a: Sneasler|spe|1
|-unboost|p2b: Charizard|spe|1
|
|upkeep
|turn|3
|
|t:|1784814325
|switch|p2a: Sinistcha|Sinistcha, L50|100/100
|-heal|p2b: Charizard|46/100|[from] ability: Hospitality|[of] p2a: Sinistcha
|move|p2b: Charizard|Protect|p2b: Charizard
|-singleturn|p2b: Charizard|Protect
|move|p1a: Staraptor|Brave Bird|p2a: Sinistcha
|-supereffective|p2a: Sinistcha|1
|-damage|p2a: Sinistcha|0 fnt
|faint|p2a: Sinistcha
|-damage|p1a: Staraptor|74/100|[from] Recoil
|move|p1b: Milotic|Scald|p2b: Charizard
|-activate|p2b: Charizard|move: Protect
|
|upkeep
|
|t:|1784814338
|switch|p2a: Sneasler|Sneasler, L50, F|86/100
|turn|4
|
|t:|1784814346
|move|p1a: Staraptor|Protect|p1a: Staraptor
|-singleturn|p1a: Staraptor|Protect
|move|p2a: Sneasler|Fake Out|p1b: Milotic
|-damage|p1b: Milotic|56/100 par
|move|p2b: Charizard|Flare Blitz|p1a: Staraptor
|-activate|p1a: Staraptor|move: Protect
|cant|p1b: Milotic|flinch
|
|upkeep
|turn|5
|
|t:|1784814359
|move|p1a: Staraptor|Brave Bird|p2a: Sneasler
|-supereffective|p2a: Sneasler|1
|-damage|p2a: Sneasler|0 fnt
|faint|p2a: Sneasler
|-damage|p1a: Staraptor|51/100|[from] Recoil
|move|p2b: Charizard|Flare Blitz|p1a: Staraptor
|-damage|p1a: Staraptor|14/100
|-damage|p2b: Charizard|31/100|[from] Recoil
|move|p1b: Milotic|Scald|p2b: Charizard
|-damage|p2b: Charizard|0 fnt
|faint|p2b: Charizard
|
|upkeep
|
|t:|1784814370
|switch|p2b: Kingambit|Kingambit, L50, F|100/100
|-activate|p2b: Kingambit|ability: Supreme Overlord
|-start|p2b: Kingambit|fallen3|[silent]
|turn|6
|
|t:|1784814376
|switch|p1b: Sinistcha|Sinistcha, L50|100/100
|-heal|p1a: Staraptor|39/100|[from] ability: Hospitality|[of] p1b: Sinistcha
|move|p2b: Kingambit|Sucker Punch|p1a: Staraptor
|-resisted|p1a: Staraptor|1
|-damage|p1a: Staraptor|16/100
|-damage|p2b: Kingambit|90/100|[from] item: Life Orb
|move|p1a: Staraptor|Close Combat|p2b: Kingambit
|-supereffective|p2b: Kingambit|2
|-damage|p2b: Kingambit|0 fnt
|-boost|p1a: Staraptor|def|1
|-boost|p1a: Staraptor|spd|1
|faint|p2b: Kingambit
|-end|p2b: Kingambit|fallen3|[silent]
|
|win|KodeBeast0526
