|j|☆XX_CHEETOBOI_XX
|j|☆EDJPP
|html|XX_CHEETOBOI_XXEDJPP    
|uhtml|bestof|Game 2 of a best-of-3
|t:|1783103085
|gametype|doubles
|player|p1|XX_CHEETOBOI_XX|hilbert|1042
|player|p2|EDJPP|volkner|1063
|gen|9
|tier|[Gen 9 Champions] VGC 2026 Reg M-B (Bo3)
|rated|
|rule|Species Clause: Limit one of each Pokémon
|rule|Item Clause: Limit 1 of each item
|clearpoke
|poke|p1|Metagross, L50, shiny|
|poke|p1|Jolteon, L50, F|
|poke|p1|Ninetales-Alola, L50, F|
|poke|p1|Vivillon, L50, F|
|poke|p1|Blastoise, L50, M|
|poke|p1|Infernape, L50, M|
|poke|p2|Charizard, L50, F|
|poke|p2|Venusaur, L50, M|
|poke|p2|Basculegion, L50, M|
|poke|p2|Farigiraf, L50, M|
|poke|p2|Typhlosion-Hisui, L50, F|
|poke|p2|Sneasler, L50, F|
|teampreview|4
|showteam|p1|Metagross||Metagrossite|ClearBody|MeteorMash,PsychicFangs,BulletPunch,Protect|Adamant|||||50|]Jolteon||Magnet|VoltAbsorb|Electroweb,VoltSwitch,Thunderbolt,Protect|Timid||F|||50|]Ninetales-Alola||LightClay|SnowWarning|AuroraVeil,Blizzard,WeatherBall,DrainingKiss|Timid||F|||50|]Vivillon||MentalHerb|FriendGuard|Tailwind,PollenPuff,RagePowder,Protect|Timid||F|||50|]Blastoise||Blastoisinite|Torrent|WaterSpout,ShellSmash,AuraSphere,Protect|Modest||M|||50|]Infernape||FocusSash|Blaze|UpperHand,FakeOut,FlareBlitz,CloseCombat|Jolly||M|||50|
|showteam|p2|Charizard||CharizarditeY|SolarPower|HeatWave,SolarBeam,WeatherBall,Protect|Modest||F|||50|]Venusaur||Venusaurite|Chlorophyll|GigaDrain,SludgeBomb,EarthPower,SleepPowder|Modest||M|||50|]Basculegion||MysticWater|Adaptability|WaveCrash,AquaJet,LastRespects,Protect|Adamant||M|||50|]Farigiraf||FocusSash|ArmorTail|Roar,Psychic,Thunderbolt,Protect|Quiet||M|||50|]Typhlosion-Hisui||ChoiceScarf|Blaze|Eruption,HeatWave,Overheat,InfernalParade|Timid||F|||50|]Sneasler||WhiteHerb|Unburden|FakeOut,Protect,DireClaw,CloseCombat|Jolly||F|||50|
|inactive|Battle timer is ON: inactive players will automatically lose when time's up. (requested by EDJPP)
|inactive|XX_CHEETOBOI_XX has 60 seconds left.
|inactive|XX_CHEETOBOI_XX has 30 seconds left.
|
|t:|1783103152
|teamsize|p1|4
|teamsize|p2|4
|start
|switch|p1a: Jolteon|Jolteon, L50, F|100/100
|switch|p1b: Vivillon|Vivillon, L50, F|100/100
|switch|p2a: Sneasler|Sneasler, L50, F|100/100
|switch|p2b: Typhlosion|Typhlosion-Hisui, L50, F|100/100
|turn|1
|inactive|EDJPP has 30 seconds left.
|inactive|EDJPP has 20 seconds left.
|inactive|EDJPP has 15 seconds left.
|inactive|EDJPP has 10 seconds left.
|inactive|EDJPP has 5 seconds left.
|
|t:|1783103207
|move|p1a: Jolteon|Protect|p1a: Jolteon
|-singleturn|p1a: Jolteon|Protect
|move|p1b: Vivillon|Protect|p1b: Vivillon
|-singleturn|p1b: Vivillon|Protect
|move|p2a: Sneasler|Fake Out|p1a: Jolteon
|-activate|p1a: Jolteon|move: Protect
|move|p2b: Typhlosion|Eruption|p1b: Vivillon|[spread] 
|-activate|p1a: Jolteon|move: Protect
|-activate|p1b: Vivillon|move: Protect
|
|upkeep
|turn|2
|inactive|EDJPP has 30 seconds left.
|inactive|EDJPP has 20 seconds left.
|inactive|EDJPP has 15 seconds left.
|inactive|EDJPP has 10 seconds left.
|inactive|EDJPP has 5 seconds left.
|
|t:|1783103262
|move|p2a: Sneasler|Protect|p2a: Sneasler
|-singleturn|p2a: Sneasler|Protect
|move|p2b: Typhlosion|Eruption|p1a: Jolteon|[spread] p1a,p1b
|-supereffective|p1b: Vivillon|1
|-damage|p1a: Jolteon|41/100
|-damage|p1b: Vivillon|0 fnt
|faint|p1b: Vivillon
|move|p1a: Jolteon|Electroweb|p2b: Typhlosion|[spread] p2b
|-activate|p2a: Sneasler|move: Protect
|-damage|p2b: Typhlosion|71/100
|-unboost|p2b: Typhlosion|spe|1
|
|upkeep
|
|t:|1783103283
|switch|p1b: Metagross|Metagross, L50, shiny|100/100
|turn|3
|inactive|EDJPP has 30 seconds left.
|inactive|EDJPP has 20 seconds left.
|inactive|EDJPP has 15 seconds left.
|inactive|EDJPP has 10 seconds left.
|inactive|EDJPP has 5 seconds left.
|
|t:|1783103338
|move|p2a: Sneasler|Protect||[still]
|-fail|p2a: Sneasler
|move|p1b: Metagross|Protect|p1b: Metagross
|-singleturn|p1b: Metagross|Protect
|move|p1a: Jolteon|Electroweb|p2a: Sneasler|[spread] p2b
|-miss|p1a: Jolteon|p2a: Sneasler
|-damage|p2b: Typhlosion|41/100
|-unboost|p2b: Typhlosion|spe|1
|move|p2b: Typhlosion|Eruption|p1b: Metagross|[spread] p1a
|-activate|p1b: Metagross|move: Protect
|-damage|p1a: Jolteon|10/100
|
|upkeep
|turn|4
|inactive|EDJPP has 30 seconds left.
|inactive|EDJPP has 20 seconds left.
|inactive|EDJPP has 15 seconds left.
|inactive|EDJPP has 10 seconds left.
|inactive|EDJPP has 5 seconds left.
|
|t:|1783103393
|detailschange|p1b: Metagross|Metagross-Mega, L50, shiny
|-mega|p1b: Metagross|Metagross|Metagrossite
|move|p2a: Sneasler|Protect|p2a: Sneasler
|-singleturn|p2a: Sneasler|Protect
|move|p1a: Jolteon|Volt Switch|p2a: Sneasler
|-activate|p2a: Sneasler|move: Protect
|move|p1b: Metagross|Psychic Fangs|p2b: Typhlosion
|-damage|p2b: Typhlosion|0 fnt
|faint|p2b: Typhlosion
|
|upkeep
|inactive|EDJPP has 30 seconds left.
|inactive|EDJPP has 20 seconds left.
|inactive|EDJPP has 15 seconds left.
|inactive|EDJPP has 10 seconds left.
|inactive|EDJPP has 5 seconds left.
|
|t:|1783103448
|switch|p2b: Charizard|Charizard, L50, F|100/100
|turn|5
|inactive|EDJPP has 30 seconds left.
|inactive|EDJPP has 20 seconds left.
|
|t:|1783103487
|detailschange|p2b: Charizard|Charizard-Mega-Y, L50, F
|-mega|p2b: Charizard|Charizard|Charizardite Y
|-weather|SunnyDay|[from] ability: Drought|[of] p2b: Charizard
|move|p1b: Metagross|Protect|p1b: Metagross
|-singleturn|p1b: Metagross|Protect
|move|p1a: Jolteon|Volt Switch|p2b: Charizard
|-supereffective|p2b: Charizard|1
|-damage|p2b: Charizard|30/100
|
|t:|1783103494
|switch|p1a: Ninetales|Ninetales-Alola, L50, F|100/100|[from] Volt Switch
|-weather|Snowscape|[from] ability: Snow Warning|[of] p1a: Ninetales
|move|p2a: Sneasler|Close Combat|p1b: Metagross
|-activate|p1b: Metagross|move: Protect
|move|p2b: Charizard|Heat Wave|p1a: Ninetales|[spread] p1a
|-activate|p1b: Metagross|move: Protect
|-supereffective|p1a: Ninetales|1
|-damage|p1a: Ninetales|0 fnt
|faint|p1a: Ninetales
|
|-weather|Snowscape|[upkeep]
|upkeep
|
|t:|1783103506
|switch|p1a: Jolteon|Jolteon, L50, F|10/100
|turn|6
|
|t:|1783103514
|switch|p2b: Venusaur|Venusaur, L50, M|100/100
|move|p2a: Sneasler|Protect|p2a: Sneasler
|-singleturn|p2a: Sneasler|Protect
|move|p1a: Jolteon|Electroweb|p2b: Venusaur|[spread] p2b
|-activate|p2a: Sneasler|move: Protect
|-resisted|p2b: Venusaur|1
|-damage|p2b: Venusaur|90/100
|-unboost|p2b: Venusaur|spe|1
|move|p1b: Metagross|Psychic Fangs|p2a: Sneasler
|-activate|p2a: Sneasler|move: Protect
|
|-weather|Snowscape|[upkeep]
|upkeep
|turn|7
|inactive|XX_CHEETOBOI_XX has 30 seconds left.
|
|t:|1783103542
|move|p1a: Jolteon|Electroweb|p2a: Sneasler|[spread] p2a,p2b
|-resisted|p2b: Venusaur|1
|-damage|p2a: Sneasler|67/100
|-damage|p2b: Venusaur|79/100
|-unboost|p2a: Sneasler|spe|1
|-unboost|p2b: Venusaur|spe|1
|-enditem|p2a: Sneasler|White Herb
|-clearnegativeboost|p2a: Sneasler|[silent]
|move|p2a: Sneasler|Close Combat|p1b: Metagross
|-damage|p1b: Metagross|55/100
|-unboost|p2a: Sneasler|def|1
|-unboost|p2a: Sneasler|spd|1
|move|p1b: Metagross|Psychic Fangs|p2b: Venusaur
|-supereffective|p2b: Venusaur|1
|-damage|p2b: Venusaur|0 fnt
|faint|p2b: Venusaur
|
|-weather|Snowscape|[upkeep]
|upkeep
|inactive|EDJPP has 30 seconds left.
|inactive|EDJPP has 20 seconds left.
|inactive|EDJPP has 15 seconds left.
|inactive|EDJPP has 10 seconds left.
|inactive|EDJPP has 5 seconds left.
|
|t:|1783103598
|switch|p2b: Charizard|Charizard-Mega-Y, L50, F|30/100
|-weather|SunnyDay|[from] ability: Drought|[of] p2b: Charizard
|turn|8
|inactive|EDJPP has 30 seconds left.
|inactive|EDJPP has 20 seconds left.
|inactive|EDJPP has 15 seconds left.
|inactive|EDJPP has 10 seconds left.
|inactive|EDJPP has 5 seconds left.
|c|☆XX_CHEETOBOI_XX|bro are you awake???
|-message|EDJPP lost due to inactivity.
|
|win|XX_CHEETOBOI_XX
|raw|XX_CHEETOBOI_XX's rating: 1042 → 1078(+36 for winning)
|raw|EDJPP's rating: 1063 → 1042(-21 for losing)
