|j|☆uvuvuvwewe
|j|☆Brdz
|html|uvuvuvweweBrdz    
|uhtml|bestof|Game 3 of a best-of-3
|t:|1783750700
|gametype|doubles
|player|p1|uvuvuvwewe|unknown|1125
|player|p2|Brdz|101|1093
|gen|9
|tier|[Gen 9 Champions] VGC 2026 Reg M-B (Bo3)
|rated|
|rule|Species Clause: Limit one of each Pokémon
|rule|Item Clause: Limit 1 of each item
|clearpoke
|poke|p1|Ninetales, L50, F|
|poke|p1|Sinistcha-Masterpiece, L50|
|poke|p1|Garchomp, L50, M|
|poke|p1|Farigiraf, L50, M, shiny|
|poke|p1|Pyroar, L50, M|
|poke|p1|Basculegion, L50, M|
|poke|p2|Excadrill, L50, M|
|poke|p2|Tyranitar, L50, F|
|poke|p2|Houndstone, L50, M|
|poke|p2|Sneasler, L50, M|
|poke|p2|Delphox, L50, F|
|poke|p2|Noivern, L50, M|
|teampreview|4
|showteam|p1|Ninetales||HeatRock|Drought|Encore,SolarBeam,WeatherBall,Protect|Timid||F|||50|]Sinistcha-Masterpiece||FocusSash|Hospitality|RagePowder,MatchaGotcha,Protect,TrickRoom|Modest|||||50|]Garchomp||LifeOrb|RoughSkin|Earthquake,RockSlide,Protect,PoisonJab|Jolly||M|||50|]Farigiraf||Leftovers|ArmorTail|HelpingHand,Psychic,Protect,Roar|Timid||M|||50|]Pyroar||Pyroarite|Rivalry|HeatWave,Overheat,HyperVoice,Protect|Modest||M|||50|]Basculegion||MysticWater|Adaptability|AquaJet,WaveCrash,LastRespects,Protect|Adamant||M|||50|
|showteam|p2|Excadrill||LifeOrb|SandRush|SwordsDance,Earthquake,RockSlide,IronHead|Adamant||M|||50|]Tyranitar||Tyranitarite|SandStream|DragonDance,RockSlide,KnockOff,IcePunch|Adamant||F|||50|]Houndstone||SpellTag|SandRush|AllySwitch,WillOWisp,LastRespects,ShadowSneak|Adamant||M|||50|]Sneasler||FocusSash|Unburden|FakeOut,CloseCombat,PoisonJab,Acrobatics|Adamant||M|||50|]Delphox||Delphoxite|Blaze|WillOWisp,Psyshock,HeatWave,CalmMind|Timid||F|||50|]Noivern||WhiteHerb|Frisk|Tailwind,DracoMeteor,Uturn,Boomburst|Timid||M|||50|
|
|t:|1783750742
|teamsize|p1|4
|teamsize|p2|4
|start
|switch|p1a: Farigiraf|Farigiraf, L50, M, shiny|100/100
|switch|p1b: Garchomp|Garchomp, L50, M|100/100
|switch|p2a: Noivern|Noivern, L50, M|100/100
|switch|p2b: Tyranitar|Tyranitar, L50, F|100/100
|-item|p1a: Farigiraf|Leftovers|[from] ability: Frisk|[of] p2a: Noivern
|-item|p1b: Garchomp|Life Orb|[from] ability: Frisk|[of] p2a: Noivern
|-weather|Sandstorm|[from] ability: Sand Stream|[of] p2b: Tyranitar
|turn|1
|inactive|Battle timer is ON: inactive players will automatically lose when time's up. (requested by Brdz)
|
|t:|1783750765
|detailschange|p2b: Tyranitar|Tyranitar-Mega, L50, F
|-mega|p2b: Tyranitar|Tyranitar|Tyranitarite
|move|p1a: Farigiraf|Helping Hand|p1b: Garchomp
|-singleturn|p1b: Garchomp|Helping Hand|[of] p1a: Farigiraf
|move|p2a: Noivern|Draco Meteor|p1b: Garchomp|[miss]
|-miss|p2a: Noivern|p1b: Garchomp
|move|p1b: Garchomp|Rock Slide|p2b: Tyranitar|[spread] p2a,p2b
|-supereffective|p2a: Noivern|1
|-damage|p2a: Noivern|0 fnt
|-damage|p2b: Tyranitar|75/100
|faint|p2a: Noivern
|-damage|p1b: Garchomp|90/100|[from] item: Life Orb
|move|p2b: Tyranitar|Dragon Dance|p2b: Tyranitar
|-boost|p2b: Tyranitar|atk|1
|-boost|p2b: Tyranitar|spe|1
|
|-weather|Sandstorm|[upkeep]
|-damage|p1a: Farigiraf|93/100|[from] Sandstorm
|-heal|p1a: Farigiraf|100/100|[from] item: Leftovers
|upkeep
|
|t:|1783750788
|switch|p2a: Excadrill|Excadrill, L50, M|100/100
|turn|2
|
|t:|1783750797
|move|p1a: Farigiraf|Helping Hand|p1b: Garchomp
|-singleturn|p1b: Garchomp|Helping Hand|[of] p1a: Farigiraf
|move|p2a: Excadrill|Rock Slide|p1b: Garchomp|[spread] p1a,p1b
|-resisted|p1b: Garchomp|1
|-damage|p1a: Farigiraf|68/100
|-damage|p1b: Garchomp|75/100
|-damage|p2a: Excadrill|90/100|[from] item: Life Orb
|move|p2b: Tyranitar|Ice Punch|p1b: Garchomp
|-supereffective|p1b: Garchomp|2
|-damage|p1b: Garchomp|0 fnt
|-damage|p2b: Tyranitar|62/100|[from] ability: Rough Skin|[of] p1b: Garchomp
|faint|p1b: Garchomp
|
|-weather|Sandstorm|[upkeep]
|-damage|p1a: Farigiraf|62/100|[from] Sandstorm
|-heal|p1a: Farigiraf|68/100|[from] item: Leftovers
|upkeep
|
|t:|1783750813
|switch|p1b: Sinistcha|Sinistcha-Masterpiece, L50|100/100
|-heal|p1a: Farigiraf|93/100|[from] ability: Hospitality|[of] p1b: Sinistcha
|turn|3
|
|t:|1783750828
|move|p1b: Sinistcha|Protect|p1b: Sinistcha
|-singleturn|p1b: Sinistcha|Protect
|move|p2a: Excadrill|Rock Slide|p1b: Sinistcha|[spread] p1a
|-activate|p1b: Sinistcha|move: Protect
|-damage|p1a: Farigiraf|63/100
|-damage|p2a: Excadrill|80/100|[from] item: Life Orb
|move|p2b: Tyranitar|Knock Off|p1b: Sinistcha
|-activate|p1b: Sinistcha|move: Protect
|cant|p1a: Farigiraf|flinch
|
|-weather|Sandstorm|[upkeep]
|-damage|p1a: Farigiraf|57/100|[from] Sandstorm
|-damage|p1b: Sinistcha|93/100|[from] Sandstorm
|-heal|p1a: Farigiraf|63/100|[from] item: Leftovers
|upkeep
|turn|4
|inactive|uvuvuvwewe has 30 seconds left.
|
|t:|1783750857
|move|p1a: Farigiraf|Protect|p1a: Farigiraf
|-singleturn|p1a: Farigiraf|Protect
|move|p2a: Excadrill|Rock Slide|p1a: Farigiraf|[spread] p1b
|-activate|p1a: Farigiraf|move: Protect
|-damage|p1b: Sinistcha|67/100
|-damage|p2a: Excadrill|71/100|[from] item: Life Orb
|move|p2b: Tyranitar|Knock Off|p1b: Sinistcha
|-supereffective|p1b: Sinistcha|1
|-damage|p1b: Sinistcha|0 fnt
|-enditem|p1b: Sinistcha|Focus Sash|[from] move: Knock Off|[of] p2b: Tyranitar
|faint|p1b: Sinistcha
|
|-weather|Sandstorm|[upkeep]
|-damage|p1a: Farigiraf|57/100|[from] Sandstorm
|-heal|p1a: Farigiraf|63/100|[from] item: Leftovers
|upkeep
|
|t:|1783750872
|switch|p1b: Basculegion|Basculegion, L50, M|100/100
|turn|5
|
|t:|1783750879
|move|p1a: Farigiraf|Helping Hand|p1b: Basculegion
|-singleturn|p1b: Basculegion|Helping Hand|[of] p1a: Farigiraf
|move|p1b: Basculegion|Aqua Jet|p2b: Tyranitar
|-supereffective|p2b: Tyranitar|1
|-damage|p2b: Tyranitar|0 fnt
|faint|p2b: Tyranitar
|move|p2a: Excadrill|Rock Slide|p1b: Basculegion|[spread] p1a
|-miss|p2a: Excadrill|p1b: Basculegion
|-damage|p1a: Farigiraf|30/100
|-damage|p2a: Excadrill|61/100|[from] item: Life Orb
|
|-weather|none
|-heal|p1a: Farigiraf|36/100|[from] item: Leftovers
|upkeep
|
|t:|1783750894
|switch|p2b: Houndstone|Houndstone, L50, M|100/100
|turn|6
|
|t:|1783750916
|move|p1a: Farigiraf|Helping Hand|p1b: Basculegion
|-singleturn|p1b: Basculegion|Helping Hand|[of] p1a: Farigiraf
|move|p2b: Houndstone|Shadow Sneak||[still]
|cant|p1a: Farigiraf|ability: Armor Tail|Shadow Sneak|[of] p2b: Houndstone
|move|p2a: Excadrill|Earthquake|p1b: Basculegion|[spread] p2b,p1a,p1b
|-crit|p1a: Farigiraf
|-damage|p2b: Houndstone|30/100
|-damage|p1a: Farigiraf|0 fnt
|-damage|p1b: Basculegion|26/100
|faint|p1a: Farigiraf
|-damage|p2a: Excadrill|51/100|[from] item: Life Orb
|move|p1b: Basculegion|Last Respects|p2b: Houndstone
|-supereffective|p2b: Houndstone|1
|-damage|p2b: Houndstone|0 fnt
|faint|p2b: Houndstone
|
|upkeep
|turn|7
|
|t:|1783750931
|move|p1b: Basculegion|Aqua Jet|p2a: Excadrill
|-supereffective|p2a: Excadrill|1
|-damage|p2a: Excadrill|0 fnt
|faint|p2a: Excadrill
|
|win|uvuvuvwewe
|raw|uvuvuvwewe's rating: 1125 → 1148(+23 for winning)
|raw|Brdz's rating: 1093 → 1071(-22 for losing)
|l|☆Brdz
|player|p2|
|l|☆uvuvuvwewe
|player|p1|
|j|☆uvuvuvwewe
|player|p1|uvuvuvwewe|unknown|
