|j|☆beckybug
|j|☆tang de maracuja
|html|beckybugtang de maracuja    
|uhtml|bestof|Game 3 of a best-of-3
|t:|1784735709
|gametype|doubles
|player|p1|beckybug|briar|1332
|player|p2|tang de maracuja|morty|1287
|gen|9
|tier|[Gen 9 Champions] VGC 2026 Reg M-B (Bo3)
|rated|
|rule|Species Clause: Limit one of each Pokémon
|rule|Item Clause: Limit 1 of each item
|clearpoke
|poke|p1|Charizard, L50, F|
|poke|p1|Venusaur, L50, F|
|poke|p1|Pelipper, L50, M|
|poke|p1|Archaludon, L50, M|
|poke|p1|Grimmsnarl, L50, M|
|poke|p1|Basculegion, L50, M|
|poke|p2|Sinistcha, L50|
|poke|p2|Gholdengo, L50|
|poke|p2|Incineroar, L50, M|
|poke|p2|Staraptor, L50, F|
|poke|p2|Arcanine-Hisui, L50, M|
|poke|p2|Ninetales-Alola, L50, M|
|teampreview|4
|showteam|p1|Charizard||CharizarditeY|Blaze|WeatherBall,HeatWave,SolarBeam,Protect|Modest||F|||50|]Venusaur||FocusSash|Chlorophyll|SludgeBomb,EarthPower,SleepPowder,Protect|Modest||F|||50|]Pelipper||SitrusBerry|Drizzle|WeatherBall,Hurricane,Tailwind,Protect|Modest||M|||50|]Archaludon||Leftovers|Stamina|FlashCannon,DragonPulse,ElectroShot,Protect|Calm||M|||50|]Grimmsnarl||LightClay|Prankster|SpiritBreak,PartingShot,Reflect,LightScreen|Sassy||M|||50|]Basculegion||ChoiceScarf|Adaptability|WaveCrash,LastRespects,AquaJet,FlipTurn|Jolly||M|||50|
|showteam|p2|Sinistcha||ColburBerry|Hospitality|MatchaGotcha,RagePowder,TrickRoom,StrengthSap|Calm|||||50|]Gholdengo||LifeOrb|GoodasGold|Protect,MakeItRain,ShadowBall,NastyPlot|Modest|||||50|]Incineroar||SitrusBerry|Intimidate|PartingShot,FlareBlitz,DarkestLariat,FakeOut|Careful||M|||50|]Staraptor||Staraptite|Intimidate|Protect,CloseCombat,BraveBird,Roost|Jolly||F|||50|]Arcanine-Hisui||FocusSash|RockHead|Protect,HeadSmash,FlareBlitz,ExtremeSpeed|Jolly||M|||50|]Ninetales-Alola||NeverMeltIce|SnowWarning|Protect,Blizzard,FreezeDry,AuroraVeil|Timid||M|||50|
|inactive|Battle timer is ON: inactive players will automatically lose when time's up. (requested by tang de maracuja)
|inactive|tang de maracuja has 60 seconds left.
|inactive|tang de maracuja has 30 seconds left.
|inactive|tang de maracuja has 20 seconds left.
|inactive|tang de maracuja has 15 seconds left.
|inactive|tang de maracuja has 10 seconds left.
|
|t:|1784735794
|teamsize|p1|4
|teamsize|p2|4
|start
|switch|p1a: Charizard|Charizard, L50, F|100/100
|switch|p1b: Venusaur|Venusaur, L50, F|100/100
|switch|p2a: Staraptor|Staraptor, L50, F|100/100
|switch|p2b: Incineroar|Incineroar, L50, M|100/100
|-ability|p2a: Staraptor|Intimidate|boost
|-unboost|p1a: Charizard|atk|1
|-unboost|p1b: Venusaur|atk|1
|-ability|p2b: Incineroar|Intimidate|boost
|-unboost|p1a: Charizard|atk|1
|-unboost|p1b: Venusaur|atk|1
|turn|1
|inactive|tang de maracuja has 30 seconds left.
|inactive|tang de maracuja has 20 seconds left.
|
|t:|1784735830
|detailschange|p2a: Staraptor|Staraptor-Mega, L50, F
|-mega|p2a: Staraptor|Staraptor|Staraptite
|move|p1a: Charizard|Protect|p1a: Charizard
|-singleturn|p1a: Charizard|Protect
|move|p1b: Venusaur|Protect|p1b: Venusaur
|-singleturn|p1b: Venusaur|Protect
|move|p2b: Incineroar|Fake Out|p1b: Venusaur
|-activate|p1b: Venusaur|move: Protect
|move|p2a: Staraptor|Close Combat|p1b: Venusaur
|-activate|p1b: Venusaur|move: Protect
|
|upkeep
|turn|2
|
|t:|1784735852
|detailschange|p1a: Charizard|Charizard-Mega-Y, L50, F
|-mega|p1a: Charizard|Charizard|Charizardite Y
|-weather|SunnyDay|[from] ability: Drought|[of] p1a: Charizard
|move|p1b: Venusaur|Sleep Powder|p2b: Incineroar
|-status|p2b: Incineroar|slp|[from] move: Sleep Powder
|move|p2a: Staraptor|Close Combat|p1b: Venusaur
|-resisted|p1b: Venusaur|1
|-damage|p1b: Venusaur|59/100
|-boost|p2a: Staraptor|def|1
|-boost|p2a: Staraptor|spd|1
|move|p1a: Charizard|Heat Wave|p2b: Incineroar|[spread] p2a,p2b
|-resisted|p2b: Incineroar|1
|-damage|p2a: Staraptor|57/100
|-damage|p2b: Incineroar|73/100 slp
|cant|p2b: Incineroar|slp
|
|-weather|SunnyDay|[upkeep]
|upkeep
|turn|3
|inactive|tang de maracuja has 30 seconds left.
|
|t:|1784735878
|switch|p2b: Ninetales|Ninetales-Alola, L50, M|100/100
|-weather|Snowscape|[from] ability: Snow Warning|[of] p2b: Ninetales
|move|p2a: Staraptor|Close Combat|p1a: Charizard
|-resisted|p1a: Charizard|1
|-damage|p1a: Charizard|68/100
|-boost|p2a: Staraptor|def|1
|-boost|p2a: Staraptor|spd|1
|move|p1a: Charizard|Weather Ball|p2a: Staraptor
|-supereffective|p2a: Staraptor|1
|-damage|p2a: Staraptor|20/100y
|move|p1b: Venusaur|Sleep Powder|p2a: Staraptor
|-status|p2a: Staraptor|slp|[from] move: Sleep Powder
|
|-weather|Snowscape|[upkeep]
|upkeep
|turn|4
|inactive|tang de maracuja has 30 seconds left.
|
|t:|1784735909
|switch|p1b: Archaludon|Archaludon, L50, M|100/100
|cant|p2a: Staraptor|slp
|move|p2b: Ninetales|Aurora Veil|p2b: Ninetales
|-sidestart|p2: tang de maracuja|move: Aurora Veil
|move|p1a: Charizard|Heat Wave|p2a: Staraptor|[spread] p2a,p2b
|-supereffective|p2b: Ninetales|1
|-damage|p2a: Staraptor|6/100 slp
|-damage|p2b: Ninetales|26/100
|
|-weather|Snowscape|[upkeep]
|upkeep
|turn|5
|
|t:|1784735922
|switch|p1a: Pelipper|Pelipper, L50, M|100/100
|-weather|RainDance|[from] ability: Drizzle|[of] p1a: Pelipper
|cant|p2a: Staraptor|slp
|move|p2b: Ninetales|Blizzard|p1a: Pelipper|[spread] p1a,p1b
|-damage|p1a: Pelipper|56/100
|-damage|p1b: Archaludon|63/100
|-ability|p1b: Archaludon|Stamina|boost
|-boost|p1b: Archaludon|def|1
|move|p1b: Archaludon|Electro Shot||[still]
|-prepare|p1b: Archaludon|Electro Shot
|-boost|p1b: Archaludon|spa|1
|-anim|p1b: Archaludon|Electro Shot|p2a: Staraptor
|-supereffective|p2a: Staraptor|1
|-damage|p2a: Staraptor|0 fnt
|faint|p2a: Staraptor
|
|-weather|RainDance|[upkeep]
|-heal|p1b: Archaludon|69/100|[from] item: Leftovers
|upkeep
|
|t:|1784735937
|switch|p2a: Arcanine|Arcanine-Hisui, L50, M|100/100
|turn|6
|
|t:|1784735954
|move|p1a: Pelipper|Protect|p1a: Pelipper
|-singleturn|p1a: Pelipper|Protect
|move|p2b: Ninetales|Blizzard|p1b: Archaludon|[spread] p1b
|-activate|p1a: Pelipper|move: Protect
|-damage|p1b: Archaludon|37/100
|-ability|p1b: Archaludon|Stamina|boost
|-boost|p1b: Archaludon|def|1
|move|p2a: Arcanine|Head Smash|p1a: Pelipper
|-activate|p1a: Pelipper|move: Protect
|move|p1b: Archaludon|Electro Shot||[still]
|-prepare|p1b: Archaludon|Electro Shot
|-boost|p1b: Archaludon|spa|1
|-anim|p1b: Archaludon|Electro Shot|p2a: Arcanine
|-damage|p2a: Arcanine|43/100
|
|-weather|RainDance|[upkeep]
|-heal|p1b: Archaludon|43/100|[from] item: Leftovers
|upkeep
|turn|7
|
|t:|1784735971
|move|p2a: Arcanine|Protect|p2a: Arcanine
|-singleturn|p2a: Arcanine|Protect
|move|p1b: Archaludon|Protect|p1b: Archaludon
|-singleturn|p1b: Archaludon|Protect
|move|p2b: Ninetales|Freeze-Dry|p1a: Pelipper
|-supereffective|p1a: Pelipper|2
|-damage|p1a: Pelipper|0 fnt
|faint|p1a: Pelipper
|
|-weather|RainDance|[upkeep]
|-heal|p1b: Archaludon|49/100|[from] item: Leftovers
|upkeep
|
|t:|1784735983
|switch|p1a: Charizard|Charizard-Mega-Y, L50, F|68/100
|-weather|SunnyDay|[from] ability: Drought|[of] p1a: Charizard
|turn|8
|
|t:|1784736000
|move|p2b: Ninetales|Freeze-Dry|p1b: Archaludon
|-damage|p1b: Archaludon|20/100y
|-ability|p1b: Archaludon|Stamina|boost
|-boost|p1b: Archaludon|def|1
|move|p2a: Arcanine|Flare Blitz|p1b: Archaludon
|-damage|p1b: Archaludon|0 fnt
|faint|p1b: Archaludon
|move|p1a: Charizard|Weather Ball|p2b: Ninetales
|-supereffective|p2b: Ninetales|1
|-damage|p2b: Ninetales|0 fnt
|faint|p2b: Ninetales
|
|-weather|SunnyDay|[upkeep]
|-sideend|p2: tang de maracuja|move: Aurora Veil
|upkeep
|
|t:|1784736010
|switch|p2b: Incineroar|Incineroar, L50, M|73/100 slp
|switch|p1b: Venusaur|Venusaur, L50, F|59/100
|-ability|p2b: Incineroar|Intimidate|boost
|-unboost|p1a: Charizard|atk|1
|-unboost|p1b: Venusaur|atk|1
|turn|9
|
|t:|1784736026
|move|p1b: Venusaur|Protect|p1b: Venusaur
|-singleturn|p1b: Venusaur|Protect
|move|p2a: Arcanine|Protect|p2a: Arcanine
|-singleturn|p2a: Arcanine|Protect
|move|p1a: Charizard|Protect|p1a: Charizard
|-singleturn|p1a: Charizard|Protect
|cant|p2b: Incineroar|slp
|
|-weather|SunnyDay|[upkeep]
|upkeep
|turn|10
|
|t:|1784736037
|move|p2a: Arcanine|Extreme Speed|p1a: Charizard
|-damage|p1a: Charizard|41/100
|move|p1b: Venusaur|Earth Power|p2a: Arcanine
|-supereffective|p2a: Arcanine|2
|-damage|p2a: Arcanine|0 fnt
|faint|p2a: Arcanine
|move|p1a: Charizard|Weather Ball|p2b: Incineroar
|-resisted|p2b: Incineroar|1
|-damage|p2b: Incineroar|36/100 slp
|-enditem|p2b: Incineroar|Sitrus Berry|[eat]
|-heal|p2b: Incineroar|61/100 slp|[from] item: Sitrus Berry
|-curestatus|p2b: Incineroar|slp|[msg]
|move|p2b: Incineroar|Flare Blitz|p1b: Venusaur
|-supereffective|p1b: Venusaur|1
|-damage|p1b: Venusaur|0 fnt
|faint|p1b: Venusaur
|-damage|p2b: Incineroar|46/100|[from] Recoil
|
|-weather|SunnyDay|[upkeep]
|upkeep
|turn|11
|
|t:|1784736051
|move|p1a: Charizard|Weather Ball|p2b: Incineroar
|-resisted|p2b: Incineroar|1
|-damage|p2b: Incineroar|8/100
|move|p2b: Incineroar|Darkest Lariat|p1a: Charizard
|-damage|p1a: Charizard|3/100
|
|-weather|SunnyDay|[upkeep]
|upkeep
|turn|12
|
|t:|1784736055
|move|p1a: Charizard|Weather Ball|p2b: Incineroar
|-resisted|p2b: Incineroar|1
|-crit|p2b: Incineroar
|-damage|p2b: Incineroar|0 fnt
|faint|p2b: Incineroar
|
|win|beckybug
