|j|☆Cjpremo
|j|☆rolandruina
|html|Cjpremorolandruina    
|uhtml|bestof|Game 2 of a best-of-3
|t:|1782434103
|gametype|doubles
|player|p1|Cjpremo|266|1085
|player|p2|rolandruina|102|1101
|gen|9
|tier|[Gen 9 Champions] VGC 2026 Reg M-B (Bo3)
|rated|
|rule|Species Clause: Limit one of each Pokémon
|rule|Item Clause: Limit 1 of each item
|clearpoke
|poke|p1|Gholdengo, L50|
|poke|p1|Whimsicott, L50, F|
|poke|p1|Garchomp, L50, M|
|poke|p1|Basculegion, L50, M|
|poke|p1|Floette-Eternal, L50, F|
|poke|p1|Raichu, L50, F|
|poke|p2|Swampert, L50, M|
|poke|p2|Metagross, L50|
|poke|p2|Archaludon, L50, M|
|poke|p2|Grimmsnarl, L50, M|
|poke|p2|Pelipper, L50, M|
|poke|p2|Sinistcha, L50|
|teampreview|4
|showteam|p1|Gholdengo||LifeOrb|GoodasGold|MakeItRain,ShadowBall,NastyPlot,Protect|Modest|||||50|]Whimsicott||FocusSash|Prankster|Moonblast,Tailwind,Encore,Protect|Timid||F|||50|]Garchomp||SitrusBerry|SandVeil|DragonClaw,RockSlide,StompingTantrum,Protect|Adamant||M|||50|]Basculegion||MysticWater|Adaptability|Protect,LastRespects,AquaJet,WaveCrash|Adamant||M|||50|]Floette-Eternal||Floettite|FlowerVeil|Moonblast,LightofRuin,DazzlingGleam,Protect|Modest||F|||50|]Raichu||RaichuniteY|LightningRod|ZapCannon,FocusBlast,FakeOut,Protect|Modest||F|||50|
|showteam|p2|Swampert||Swampertite|Damp|WaveCrash,HighHorsepower,IcePunch,Protect|Adamant||M|||50|]Metagross||Metagrossite|ClearBody|IronHead,PsychicFangs,BodyPress,Protect|Jolly|||||50|]Archaludon||Leftovers|Stamina|DragonPulse,FlashCannon,ElectroShot,Protect|Calm||M|||50|]Grimmsnarl||LightClay|Prankster|FoulPlay,PartingShot,LightScreen,Reflect|Calm||M|||50|]Pelipper||FocusSash|Drizzle|Hurricane,WeatherBall,Tailwind,Protect|Modest||M|||50|]Sinistcha||KasibBerry|Hospitality|MatchaGotcha,RagePowder,LifeDew,TrickRoom|Bold|||||50|
|inactive|Battle timer is ON: inactive players will automatically lose when time's up. (requested by Cjpremo)
|inactive|rolandruina also wants the timer to be on.
|
|t:|1782434116
|teamsize|p1|4
|teamsize|p2|4
|start
|switch|p1a: Raichu|Raichu, L50, F|100/100
|switch|p1b: Gholdengo|Gholdengo, L50|100/100
|switch|p2a: Swampert|Swampert, L50, M|100/100
|switch|p2b: Grimmsnarl|Grimmsnarl, L50, M|100/100
|turn|1
|
|t:|1782434132
|detailschange|p2a: Swampert|Swampert-Mega, L50, M
|-mega|p2a: Swampert|Swampert|Swampertite
|move|p1a: Raichu|Fake Out|p2a: Swampert
|-damage|p2a: Swampert|92/100
|move|p2b: Grimmsnarl|Light Screen|p2b: Grimmsnarl
|-sidestart|p2: rolandruina|move: Light Screen
|move|p1b: Gholdengo|Nasty Plot|p1b: Gholdengo
|-boost|p1b: Gholdengo|spa|2
|cant|p2a: Swampert|flinch
|
|upkeep
|turn|2
|inactive|Cjpremo has 30 seconds left.
|
|t:|1782434163
|detailschange|p1a: Raichu|Raichu-Mega-Y, L50, F
|-mega|p1a: Raichu|Raichu|Raichunite Y
|move|p2b: Grimmsnarl|Parting Shot|p1a: Raichu
|-unboost|p1a: Raichu|atk|1
|-unboost|p1a: Raichu|spa|1
|
|t:|1782434168
|switch|p2b: Pelipper|Pelipper, L50, M|100/100|[from] Parting Shot
|-weather|RainDance|[from] ability: Drizzle|[of] p2b: Pelipper
|move|p2a: Swampert|High Horsepower|p1b: Gholdengo
|-supereffective|p1b: Gholdengo|1
|-damage|p1b: Gholdengo|0 fnt
|faint|p1b: Gholdengo
|move|p1a: Raichu|Focus Blast|p2a: Swampert
|-damage|p2a: Swampert|69/100
|
|-weather|RainDance|[upkeep]
|upkeep
|
|t:|1782434179
|switch|p1b: Basculegion|Basculegion, L50, M|100/100
|turn|3
|
|t:|1782434192
|switch|p1a: Whimsicott|Whimsicott, L50, F|100/100
|move|p2a: Swampert|High Horsepower|p1a: Whimsicott
|-resisted|p1a: Whimsicott|1
|-damage|p1a: Whimsicott|57/100
|move|p2b: Pelipper|Tailwind|p2b: Pelipper
|-sidestart|p2: rolandruina|move: Tailwind
|move|p1b: Basculegion|Wave Crash|p2a: Swampert
|-damage|p2a: Swampert|0 fnt
|faint|p2a: Swampert
|-damage|p1b: Basculegion|80/100|[from] Recoil
|
|-weather|RainDance|[upkeep]
|upkeep
|
|t:|1782434206
|switch|p2a: Archaludon|Archaludon, L50, M|100/100
|turn|4
|
|t:|1782434227
|switch|p1b: Raichu|Raichu-Mega-Y, L50, F|100/100
|move|p1a: Whimsicott|Encore|p2b: Pelipper
|-start|p2b: Pelipper|Encore
|move|p2a: Archaludon|Electro Shot||[still]
|-prepare|p2a: Archaludon|Electro Shot
|-boost|p2a: Archaludon|spa|1
|-anim|p2a: Archaludon|Electro Shot|p1b: Raichu
|-resisted|p1b: Raichu|1
|-damage|p1b: Raichu|61/100
|move|p2b: Pelipper|Tailwind||[still]
|-fail|p2b: Pelipper
|
|-weather|RainDance|[upkeep]
|upkeep
|turn|5
|inactive|Cjpremo has 30 seconds left.
|inactive|rolandruina has 30 seconds left.
|inactive|Cjpremo has 20 seconds left.
|inactive|Cjpremo has 15 seconds left.
|
|t:|1782434271
|switch|p2b: Grimmsnarl|Grimmsnarl, L50, M|100/100
|move|p1a: Whimsicott|Tailwind|p1a: Whimsicott
|-sidestart|p1: Cjpremo|move: Tailwind
|move|p1b: Raichu|Zap Cannon|p2a: Archaludon
|-resisted|p2a: Archaludon|1
|-damage|p2a: Archaludon|76/100
|-status|p2a: Archaludon|par
|-ability|p2a: Archaludon|Stamina|boost
|-boost|p2a: Archaludon|def|1
|move|p2a: Archaludon|Dragon Pulse|p1b: Raichu
|-damage|p1b: Raichu|0 fnt
|faint|p1b: Raichu
|
|-weather|RainDance|[upkeep]
|-heal|p2a: Archaludon|82/100 par|[from] item: Leftovers
|upkeep
|
|t:|1782434285
|switch|p1b: Basculegion|Basculegion, L50, M|80/100
|turn|6
|inactive|Cjpremo has 30 seconds left.
|
|t:|1782434312
|move|p1b: Basculegion|Protect|p1b: Basculegion
|-singleturn|p1b: Basculegion|Protect
|move|p1a: Whimsicott|Encore|p2a: Archaludon
|-start|p2a: Archaludon|Encore
|move|p2b: Grimmsnarl|Foul Play|p1b: Basculegion
|-activate|p1b: Basculegion|move: Protect
|move|p2a: Archaludon|Dragon Pulse|p1b: Basculegion
|-activate|p1b: Basculegion|move: Protect
|
|-weather|none
|-heal|p2a: Archaludon|88/100 par|[from] item: Leftovers
|-sideend|p2: rolandruina|move: Tailwind
|upkeep
|turn|7
|
|t:|1782434331
|move|p1a: Whimsicott|Moonblast|p2b: Grimmsnarl
|-supereffective|p2b: Grimmsnarl|1
|-damage|p2b: Grimmsnarl|54/100
|move|p1b: Basculegion|Wave Crash|p2b: Grimmsnarl
|-damage|p2b: Grimmsnarl|0 fnt
|faint|p2b: Grimmsnarl
|-damage|p1b: Basculegion|62/100|[from] Recoil
|move|p2a: Archaludon|Dragon Pulse|p1b: Basculegion
|-damage|p1b: Basculegion|7/100
|
|-heal|p2a: Archaludon|94/100 par|[from] item: Leftovers
|upkeep
|
|t:|1782434337
|switch|p2b: Pelipper|Pelipper, L50, M|100/100
|-weather|RainDance|[from] ability: Drizzle|[of] p2b: Pelipper
|turn|8
|
|t:|1782434353
|move|p2b: Pelipper|Protect|p2b: Pelipper
|-singleturn|p2b: Pelipper|Protect
|move|p1a: Whimsicott|Moonblast|p2a: Archaludon
|-damage|p2a: Archaludon|72/100 par
|-ability|p2a: Archaludon|Stamina|boost
|-boost|p2a: Archaludon|def|1
|move|p1b: Basculegion|Last Respects|p2a: Archaludon
|-damage|p2a: Archaludon|35/100 par
|-ability|p2a: Archaludon|Stamina|boost
|-boost|p2a: Archaludon|def|1
|cant|p2a: Archaludon|par
|
|-weather|RainDance|[upkeep]
|-heal|p2a: Archaludon|41/100 par|[from] item: Leftovers
|-end|p2a: Archaludon|Encore
|-sideend|p2: rolandruina|move: Light Screen
|-sideend|p1: Cjpremo|move: Tailwind
|upkeep
|turn|9
|
|t:|1782434375
|move|p1a: Whimsicott|Tailwind|p1a: Whimsicott
|-sidestart|p1: Cjpremo|move: Tailwind
|move|p1b: Basculegion|Wave Crash|p2a: Archaludon
|-resisted|p2a: Archaludon|1
|-damage|p2a: Archaludon|20/100y par
|-ability|p2a: Archaludon|Stamina|boost
|-boost|p2a: Archaludon|def|1
|-damage|p1b: Basculegion|1/100|[from] Recoil
|move|p2b: Pelipper|Hurricane|p1a: Whimsicott
|-supereffective|p1a: Whimsicott|1
|-damage|p1a: Whimsicott|0 fnt
|faint|p1a: Whimsicott
|move|p2a: Archaludon|Dragon Pulse|p1b: Basculegion
|-damage|p1b: Basculegion|0 fnt
|faint|p1b: Basculegion
|
|win|rolandruina
|raw|Cjpremo's rating: 1085 → 1063(-22 for losing)
|raw|rolandruina's rating: 1101 → 1125(+24 for winning)
|l|☆Cjpremo
|player|p1|
|n|☆rolandruina|rolandruina
