|j|☆Tractie
|j|☆Glumshanks
|html|TractieGlumshanks    
|uhtml|bestof|Game 1 of a best-of-3
|t:|1756650404
|gametype|doubles
|player|p1|Tractie|2|1230
|player|p2|Glumshanks|ninjaboy|1228
|gen|9
|tier|[Gen 9] VGC 2025 Reg H (Bo3)
|rated|
|rule|Species Clause: Limit one of each Pokémon
|rule|Item Clause: Limit 1 of each item
|clearpoke
|poke|p1|Gothitelle, L50, F|
|poke|p1|Dondozo, L50, F|
|poke|p1|Kingambit, L50, M|
|poke|p1|Rillaboom, L50, F|
|poke|p1|Houndoom, L50, F|
|poke|p1|Annihilape, L50, F|
|poke|p2|Pelipper, L50, F|
|poke|p2|Archaludon, L50, F|
|poke|p2|Incineroar, L50, M|
|poke|p2|Kingdra, L50, F|
|poke|p2|Amoonguss, L50, F|
|poke|p2|Rillaboom, L50, F|
|teampreview|4
|showteam|p1|Gothitelle||SitrusBerry|ShadowTag|FakeOut,Psychic,TrickRoom,Protect|||F|||50|,,,,,Ghost]Dondozo||Leftovers|Unaware|WaveCrash,BodyPress,Yawn,Protect|||F|||50|,,,,,Electric]Kingambit||BlackGlasses|Defiant|SuckerPunch,KowtowCleave,SwordsDance,Protect|||M|||50|,,,,,Dark]Rillaboom||AssaultVest|GrassySurge|FakeOut,GrassyGlide,WoodHammer,HighHorsepower|||F|||50|,,,,,Ghost]Houndoom||LifeOrb|FlashFire|HeatWave,DarkPulse,Taunt,Protect|||F|||50|,,,,,Water]Annihilape||FocusSash|Defiant|FinalGambit,CloseCombat,RageFist,Coaching|||F|||50|,,,,,Fairy
|showteam|p2|Pelipper||FocusSash|Drizzle|Hurricane,WeatherBall,Tailwind,Protect|||F|||50|,,,,,Ground]Archaludon||AssaultVest|Stamina|ElectroShot,DragonPulse,FlashCannon,BodyPress|||F|||50|,,,,,Bug]Incineroar||SafetyGoggles|Intimidate|FlareBlitz,KnockOff,PartingShot,FakeOut|||M|||50|,,,,,Ghost]Kingdra||LifeOrb|SwiftSwim|DracoMeteor,WeatherBall,Protect,MuddyWater|||F|||50|,,,,,Stellar]Amoonguss||SitrusBerry|Regenerator|PollenPuff,Protect,RagePowder,Spore|||F|||50|,,,,,Water]Rillaboom||LoadedDice|GrassySurge|BulletSeed,GrassyGlide,HighHorsepower,FakeOut|||F|||50|,,,,,Fire
|inactive|Battle timer is ON: inactive players will automatically lose when time's up. (requested by Tractie)
|inactive|Tractie has 60 seconds left.
|inactive|Glumshanks has 60 seconds left.
|inactive|Tractie has 30 seconds left.
|inactive|Tractie has 20 seconds left.
|inactive|Tractie has 15 seconds left.
|inactive|Tractie has 10 seconds left.
|inactive|Tractie has 5 seconds left.
|
|t:|1756650490
|teamsize|p1|4
|teamsize|p2|4
|start
|switch|p1a: Annihilape|Annihilape, L50, F|100/100
|switch|p1b: Dondozo|Dondozo, L50, F|100/100
|switch|p2a: Incineroar|Incineroar, L50, M|100/100
|switch|p2b: Amoonguss|Amoonguss, L50, F|100/100
|-ability|p2a: Incineroar|Intimidate|boost
|-unboost|p1a: Annihilape|atk|1
|-ability|p1a: Annihilape|Defiant|boost
|-boost|p1a: Annihilape|atk|2
|-unboost|p1b: Dondozo|atk|1
|turn|1
|
|t:|1756650512
|switch|p1a: Gothitelle|Gothitelle, L50, F|100/100
|move|p2b: Amoonguss|Rage Powder|p2b: Amoonguss
|-singleturn|p2b: Amoonguss|move: Rage Powder
|move|p2a: Incineroar|Knock Off|p1b: Dondozo
|-damage|p1b: Dondozo|73/100
|-enditem|p1b: Dondozo|Leftovers|[from] move: Knock Off|[of] p2a: Incineroar
|move|p1b: Dondozo|Yawn|p2b: Amoonguss
|-start|p2b: Amoonguss|move: Yawn|[of] p1b: Dondozo
|
|upkeep
|turn|2
|
|t:|1756650530
|move|p1a: Gothitelle|Protect|p1a: Gothitelle
|-singleturn|p1a: Gothitelle|Protect
|move|p1b: Dondozo|Protect|p1b: Dondozo
|-singleturn|p1b: Dondozo|Protect
|move|p2a: Incineroar|Knock Off|p1a: Gothitelle
|-activate|p1a: Gothitelle|move: Protect
|move|p2b: Amoonguss|Spore|p1b: Dondozo
|-activate|p1b: Dondozo|move: Protect
|
|-end|p2b: Amoonguss|move: Yawn|[silent]
|-status|p2b: Amoonguss|slp
|upkeep
|turn|3
|
|t:|1756650557
|move|p1a: Gothitelle|Psychic|p2b: Amoonguss
|-supereffective|p2b: Amoonguss
|-damage|p2b: Amoonguss|57/100 slp
|move|p2a: Incineroar|Parting Shot|p1b: Dondozo
|-unboost|p1b: Dondozo|atk|1
|-unboost|p1b: Dondozo|spa|1
|
|t:|1756650562
|switch|p2a: Kingdra|Kingdra, L50, F|100/100|[from] Parting Shot
|cant|p2b: Amoonguss|slp
|move|p1b: Dondozo|Wave Crash|p2a: Kingdra
|-resisted|p2a: Kingdra
|-damage|p2a: Kingdra|95/100
|-damage|p1b: Dondozo|72/100|[from] Recoil
|
|upkeep
|turn|4
|inactive|Tractie has 30 seconds left.
|
|t:|1756650591
|move|p2a: Kingdra|Muddy Water|p1b: Dondozo|[spread] p1a
|-miss|p2a: Kingdra|p1b: Dondozo
|-damage|p1a: Gothitelle|69/100
|-damage|p2a: Kingdra|85/100|[from] item: Life Orb
|move|p1a: Gothitelle|Psychic|p2b: Amoonguss
|-supereffective|p2b: Amoonguss
|-damage|p2b: Amoonguss|10/100 slp
|-enditem|p2b: Amoonguss|Sitrus Berry|[eat]
|-heal|p2b: Amoonguss|35/100 slp|[from] item: Sitrus Berry
|move|p1b: Dondozo|Yawn|p2a: Kingdra
|-start|p2a: Kingdra|move: Yawn|[of] p1b: Dondozo
|-curestatus|p2b: Amoonguss|slp|[msg]
|move|p2b: Amoonguss|Spore|p1a: Gothitelle
|-status|p1a: Gothitelle|slp|[from] move: Spore
|
|upkeep
|turn|5
|
|t:|1756650615
|cant|p1a: Gothitelle|slp
|move|p2a: Kingdra|Muddy Water|p1b: Dondozo|[spread] p1a
|-miss|p2a: Kingdra|p1b: Dondozo
|-damage|p1a: Gothitelle|38/100 slp
|-enditem|p1a: Gothitelle|Sitrus Berry|[eat]
|-heal|p1a: Gothitelle|63/100 slp|[from] item: Sitrus Berry
|-damage|p2a: Kingdra|75/100|[from] item: Life Orb
|move|p2b: Amoonguss|Pollen Puff|p2a: Kingdra
|-heal|p2a: Kingdra|100/100
|move|p1b: Dondozo|Yawn|p2b: Amoonguss
|-start|p2b: Amoonguss|move: Yawn|[of] p1b: Dondozo
|
|-end|p2a: Kingdra|move: Yawn|[silent]
|-status|p2a: Kingdra|slp
|upkeep
|turn|6
|inactive|Tractie has 30 seconds left.
|inactive|Tractie has 20 seconds left.
|inactive|Tractie has 15 seconds left.
|inactive|Tractie has 10 seconds left.
|inactive|Tractie has 5 seconds left.
|inactive|Glumshanks has 30 seconds left.
|
|t:|1756650669
|switch|p1a: Annihilape|Annihilape, L50, F|100/100
|move|p1b: Dondozo|Protect|p1b: Dondozo
|-singleturn|p1b: Dondozo|Protect
|cant|p2a: Kingdra|slp
|move|p2b: Amoonguss|Spore|p1a: Annihilape
|-status|p1a: Annihilape|slp|[from] move: Spore
|
|-end|p2b: Amoonguss|move: Yawn|[silent]
|-status|p2b: Amoonguss|slp
|upkeep
|turn|7
|inactive|Tractie has 30 seconds left.
|
|t:|1756650704
|switch|p1a: Kingambit|Kingambit, L50, M|100/100
|switch|p1b: Gothitelle|Gothitelle, L50, F|63/100 slp
|switch|p2b: Pelipper|Pelipper, L50, F|100/100
|-weather|RainDance|[from] ability: Drizzle|[of] p2b: Pelipper
|-terastallize|p2a: Kingdra|Stellar
|-curestatus|p2a: Kingdra|slp|[msg]
|move|p2a: Kingdra|Muddy Water|p1b: Gothitelle|[spread] p1a,p1b
|-damage|p1a: Kingambit|20/100
|-damage|p1b: Gothitelle|0 fnt
|faint|p1b: Gothitelle
|-damage|p2a: Kingdra|91/100|[from] item: Life Orb
|
|-weather|RainDance|[upkeep]
|upkeep
|inactive|Tractie has 30 seconds left.
|
|t:|1756650732
|switch|p1b: Dondozo|Dondozo, L50, F|72/100
|turn|8
|
|t:|1756650749
|move|p2a: Kingdra|Protect|p2a: Kingdra
|-singleturn|p2a: Kingdra|Protect
|move|p2b: Pelipper|Weather Ball|p1a: Kingambit
|-damage|p1a: Kingambit|0 fnt
|faint|p1a: Kingambit
|move|p1b: Dondozo|Yawn|p2a: Kingdra
|-activate|p2a: Kingdra|move: Protect
|
|-weather|RainDance|[upkeep]
|upkeep
|
|t:|1756650758
|switch|p1a: Annihilape|Annihilape, L50, F|100/100 slp
|turn|9
|-message|Tractie forfeited.
|
|win|Glumshanks
|l|☆Tractie
|player|p1|
||Tractie is ready for game 2.
||Glumshanks is ready for game 2.
|uhtml|next|Next: Game 2 of 3
