|j|☆pokeopposition
|j|☆RegiaDelonix
|html|pokeoppositionRegiaDelonix    
|uhtml|bestof|Game 1 of a best-of-3
|t:|1782621914
|gametype|doubles
|player|p1|pokeopposition|silver|1140
|player|p2|RegiaDelonix|aromalady|1000
|gen|9
|tier|[Gen 9 Champions] VGC 2026 Reg M-B (Bo3)
|rated|
|rule|Species Clause: Limit one of each Pokémon
|rule|Item Clause: Limit 1 of each item
|clearpoke
|poke|p1|Charizard, L50, M, shiny|
|poke|p1|Meowscarada, L50, M, shiny|
|poke|p1|Basculegion, L50, M, shiny|
|poke|p1|Incineroar, L50, F|
|poke|p1|Sneasler, L50, M, shiny|
|poke|p1|Aerodactyl, L50, F, shiny|
|poke|p2|Sylveon, L50, F|
|poke|p2|Eelektross, L50, M|
|poke|p2|Sneasler, L50, F|
|poke|p2|Milotic, L50, F|
|poke|p2|Zoroark-Hisui, L50, M|
|poke|p2|Aerodactyl, L50, F|
|teampreview|4
|showteam|p1|Charizard||CharizarditeX|Blaze|FlareBlitz,DragonClaw,DragonDance,Protect|Adamant||M|||50|]Meowscarada||ChoiceScarf|Protean|TripleAxel,FlowerTrick,Uturn,KnockOff|Jolly||M|||50|]Basculegion||SitrusBerry|Adaptability|WaveCrash,LastRespects,FlipTurn,Protect|Adamant||M|||50|]Incineroar||PasshoBerry|Intimidate|FakeOut,FlareBlitz,Taunt,PartingShot|Impish||F|||50|]Sneasler||FocusSash|Unburden|FakeOut,CloseCombat,DireClaw,Protect|Adamant||M|||50|]Aerodactyl||Aerodactylite|Pressure|RockSlide,DualWingbeat,Tailwind,Protect|Jolly||F|||50|
|showteam|p2|Sylveon||FairyFeather|Pixilate|HyperVoice,DrainingKiss,MysticalFire,Protect|Modest||F|||50|]Eelektross||Eelektrossite|Levitate|SupercellSlam,DrainPunch,Crunch,Protect|Adamant||M|||50|]Sneasler||WhiteHerb|Unburden|CloseCombat,DireClaw,FakeOut,Protect|Modest||F|||50|]Milotic||Leftovers|Competitive|Scald,IceBeam,LifeDew,Protect|Bold||F|||50|]Zoroark-Hisui||WiseGlasses|Illusion|ShadowBall,Flamethrower,HelpingHand,Protect|Modest||M|||50|]Aerodactyl||FocusSash|Unnerve|RockSlide,DualWingbeat,Tailwind,Protect|Serious||F|||50|
|c|☆pokeopposition|oo
|
|t:|1782621949
|teamsize|p1|4
|teamsize|p2|4
|start
|switch|p1a: Aerodactyl|Aerodactyl, L50, F, shiny|100/100
|switch|p1b: Incineroar|Incineroar, L50, F|100/100
|switch|p2a: Sneasler|Sneasler, L50, F|100/100
|switch|p2b: Eelektross|Eelektross, L50, M|100/100
|-ability|p1a: Aerodactyl|Pressure
|-ability|p1b: Incineroar|Intimidate|boost
|-unboost|p2a: Sneasler|atk|1
|-unboost|p2b: Eelektross|atk|1
|-enditem|p2a: Sneasler|White Herb
|-clearnegativeboost|p2a: Sneasler|[silent]
|turn|1
|
|t:|1782621982
|detailschange|p1a: Aerodactyl|Aerodactyl-Mega, L50, F, shiny
|-mega|p1a: Aerodactyl|Aerodactyl|Aerodactylite
|move|p2b: Eelektross|Protect|p2b: Eelektross
|-singleturn|p2b: Eelektross|Protect
|move|p2a: Sneasler|Fake Out|p1b: Incineroar
|-damage|p1b: Incineroar|90/100
|move|p1a: Aerodactyl|Dual Wingbeat|p2a: Sneasler
|-supereffective|p2a: Sneasler|1
|-crit|p2a: Sneasler
|-damage|p2a: Sneasler|0 fnt
|faint|p2a: Sneasler
|-hitcount|p2: Sneasler|1
|cant|p1b: Incineroar|flinch
|
|upkeep
|
|t:|1782621995
|switch|p2a: Milotic|Milotic, L50, F|100/100
|turn|2
|
|t:|1782622012
|move|p2b: Eelektross|Helping Hand|p2a: Milotic
|-singleturn|p2a: Milotic|Helping Hand|[of] p2b: Eelektross
|move|p1a: Aerodactyl|Tailwind|p1a: Aerodactyl
|-sidestart|p1: pokeopposition|move: Tailwind
|move|p1b: Incineroar|Parting Shot|p2b: Eelektross
|-unboost|p2b: Eelektross|atk|1
|-unboost|p2b: Eelektross|spa|1
|
|t:|1782622021
|switch|p1b: Sneasler|Sneasler, L50, M, shiny|100/100|[from] Parting Shot
|move|p2a: Milotic|Scald|p1a: Aerodactyl
|-supereffective|p1a: Aerodactyl|1
|-damage|p1a: Aerodactyl|0 fnt
|faint|p1a: Aerodactyl
|
|upkeep
|
|t:|1782622026
|switch|p1a: Meowscarada|Meowscarada, L50, M, shiny|100/100
|turn|3
|
|t:|1782622044
|move|p2b: Eelektross|Helping Hand|p2a: Milotic
|-singleturn|p2a: Milotic|Helping Hand|[of] p2b: Eelektross
|move|p1a: Meowscarada|Flower Trick|p2a: Milotic
|-start|p1a: Meowscarada|typechange|Grass|[from] ability: Protean
|-supereffective|p2a: Milotic|1
|-crit|p2a: Milotic
|-damage|p2a: Milotic|12/100
|move|p1b: Sneasler|Dire Claw|p2b: Eelektross
|-resisted|p2b: Eelektross|1
|-damage|p2b: Eelektross|52/100
|-status|p2b: Eelektross|psn
|replace|p2b: Zoroark|Zoroark-Hisui, L50, M
|-end|p2b: Zoroark|Illusion
|move|p2a: Milotic|Ice Beam|p1a: Meowscarada
|-supereffective|p1a: Meowscarada|1
|-damage|p1a: Meowscarada|0 fnt
|faint|p1a: Meowscarada
|
|-heal|p2a: Milotic|18/100|[from] item: Leftovers
|-damage|p2b: Zoroark|40/100 psn|[from] psn
|upkeep
|
|t:|1782622059
|switch|p1a: Incineroar|Incineroar, L50, F|90/100
|-ability|p1a: Incineroar|Intimidate|boost
|-unboost|p2a: Milotic|atk|1
|-ability|p2a: Milotic|Competitive|boost
|-boost|p2a: Milotic|spa|2
|-unboost|p2b: Zoroark|atk|1
|turn|4
|
|t:|1782622092
|move|p2b: Zoroark|Protect|p2b: Zoroark
|-singleturn|p2b: Zoroark|Protect
|move|p2a: Milotic|Protect|p2a: Milotic
|-singleturn|p2a: Milotic|Protect
|move|p1b: Sneasler|Dire Claw|p2a: Milotic
|-activate|p2a: Milotic|move: Protect
|move|p1a: Incineroar|Flare Blitz|p2b: Zoroark
|-activate|p2b: Zoroark|move: Protect
|
|-heal|p2a: Milotic|24/100|[from] item: Leftovers
|-damage|p2b: Zoroark|28/100 psn|[from] psn
|upkeep
|turn|5
|
|t:|1782622120
|move|p1b: Sneasler|Dire Claw|p2a: Milotic
|-damage|p2a: Milotic|0 fnt
|faint|p2a: Milotic
|move|p2b: Zoroark|Shadow Ball|p1b: Sneasler
|-damage|p1b: Sneasler|54/100
|-unboost|p1b: Sneasler|spd|1
|move|p1a: Incineroar|Flare Blitz|p2b: Zoroark
|-damage|p2b: Zoroark|0 fnt
|faint|p2b: Zoroark
|-damage|p1a: Incineroar|84/100|[from] Recoil
|
|-sideend|p1: pokeopposition|move: Tailwind
|upkeep
|
|t:|1782622138
|switch|p2b: Eelektross|Eelektross, L50, M|100/100
|turn|6
|
|t:|1782622148
|detailschange|p2b: Eelektross|Eelektross-Mega, L50, M
|-mega|p2b: Eelektross|Eelektross|Eelektrossite
|move|p1b: Sneasler|Close Combat|p2b: Eelektross
|-damage|p2b: Eelektross|32/100
|-unboost|p1b: Sneasler|def|1
|-unboost|p1b: Sneasler|spd|1
|move|p2b: Eelektross|Drain Punch|p1a: Incineroar
|-supereffective|p1a: Incineroar|1
|-damage|p1a: Incineroar|40/100
|-heal|p2b: Eelektross|57/100|[from] drain|[of] p1a: Incineroar
|move|p1a: Incineroar|Flare Blitz|p2b: Eelektross
|-damage|p2b: Eelektross|11/100
|-damage|p1a: Incineroar|27/100|[from] Recoil
|
|upkeep
|turn|7
|
|t:|1782622167
|move|p2b: Eelektross|Protect|p2b: Eelektross
|-singleturn|p2b: Eelektross|Protect
|move|p1b: Sneasler|Dire Claw|p2b: Eelektross
|-activate|p2b: Eelektross|move: Protect
|move|p1a: Incineroar|Flare Blitz|p2b: Eelektross
|-activate|p2b: Eelektross|move: Protect
|
|upkeep
|turn|8
|
|t:|1782622176
|move|p1b: Sneasler|Dire Claw|p2b: Eelektross
|-damage|p2b: Eelektross|0 fnt
|faint|p2b: Eelektross
|
|win|pokeopposition
|l|☆RegiaDelonix
|player|p2|
