|j|â˜†jomivgc
|j|â˜†TimedMenace
|html|jomivgcTimedMenace    
|uhtml|bestof|Game 2 of a best-of-3
|t:|1784209929
|gametype|doubles
|player|p1|jomivgc|falkner-gen2|1221
|player|p2|TimedMenace|zinnia|1294
|gen|9
|tier|[Gen 9 Champions] VGC 2026 Reg M-B (Bo3)
|rated|
|rule|Species Clause: Limit one of each PokÃ©mon
|rule|Item Clause: Limit 1 of each item
|clearpoke
|poke|p1|Charizard, L50, F|
|poke|p1|Pelipper, L50, F|
|poke|p1|Archaludon, L50, M|
|poke|p1|Grimmsnarl, L50, M|
|poke|p1|Basculegion, L50, M|
|poke|p1|Venusaur, L50, M|
|poke|p2|Aerodactyl, L50, M|
|poke|p2|Venusaur, L50, F|
|poke|p2|Kommo-o, L50, M|
|poke|p2|Sylveon, L50, F|
|poke|p2|Incineroar, L50, F|
|poke|p2|Basculegion, L50, M|
|teampreview|4
|showteam|p1|Charizard||CharizarditeY|Blaze|Protect,HeatWave,SolarBeam,WeatherBall|Modest||F|||50|]Pelipper||SitrusBerry|Drizzle|Hurricane,WeatherBall,Tailwind,WideGuard|Modest||F|||50|]Archaludon||Leftovers|Stamina|ElectroShot,FlashCannon,Protect,DragonPulse|Calm||M|||50|]Grimmsnarl||LightClay|Prankster|LightScreen,PartingShot,Reflect,SpiritBreak|Careful||M|||50|]Basculegion||ChoiceScarf|Adaptability|LastRespects,AquaJet,WaveCrash,FlipTurn|Adamant||M|||50|]Venusaur||FocusSash|Chlorophyll|SludgeBomb,Protect,EarthPower,SleepPowder|Modest||M|||50|
|showteam|p2|Aerodactyl||Aerodactylite|RockHead|RockSlide,DualWingbeat,IronHead,Tailwind|Jolly||M|||50|]Venusaur||Venusaurite|Chlorophyll|Protect,GigaDrain,SludgeBomb,EarthPower|Modest||F|||50|]Kommo-o||Leftovers|Soundproof|Protect,ClangingScales,AuraSphere,ClangorousSoul|Timid||M|||50|]Sylveon||FairyFeather|Pixilate|Protect,HyperVoice,Yawn,HyperBeam|Modest||F|||50|]Incineroar||SitrusBerry|Intimidate|DarkestLariat,FakeOut,PartingShot,HelpingHand|Careful||F|||50|]Basculegion||LifeOrb|Adaptability|Protect,WaveCrash,LastRespects,AquaJet|Jolly||M|||50|
|inactive|Battle timer is ON: inactive players will automatically lose when time's up. (requested by jomivgc)
|l|â˜†TimedMenace
|inactive|TimedMenace disconnected and has a minute to reconnect!
|player|p2|
|j|â˜†TimedMenace
|inactive|TimedMenace reconnected and has 60 seconds left.
|player|p2|TimedMenace|zinnia|
|
|t:|1784209969
|teamsize|p1|4
|teamsize|p2|4
|start
|switch|p1a: Charizard|Charizard, L50, F|100/100
|switch|p1b: Venusaur|Venusaur, L50, M|100/100
|switch|p2a: Incineroar|Incineroar, L50, F|100/100
|switch|p2b: Sylveon|Sylveon, L50, F|100/100
|-ability|p2a: Incineroar|Intimidate|boost
|-unboost|p1a: Charizard|atk|1
|-unboost|p1b: Venusaur|atk|1
|turn|1
|
|t:|1784209991
|detailschange|p1a: Charizard|Charizard-Mega-Y, L50, F
|-mega|p1a: Charizard|Charizard|Charizardite Y
|-weather|SunnyDay|[from] ability: Drought|[of] p1a: Charizard
|move|p2a: Incineroar|Fake Out|p1b: Venusaur
|-damage|p1b: Venusaur|85/100
|cant|p1b: Venusaur|flinch
|move|p1a: Charizard|Weather Ball|p2b: Sylveon
|-damage|p2b: Sylveon|23/100
|move|p2b: Sylveon|Yawn|p1a: Charizard
|-start|p1a: Charizard|move: Yawn|[of] p2b: Sylveon
|
|-weather|SunnyDay|[upkeep]
|upkeep
|turn|2
|inactive|jomivgc has 30 seconds left.
|
|t:|1784210021
|switch|p1a: Archaludon|Archaludon, L50, M|100/100
|move|p1b: Venusaur|Sleep Powder|p2a: Incineroar
|-status|p2a: Incineroar|slp|[from] move: Sleep Powder
|move|p2b: Sylveon|Hyper Voice|p1b: Venusaur|[spread] p1a,p1b
|-resisted|p1b: Venusaur|1
|-damage|p1a: Archaludon|54/100
|-damage|p1b: Venusaur|57/100
|-ability|p1a: Archaludon|Stamina|boost
|-boost|p1a: Archaludon|def|1
|cant|p2a: Incineroar|slp
|
|-weather|SunnyDay|[upkeep]
|-heal|p1a: Archaludon|60/100|[from] item: Leftovers
|upkeep
|turn|3
|
|t:|1784210036
|move|p1b: Venusaur|Earth Power|p2a: Incineroar
|-supereffective|p2a: Incineroar|1
|-damage|p2a: Incineroar|58/100 slp
|-unboost|p2a: Incineroar|spd|1
|move|p1a: Archaludon|Flash Cannon|p2b: Sylveon
|-supereffective|p2b: Sylveon|1
|-crit|p2b: Sylveon
|-damage|p2b: Sylveon|0 fnt
|faint|p2b: Sylveon
|cant|p2a: Incineroar|slp
|
|-weather|SunnyDay|[upkeep]
|-heal|p1a: Archaludon|66/100|[from] item: Leftovers
|upkeep
|
|t:|1784210046
|switch|p2b: Kommo-o|Kommo-o, L50, M|100/100
|turn|4
|
|t:|1784210064
|switch|p2a: Venusaur|Venusaur, L50, F|100/100
|move|p1b: Venusaur|Sleep Powder|p2b: Kommo-o
|-status|p2b: Kommo-o|slp|[from] move: Sleep Powder
|cant|p2b: Kommo-o|slp
|move|p1a: Archaludon|Dragon Pulse|p2b: Kommo-o
|-supereffective|p2b: Kommo-o|1
|-damage|p2b: Kommo-o|25/100 slp
|
|-weather|SunnyDay|[upkeep]
|-heal|p2b: Kommo-o|31/100 slp|[from] item: Leftovers
|-heal|p1a: Archaludon|72/100|[from] item: Leftovers
|upkeep
|turn|5
|inactive|jomivgc has 30 seconds left.
|
|t:|1784210090
|switch|p1b: Pelipper|Pelipper, L50, F|100/100
|-weather|RainDance|[from] ability: Drizzle|[of] p1b: Pelipper
|detailschange|p2a: Venusaur|Venusaur-Mega, L50, F
|-mega|p2a: Venusaur|Venusaur|Venusaurite
|-curestatus|p2b: Kommo-o|slp|[msg]
|move|p2b: Kommo-o|Protect|p2b: Kommo-o
|-singleturn|p2b: Kommo-o|Protect
|move|p2a: Venusaur|Sludge Bomb|p1b: Pelipper
|-damage|p1b: Pelipper|28/100
|-enditem|p1b: Pelipper|Sitrus Berry|[eat]
|-heal|p1b: Pelipper|53/100|[from] item: Sitrus Berry
|move|p1a: Archaludon|Dragon Pulse|p2b: Kommo-o
|-activate|p2b: Kommo-o|move: Protect
|
|-weather|RainDance|[upkeep]
|-heal|p2b: Kommo-o|37/100|[from] item: Leftovers
|-heal|p1a: Archaludon|78/100|[from] item: Leftovers
|upkeep
|turn|6
|inactive|jomivgc has 30 seconds left.
|
|t:|1784210116
|switch|p2b: Incineroar|Incineroar, L50, F|58/100 slp
|-ability|p2b: Incineroar|Intimidate|boost
|-unboost|p1a: Archaludon|atk|1
|-unboost|p1b: Pelipper|atk|1
|move|p1a: Archaludon|Protect|p1a: Archaludon
|-singleturn|p1a: Archaludon|Protect
|move|p2a: Venusaur|Sludge Bomb|p1b: Pelipper
|-damage|p1b: Pelipper|0 fnt
|faint|p1b: Pelipper
|
|-weather|RainDance|[upkeep]
|-heal|p1a: Archaludon|84/100|[from] item: Leftovers
|upkeep
|
|t:|1784210138
|switch|p1b: Venusaur|Venusaur, L50, M|57/100
|turn|7
|
|t:|1784210151
|-curestatus|p2b: Incineroar|slp|[msg]
|move|p2b: Incineroar|Helping Hand|p2a: Venusaur
|-singleturn|p2a: Venusaur|Helping Hand|[of] p2b: Incineroar
|move|p1b: Venusaur|Sludge Bomb|p2a: Venusaur
|-damage|p2a: Venusaur|65/100
|move|p2a: Venusaur|Sludge Bomb|p1b: Venusaur
|-damage|p1b: Venusaur|0 fnt
|faint|p1b: Venusaur
|move|p1a: Archaludon|Electro Shot||[still]
|-prepare|p1a: Archaludon|Electro Shot
|-boost|p1a: Archaludon|spa|1
|-anim|p1a: Archaludon|Electro Shot|p2b: Incineroar
|-damage|p2b: Incineroar|14/100
|-enditem|p2b: Incineroar|Sitrus Berry|[eat]
|-heal|p2b: Incineroar|39/100|[from] item: Sitrus Berry
|
|-weather|RainDance|[upkeep]
|-heal|p1a: Archaludon|90/100|[from] item: Leftovers
|upkeep
|
|t:|1784210164
|switch|p1b: Charizard|Charizard-Mega-Y, L50, F|100/100
|-weather|SunnyDay|[from] ability: Drought|[of] p1b: Charizard
|turn|8
|
|t:|1784210184
|move|p1b: Charizard|Heat Wave|p2b: Incineroar|[spread] p2a,p2b
|-supereffective|p2a: Venusaur|1
|-resisted|p2b: Incineroar|1
|-damage|p2a: Venusaur|16/100
|-damage|p2b: Incineroar|14/100
|move|p2a: Venusaur|Earth Power|p1a: Archaludon
|-supereffective|p1a: Archaludon|1
|-damage|p1a: Archaludon|31/100
|-ability|p1a: Archaludon|Stamina|boost
|-boost|p1a: Archaludon|def|1
|move|p1a: Archaludon|Dragon Pulse|p2b: Incineroar
|-damage|p2b: Incineroar|0 fnt
|faint|p2b: Incineroar
|
|-weather|SunnyDay|[upkeep]
|-heal|p1a: Archaludon|38/100|[from] item: Leftovers
|upkeep
|
|t:|1784210198
|switch|p2b: Kommo-o|Kommo-o, L50, M|37/100
|turn|9
|
|t:|1784210212
|move|p1a: Archaludon|Protect|p1a: Archaludon
|-singleturn|p1a: Archaludon|Protect
|move|p2b: Kommo-o|Clanging Scales|p1b: Charizard|[spread] p1b
|-activate|p1a: Archaludon|move: Protect
|-damage|p1b: Charizard|68/100
|-unboost|p2b: Kommo-o|def|1
|move|p1b: Charizard|Heat Wave|p2b: Kommo-o|[spread] p2b
|-miss|p1b: Charizard|p2a: Venusaur
|-resisted|p2b: Kommo-o|1
|-damage|p2b: Kommo-o|5/100
|move|p2a: Venusaur|Sludge Bomb|p1b: Charizard
|-damage|p1b: Charizard|29/100
|
|-weather|SunnyDay|[upkeep]
|-heal|p2b: Kommo-o|11/100|[from] item: Leftovers
|-heal|p1a: Archaludon|44/100|[from] item: Leftovers
|upkeep
|turn|10
|
|t:|1784210232
|move|p1b: Charizard|Protect|p1b: Charizard
|-singleturn|p1b: Charizard|Protect
|move|p2b: Kommo-o|Clanging Scales|p1b: Charizard|[spread] p1a
|-activate|p1b: Charizard|move: Protect
|-damage|p1a: Archaludon|12/100
|-ability|p1a: Archaludon|Stamina|boost
|-boost|p1a: Archaludon|def|1
|-unboost|p2b: Kommo-o|def|1
|move|p2a: Venusaur|Earth Power|p1a: Archaludon
|-supereffective|p1a: Archaludon|1
|-damage|p1a: Archaludon|0 fnt
|faint|p1a: Archaludon
|
|-weather|SunnyDay|[upkeep]
|-heal|p2b: Kommo-o|18/100|[from] item: Leftovers
|upkeep
|turn|11
|
|t:|1784210247
|move|p2b: Kommo-o|Protect|p2b: Kommo-o
|-singleturn|p2b: Kommo-o|Protect
|move|p2a: Venusaur|Protect|p2a: Venusaur
|-singleturn|p2a: Venusaur|Protect
|move|p1b: Charizard|Heat Wave|p2a: Venusaur|[spread] 
|-activate|p2a: Venusaur|move: Protect
|-activate|p2b: Kommo-o|move: Protect
|
|-weather|SunnyDay|[upkeep]
|-heal|p2b: Kommo-o|24/100|[from] item: Leftovers
|upkeep
|turn|12
|c|â˜†jomivgc|gg wp
|-message|jomivgc forfeited.
|
|win|TimedMenace
|raw|jomivgc's rating: 1221 → 1201(-20 for losing)
|raw|TimedMenace's rating: 1294 → 1314(+20 for winning)
