|j|☆davidbob32
|j|☆MoltresMania
|html|davidbob32MoltresMania    
|uhtml|bestof|Game 2 of a best-of-3
|t:|1755036616
|gametype|doubles
|player|p1|davidbob32|dragontamer|1333
|player|p2|MoltresMania|265|1263
|gen|9
|tier|[Gen 9] VGC 2025 Reg H (Bo3)
|rated|
|rule|Species Clause: Limit one of each Pokémon
|rule|Item Clause: Limit 1 of each item
|clearpoke
|poke|p1|Sneasler, L50, M|
|poke|p1|Indeedee, L50, M|
|poke|p1|Volcarona, L50, M|
|poke|p1|Ursaluna-Bloodmoon, L50, M|
|poke|p1|Annihilape, L50, F|
|poke|p1|Tyranitar, L50, M|
|poke|p2|Kingdra, L50, F|
|poke|p2|Pelipper, L50, M|
|poke|p2|Incineroar, L50, M|
|poke|p2|Gholdengo, L50|
|poke|p2|Whimsicott, L50, M|
|poke|p2|Sneasler, L50, F|
|teampreview|4
|showteam|p1|Sneasler||PsychicSeed|Unburden|CloseCombat,DireClaw,ThroatChop,Protect|||M|||50|,,,,,Dark]Indeedee||ChoiceScarf|PsychicSurge|ExpandingForce,TeraBlast,Trick,Protect|||M|||50|,,,,,Psychic]Volcarona||SitrusBerry|FlameBody|Overheat,StruggleBug,RagePowder,Tailwind|||M|||50|,,,,,Grass]Ursaluna-Bloodmoon||LifeOrb|MindsEye|BloodMoon,HyperVoice,EarthPower,Protect|||M|||50|,,,,,Normal]Annihilape||SafetyGoggles|Defiant|CloseCombat,RageFist,Taunt,FinalGambit|||F|||50|,,,,,Fairy]Tyranitar||AssaultVest|SandStream|RockSlide,KnockOff,TeraBlast,LowKick|||M|||50|,,,,,Flying
|showteam|p2|Kingdra||WideLens|SwiftSwim|MuddyWater,WeatherBall,DracoMeteor,Protect|||F|||50|,,,,,Stellar]Pelipper||FocusSash|Drizzle|Hurricane,WeatherBall,Protect,HelpingHand|||M|||50|,,,,,Ghost]Incineroar||SafetyGoggles|Intimidate|FlareBlitz,KnockOff,PartingShot,FakeOut|||M|||50|,,,,,Ghost]Gholdengo||LifeOrb|GoodasGold|MakeItRain,NastyPlot,ShadowBall,Protect||||||50|,,,,,Water]Whimsicott||CovertCloak|Prankster|Moonblast,Tailwind,FakeTears,Encore|||M|||50|,,,,,Water]Sneasler||WhiteHerb|Unburden|CloseCombat,DireClaw,Protect,FakeOut|||F|||50|,,,,,Ghost
|inactive|Battle timer is ON: inactive players will automatically lose when time's up. (requested by MoltresMania)
|inactive|davidbob32 also wants the timer to be on.
|inactive|MoltresMania has 60 seconds left.
|inactive|MoltresMania has 30 seconds left.
|inactive|MoltresMania has 20 seconds left.
|
|t:|1755036689
|teamsize|p1|4
|teamsize|p2|4
|start
|switch|p1a: Volcarona|Volcarona, L50, M|100/100
|switch|p1b: Sneasler|Sneasler, L50, M|100/100
|switch|p2a: Kingdra|Kingdra, L50, F|100/100
|switch|p2b: Pelipper|Pelipper, L50, M|100/100
|-weather|RainDance|[from] ability: Drizzle|[of] p2b: Pelipper
|turn|1
|inactive|MoltresMania has 30 seconds left.
|
|t:|1755036717
|switch|p1b: Tyranitar|Tyranitar, L50, M|100/100
|-weather|Sandstorm|[from] ability: Sand Stream|[of] p1b: Tyranitar
|move|p1a: Volcarona|Struggle Bug|p2b: Pelipper|[spread] p2a,p2b
|-resisted|p2b: Pelipper
|-damage|p2a: Kingdra|81/100
|-damage|p2b: Pelipper|84/100
|-unboost|p2a: Kingdra|spa|1
|-unboost|p2b: Pelipper|spa|1
|move|p2a: Kingdra|Weather Ball|p1a: Volcarona
|-supereffective|p1a: Volcarona
|-damage|p1a: Volcarona|27/100
|-enditem|p1a: Volcarona|Sitrus Berry|[eat]
|-heal|p1a: Volcarona|52/100|[from] item: Sitrus Berry
|move|p2b: Pelipper|Hurricane|p1b: Tyranitar|[miss]
|-miss|p2b: Pelipper|p1b: Tyranitar
|
|-weather|Sandstorm|[upkeep]
|-damage|p1a: Volcarona|46/100|[from] Sandstorm
|-damage|p2a: Kingdra|75/100|[from] Sandstorm
|-damage|p2b: Pelipper|78/100|[from] Sandstorm
|upkeep
|turn|2
|inactive|davidbob32 has 30 seconds left.
|
|t:|1755036743
|switch|p2b: Sneasler|Sneasler, L50, F|100/100
|move|p2a: Kingdra|Protect|p2a: Kingdra
|-singleturn|p2a: Kingdra|Protect
|move|p1a: Volcarona|Tailwind|p1a: Volcarona
|-sidestart|p1: davidbob32|move: Tailwind
|move|p1b: Tyranitar|Rock Slide|p2a: Kingdra|[spread] p2b
|-activate|p2a: Kingdra|move: Protect
|-resisted|p2b: Sneasler
|-damage|p2b: Sneasler|74/100
|
|-weather|Sandstorm|[upkeep]
|-damage|p1a: Volcarona|40/100|[from] Sandstorm
|-damage|p2b: Sneasler|68/100|[from] Sandstorm
|-damage|p2a: Kingdra|70/100|[from] Sandstorm
|upkeep
|turn|3
|
|t:|1755036760
|switch|p2b: Pelipper|Pelipper, L50, M|78/100
|-weather|RainDance|[from] ability: Drizzle|[of] p2b: Pelipper
|-terastallize|p1b: Tyranitar|Flying
|-terastallize|p2a: Kingdra|Stellar
|move|p1a: Volcarona|Overheat|p2b: Pelipper|[miss]
|-miss|p1a: Volcarona|p2b: Pelipper
|move|p2a: Kingdra|Muddy Water|p1a: Volcarona|[spread] p1a,p1b
|-supereffective|p1a: Volcarona
|-damage|p1a: Volcarona|0 fnt
|-damage|p1b: Tyranitar|77/100
|faint|p1a: Volcarona
|move|p1b: Tyranitar|Tera Blast|p2b: Pelipper|[anim] Tera Blast Flying
|-damage|p2b: Pelipper|16/100
|
|-weather|RainDance|[upkeep]
|upkeep
|
|t:|1755036774
|switch|p1a: Indeedee|Indeedee, L50, M|100/100
|-fieldstart|move: Psychic Terrain|[from] ability: Psychic Surge|[of] p1a: Indeedee
|turn|4
|inactive|MoltresMania has 30 seconds left.
|inactive|MoltresMania has 20 seconds left.
|inactive|MoltresMania has 15 seconds left.
|inactive|MoltresMania has 10 seconds left.
|
|t:|1755036820
|move|p2a: Kingdra|Protect|p2a: Kingdra
|-singleturn|p2a: Kingdra|Protect
|move|p2b: Pelipper|Protect|p2b: Pelipper
|-singleturn|p2b: Pelipper|Protect
|move|p1a: Indeedee|Expanding Force|p2a: Kingdra|[spread] 
|-activate|p2a: Kingdra|move: Protect
|-activate|p2b: Pelipper|move: Protect
|move|p1b: Tyranitar|Rock Slide|p2b: Pelipper|[spread] 
|-activate|p2a: Kingdra|move: Protect
|-activate|p2b: Pelipper|move: Protect
|
|-weather|RainDance|[upkeep]
|upkeep
|turn|5
|
|t:|1755036844
|switch|p2a: Sneasler|Sneasler, L50, F|68/100
|move|p1a: Indeedee|Expanding Force|p2a: Sneasler|[spread] p2a,p2b
|-supereffective|p2a: Sneasler
|-crit|p2a: Sneasler
|-damage|p2a: Sneasler|0 fnt
|-damage|p2b: Pelipper|0 fnt
|faint|p2a: Sneasler
|faint|p2b: Pelipper
|move|p1b: Tyranitar|Knock Off|p2: Sneasler|[notarget]
|-fail|p1b: Tyranitar
|
|-weather|RainDance|[upkeep]
|-sideend|p1: davidbob32|move: Tailwind
|upkeep
|
|t:|1755036847
|switch|p2a: Kingdra|Kingdra, L50, F, tera:Stellar|70/100
|switch|p2b: Whimsicott|Whimsicott, L50, M|100/100
|turn|6
|inactive|MoltresMania has 30 seconds left.
|
|t:|1755036876
|switch|p1b: Sneasler|Sneasler, L50, M|100/100
|-enditem|p1b: Sneasler|Psychic Seed
|-boost|p1b: Sneasler|spd|1|[from] item: Psychic Seed
|move|p2b: Whimsicott|Tailwind|p2b: Whimsicott
|-sidestart|p2: MoltresMania|move: Tailwind
|move|p2a: Kingdra|Muddy Water|p1b: Sneasler|[spread] p1a,p1b
|-damage|p1a: Indeedee|42/100
|-damage|p1b: Sneasler|63/100
|-unboost|p1b: Sneasler|accuracy|1
|move|p1a: Indeedee|Expanding Force|p2a: Kingdra|[spread] p2a,p2b
|-damage|p2a: Kingdra|0 fnt
|-damage|p2b: Whimsicott|12/100
|faint|p2a: Kingdra
|
|-weather|RainDance|[upkeep]
|upkeep
|turn|7
|
|t:|1755036895
|move|p2b: Whimsicott|Moonblast|p1b: Sneasler
|-damage|p1b: Sneasler|36/100
|move|p1b: Sneasler|Dire Claw|p2b: Whimsicott
|-supereffective|p2b: Whimsicott
|-damage|p2b: Whimsicott|0 fnt
|faint|p2b: Whimsicott
|
|win|davidbob32
|raw|davidbob32's rating: 1333 → 1349(+16 for winning)
|raw|MoltresMania's rating: 1263 → 1243(-20 for losing)
|l|☆MoltresMania
|player|p2|
