|j|☆hihowareyabro
|j|☆Juno48
|html|hihowareyabroJuno48    
|uhtml|bestof|Game 2 of a best-of-3
|t:|1785921447
|gametype|doubles
|player|p1|hihowareyabro|byron|1179
|player|p2|Juno48|1|1098
|gen|9
|tier|[Gen 9 Champions] VGC 2026 Reg M-B (Bo3)
|rated|
|rule|Species Clause: Limit one of each Pokémon
|rule|Item Clause: Limit 1 of each item
|clearpoke
|poke|p1|Blastoise, L50, M|
|poke|p1|Garchomp, L50, M|
|poke|p1|Maushold-Four, L50|
|poke|p1|Sneasler, L50, F|
|poke|p1|Incineroar, L50, M|
|poke|p1|Sinistcha, L50|
|poke|p2|Aerodactyl, L50, F|
|poke|p2|Kingambit, L50, F|
|poke|p2|Sylveon, L50, F|
|poke|p2|Garchomp, L50, M|
|poke|p2|Charizard, L50, M|
|poke|p2|Incineroar, L50, F|
|teampreview|4
|showteam|p1|Blastoise||Blastoisinite|Torrent|Protect,WaterSpout,DarkPulse,ShellSmash|Modest||M|||50|]Garchomp||ChoiceScarf|RoughSkin|RockSlide,DragonClaw,StompingTantrum,BrickBreak|Adamant||M|||50|]Maushold-Four||WideLens|Technician|Taunt,PopulationBomb,FollowMe,HelpingHand|Jolly|||||50|]Sneasler||WhiteHerb|Unburden|DireClaw,CloseCombat,Protect,FakeOut|Adamant||F|||50|]Incineroar||ChopleBerry|Intimidate|DarkestLariat,FlareBlitz,Protect,FakeOut|Brave||M|||50|]Sinistcha||BrightPowder|Hospitality|MatchaGotcha,TrickRoom,RagePowder,ShadowBall|Relaxed|||||50|
|showteam|p2|Aerodactyl||Aerodactylite|Unnerve|RockSlide,IceFang,Tailwind,WideGuard|Jolly||F|||50|]Kingambit||FocusSash|Defiant|KowtowCleave,SuckerPunch,IronHead,LowKick|Adamant||F|||50|]Sylveon||FairyFeather|Pixilate|Detect,HyperVoice,HyperBeam,QuickAttack|Modest||F|||50|]Garchomp||LifeOrb|RoughSkin|Earthquake,DragonClaw,StompingTantrum,Protect|Jolly||M|||50|]Charizard||CharizarditeY|Blaze|Protect,HeatWave,SolarBeam,WeatherBall|Modest||M|||50|]Incineroar||SitrusBerry|Intimidate|DarkestLariat,FlareBlitz,FakeOut,PartingShot|Impish||F|||50|
|inactive|Battle timer is ON: inactive players will automatically lose when time's up. (requested by hihowareyabro)
|inactive|Juno48 has 60 seconds left.
|inactive|Juno48 has 30 seconds left.
|
|t:|1785921519
|teamsize|p1|4
|teamsize|p2|4
|start
|switch|p1a: Blastoise|Blastoise, L50, M|100/100
|switch|p1b: Garchomp|Garchomp, L50, M|100/100
|switch|p2a: Sylveon|Sylveon, L50, F|100/100
|switch|p2b: Incineroar|Incineroar, L50, F|100/100
|-ability|p2b: Incineroar|Intimidate|boost
|-unboost|p1a: Blastoise|atk|1
|-unboost|p1b: Garchomp|atk|1
|turn|1
|inactive|Juno48 has 30 seconds left.
|
|t:|1785921551
|move|p1a: Blastoise|Protect|p1a: Blastoise
|-singleturn|p1a: Blastoise|Protect
|move|p1b: Garchomp|Rock Slide|p2a: Sylveon|[spread] p2a,p2b
|-supereffective|p2b: Incineroar|1
|-damage|p2a: Sylveon|83/100
|-damage|p2b: Incineroar|81/100
|move|p2a: Sylveon|Hyper Voice|p1a: Blastoise|[spread] p1b
|-activate|p1a: Blastoise|move: Protect
|-supereffective|p1b: Garchomp|1
|-damage|p1b: Garchomp|1/100
|cant|p2b: Incineroar|flinch
|
|upkeep
|turn|2
|inactive|Juno48 has 30 seconds left.
|
|t:|1785921579
|detailschange|p1a: Blastoise|Blastoise-Mega, L50, M
|-mega|p1a: Blastoise|Blastoise|Blastoisinite
|move|p1b: Garchomp|Rock Slide|p2a: Sylveon|[spread] p2a,p2b
|-supereffective|p2b: Incineroar|1
|-damage|p2a: Sylveon|68/100
|-damage|p2b: Incineroar|62/100
|move|p1a: Blastoise|Water Spout|p2b: Incineroar|[spread] p2a,p2b
|-supereffective|p2b: Incineroar|1
|-damage|p2a: Sylveon|17/100
|-damage|p2b: Incineroar|0 fnt
|faint|p2b: Incineroar
|move|p2a: Sylveon|Hyper Voice|p1a: Blastoise|[spread] p1a,p1b
|-supereffective|p1b: Garchomp|1
|-damage|p1a: Blastoise|61/100
|-damage|p1b: Garchomp|0 fnt
|faint|p1b: Garchomp
|
|upkeep
|
|t:|1785921596
|switch|p1b: Sneasler|Sneasler, L50, F|100/100
|switch|p2b: Charizard|Charizard, L50, M|100/100
|turn|3
|
|t:|1785921607
|detailschange|p2b: Charizard|Charizard-Mega-Y, L50, M
|-mega|p2b: Charizard|Charizard|Charizardite Y
|-weather|SunnyDay|[from] ability: Drought|[of] p2b: Charizard
|move|p1b: Sneasler|Fake Out|p2b: Charizard
|-damage|p2b: Charizard|86/100
|cant|p2b: Charizard|flinch
|move|p1a: Blastoise|Water Spout|p2b: Charizard|[spread] p2a,p2b
|-supereffective|p2b: Charizard|1
|-damage|p2a: Sylveon|3/100
|-damage|p2b: Charizard|54/100
|move|p2a: Sylveon|Hyper Voice|p1a: Blastoise|[spread] p1a,p1b
|-damage|p1a: Blastoise|19/100
|-damage|p1b: Sneasler|51/100
|
|-weather|SunnyDay|[upkeep]
|upkeep
|turn|4
|inactive|hihowareyabro has 30 seconds left.
|inactive|Juno48 has 30 seconds left.
|inactive|hihowareyabro has 20 seconds left.
|inactive|hihowareyabro has 15 seconds left.
|
|t:|1785921648
|move|p2a: Sylveon|Quick Attack|p1a: Blastoise
|-damage|p1a: Blastoise|7/100
|move|p1b: Sneasler|Dire Claw|p2b: Charizard
|-damage|p2b: Charizard|13/100
|move|p2b: Charizard|Heat Wave|p1b: Sneasler|[spread] p1a,p1b
|-resisted|p1a: Blastoise|1
|-damage|p1a: Blastoise|0 fnt
|-damage|p1b: Sneasler|0 fnt
|faint|p1a: Blastoise
|faint|p1b: Sneasler
|
|-weather|SunnyDay|[upkeep]
|upkeep
|
|t:|1785921655
|switch|p1b: Maushold|Maushold-Four, L50|100/100
|turn|5
|
|t:|1785921678
|move|p1b: Maushold|Population Bomb|p2b: Charizard
|-damage|p2b: Charizard|3/100
|-damage|p2b: Charizard|0 fnt
|faint|p2b: Charizard
|-hitcount|p2: Charizard|2
|move|p2a: Sylveon|Hyper Voice|p1b: Maushold
|-damage|p1b: Maushold|27/100
|
|-weather|SunnyDay|[upkeep]
|upkeep
|
|t:|1785921687
|switch|p2b: Garchomp|Garchomp, L50, M|100/100
|turn|6
|
|t:|1785921693
|move|p2a: Sylveon|Quick Attack|p1b: Maushold
|-damage|p1b: Maushold|9/100
|move|p1b: Maushold|Population Bomb|p2a: Sylveon
|-damage|p2a: Sylveon|0 fnt
|faint|p2a: Sylveon
|-hitcount|p2: Sylveon|1
|move|p2b: Garchomp|Dragon Claw|p1b: Maushold
|-damage|p1b: Maushold|0 fnt
|faint|p1b: Maushold
|-damage|p2b: Garchomp|90/100|[from] item: Life Orb
|
|win|Juno48
||hihowareyabro is ready for game 3.
|inactive|Juno48 has 30 seconds to confirm battle start!
||Juno48 is ready for game 3.
|uhtml|next|Next: Game 3 of 3
|l|☆hihowareyabro
|player|p1|
