|j|☆IneverfinishedOR
|j|☆Olciax34
|html|IneverfinishedOROlciax34    
|uhtml|bestof|Game 1 of a best-of-3
|t:|1782512168
|gametype|doubles
|player|p1|IneverfinishedOR|169|1144
|player|p2|Olciax34|clair|1206
|gen|9
|tier|[Gen 9 Champions] VGC 2026 Reg M-B (Bo3)
|rated|
|rule|Species Clause: Limit one of each Pokémon
|rule|Item Clause: Limit 1 of each item
|clearpoke
|poke|p1|Ninetales-Alola, L50, F|
|poke|p1|Froslass, L50, F|
|poke|p1|Milotic, L50, M|
|poke|p1|Aerodactyl, L50, M|
|poke|p1|Sneasler, L50, F|
|poke|p1|Kingambit, L50, M|
|poke|p2|Charizard, L50, F|
|poke|p2|Whimsicott, L50, M|
|poke|p2|Garchomp, L50, F|
|poke|p2|Gholdengo, L50|
|poke|p2|Kangaskhan, L50, F|
|poke|p2|Incineroar, L50, F|
|teampreview|4
|showteam|p1|Ninetales-Alola||FocusSash|SnowWarning|Protect,FreezeDry,Blizzard,Moonblast|Timid||F|||50|]Froslass||Froslassite|CursedBody|Protect,AuroraVeil,Blizzard,ShadowBall|Timid||F|||50|]Milotic||Leftovers|Competitive|Protect,Coil,MuddyWater,Hypnosis|Bold||M|||50|]Aerodactyl||Aerodactylite|Unnerve|Protect,DualWingbeat,RockSlide,Tailwind|Jolly||M|||50|]Sneasler||WhiteHerb|Unburden|Protect,FakeOut,CloseCombat,DireClaw|Adamant||F|||50|]Kingambit||ChopleBerry|Defiant|Protect,SwordsDance,SuckerPunch,KowtowCleave|Adamant||M|||50|
|showteam|p2|Charizard||CharizarditeY|SolarPower|HeatWave,WeatherBall,SolarBeam,Protect|Modest||F|||50|]Whimsicott||FocusSash|Prankster|Moonblast,Tailwind,Encore,Protect|Timid||M|||50|]Garchomp||LifeOrb|RoughSkin|Earthquake,DragonClaw,RockSlide,Protect|Jolly||F|||50|]Gholdengo||SpellTag|GoodasGold|MakeItRain,ShadowBall,NastyPlot,Protect|Modest|||||50|]Kangaskhan||Kangaskhanite|Scrappy|DoubleEdge,IcePunch,LowKick,FakeOut|Adamant||F|||50|]Incineroar||SitrusBerry|Intimidate|FakeOut,ThroatChop,FlareBlitz,PartingShot|Careful||F|||50|
|inactive|Battle timer is ON: inactive players will automatically lose when time's up. (requested by Olciax34)
|inactive|IneverfinishedOR has 60 seconds left.
|inactive|Olciax34 has 60 seconds left.
|inactive|IneverfinishedOR has 30 seconds left.
|inactive|IneverfinishedOR has 20 seconds left.
|inactive|IneverfinishedOR has 15 seconds left.
|inactive|IneverfinishedOR has 10 seconds left.
|
|t:|1782512251
|teamsize|p1|4
|teamsize|p2|4
|start
|switch|p1a: Aerodactyl|Aerodactyl, L50, M|100/100
|switch|p1b: Sneasler|Sneasler, L50, F|100/100
|switch|p2a: Charizard|Charizard, L50, F|100/100
|switch|p2b: Gholdengo|Gholdengo, L50|100/100
|-ability|p1a: Aerodactyl|Unnerve
|turn|1
|inactive|IneverfinishedOR has 30 seconds left.
|inactive|IneverfinishedOR has 20 seconds left.
|inactive|IneverfinishedOR has 15 seconds left.
|
|t:|1782512294
|switch|p1b: Kingambit|Kingambit, L50, M|100/100
|switch|p2a: Incineroar|Incineroar, L50, F|100/100
|-ability|p2a: Incineroar|Intimidate|boost
|-unboost|p1a: Aerodactyl|atk|1
|-unboost|p1b: Kingambit|atk|1
|-ability|p1b: Kingambit|Defiant|boost
|-boost|p1b: Kingambit|atk|2
|detailschange|p1a: Aerodactyl|Aerodactyl-Mega, L50, M
|-mega|p1a: Aerodactyl|Aerodactyl|Aerodactylite
|move|p1a: Aerodactyl|Protect|p1a: Aerodactyl
|-singleturn|p1a: Aerodactyl|Protect
|move|p2b: Gholdengo|Nasty Plot|p2b: Gholdengo
|-boost|p2b: Gholdengo|spa|2
|
|upkeep
|turn|2
|
|t:|1782512315
|switch|p1a: Milotic|Milotic, L50, M|100/100
|move|p1b: Kingambit|Protect|p1b: Kingambit
|-singleturn|p1b: Kingambit|Protect
|move|p2a: Incineroar|Fake Out|p1b: Kingambit
|-activate|p1b: Kingambit|move: Protect
|move|p2b: Gholdengo|Shadow Ball|p1a: Milotic
|-damage|p1a: Milotic|26/100
|
|-heal|p1a: Milotic|32/100|[from] item: Leftovers
|upkeep
|turn|3
|inactive|IneverfinishedOR has 30 seconds left.
|inactive|IneverfinishedOR has 20 seconds left.
|inactive|IneverfinishedOR has 15 seconds left.
|inactive|IneverfinishedOR has 10 seconds left.
|inactive|IneverfinishedOR has 5 seconds left.
|
|t:|1782512368
|move|p2b: Gholdengo|Protect|p2b: Gholdengo
|-singleturn|p2b: Gholdengo|Protect
|move|p1a: Milotic|Muddy Water|p2a: Incineroar|[spread] p2a
|-activate|p2b: Gholdengo|move: Protect
|-supereffective|p2a: Incineroar|1
|-damage|p2a: Incineroar|64/100
|move|p2a: Incineroar|Flare Blitz|p1b: Kingambit
|-supereffective|p1b: Kingambit|1
|-damage|p1b: Kingambit|27/100
|-damage|p2a: Incineroar|39/100|[from] Recoil
|-enditem|p2a: Incineroar|Sitrus Berry|[eat]
|-heal|p2a: Incineroar|64/100|[from] item: Sitrus Berry
|move|p1b: Kingambit|Kowtow Cleave|p2b: Gholdengo
|-activate|p2b: Gholdengo|move: Protect
|
|-heal|p1a: Milotic|38/100|[from] item: Leftovers
|upkeep
|turn|4
|inactive|IneverfinishedOR has 30 seconds left.
|
|t:|1782512397
|move|p1b: Kingambit|Protect|p1b: Kingambit
|-singleturn|p1b: Kingambit|Protect
|move|p2b: Gholdengo|Nasty Plot|p2b: Gholdengo
|-boost|p2b: Gholdengo|spa|2
|move|p1a: Milotic|Muddy Water|p2a: Incineroar|[spread] p2a,p2b
|-supereffective|p2a: Incineroar|1
|-crit|p2a: Incineroar
|-damage|p2a: Incineroar|7/100
|-damage|p2b: Gholdengo|77/100
|-unboost|p2b: Gholdengo|accuracy|1
|move|p2a: Incineroar|Flare Blitz|p1b: Kingambit
|-activate|p1b: Kingambit|move: Protect
|
|-heal|p1a: Milotic|44/100|[from] item: Leftovers
|upkeep
|turn|5
|
|t:|1782512418
|move|p2b: Gholdengo|Protect|p2b: Gholdengo
|-singleturn|p2b: Gholdengo|Protect
|move|p1a: Milotic|Muddy Water|p2b: Gholdengo|[spread] 
|-activate|p2b: Gholdengo|move: Protect
|-miss|p1a: Milotic|p2a: Incineroar
|move|p2a: Incineroar|Flare Blitz|p1b: Kingambit
|-supereffective|p1b: Kingambit|1
|-damage|p1b: Kingambit|0 fnt
|faint|p1b: Kingambit
|-damage|p2a: Incineroar|0 fnt|[from] Recoil
|faint|p2a: Incineroar
|
|-heal|p1a: Milotic|50/100g|[from] item: Leftovers
|upkeep
|
|t:|1782512443
|switch|p2a: Garchomp|Garchomp, L50, F|100/100
|switch|p1b: Aerodactyl|Aerodactyl-Mega, L50, M|100/100
|turn|6
|
|t:|1782512451
|move|p1b: Aerodactyl|Rock Slide|p2b: Gholdengo|[spread] p2a,p2b
|-resisted|p2a: Garchomp|1
|-resisted|p2b: Gholdengo|1
|-damage|p2a: Garchomp|84/100
|-damage|p2b: Gholdengo|63/100
|move|p2a: Garchomp|Rock Slide|p1b: Aerodactyl|[spread] p1a,p1b
|-supereffective|p1b: Aerodactyl|1
|-damage|p1a: Milotic|31/100
|-damage|p1b: Aerodactyl|30/100
|-damage|p2a: Garchomp|75/100|[from] item: Life Orb
|move|p2b: Gholdengo|Shadow Ball|p1a: Milotic
|-damage|p1a: Milotic|0 fnt
|faint|p1a: Milotic
|
|upkeep
|-message|IneverfinishedOR forfeited.
|
|win|Olciax34
