|j|☆chocokoala vgc
|j|☆rowletspin
|html|chocokoala vgcrowletspin    
|uhtml|bestof|Game 2 of a best-of-3
|t:|1784814375
|gametype|doubles
|player|p1|chocokoala vgc|benga|1300
|player|p2|rowletspin|1|1382
|gen|9
|tier|[Gen 9 Champions] VGC 2026 Reg M-B (Bo3)
|rated|
|rule|Species Clause: Limit one of each Pokémon
|rule|Item Clause: Limit 1 of each item
|clearpoke
|poke|p1|Scovillain, L50, M|
|poke|p1|Primarina, L50, F|
|poke|p1|Aerodactyl, L50, F|
|poke|p1|Garchomp, L50, M|
|poke|p1|Gholdengo, L50|
|poke|p1|Grimmsnarl, L50, M|
|poke|p2|Raichu, L50, M|
|poke|p2|Corviknight, L50, F|
|poke|p2|Sylveon, L50, M|
|poke|p2|Basculegion, L50, M|
|poke|p2|Mamoswine, L50, F|
|poke|p2|Tyranitar, L50, M|
|teampreview|4
|showteam|p1|Scovillain||Scovillainite|Moody|Flamethrower,GigaDrain,Protect,RagePowder|Bold||M|||50|]Primarina||Leftovers|LiquidVoice|HyperVoice,Moonblast,Protect,CalmMind|Modest||F|||50|]Aerodactyl||Aerodactylite|Unnerve|RockSlide,DualWingbeat,Protect,Tailwind|Jolly||F|||50|]Garchomp||SoftSand|RoughSkin|Earthquake,StompingTantrum,Protect,DragonClaw|Jolly||M|||50|]Gholdengo||LifeOrb|GoodasGold|MakeItRain,ShadowBall,Protect,NastyPlot|Modest|||||50|]Grimmsnarl||LightClay|Prankster|LightScreen,Reflect,FakeOut,FoulPlay|Sassy||M|||50|
|showteam|p2|Raichu||RaichuniteY|LightningRod|ZapCannon,FocusBlast,FakeOut,Protect|Timid||M|||50|]Corviknight||Leftovers|MirrorArmor|BraveBird,IronHead,Tailwind,Protect|Careful||F|||50|]Sylveon||FairyFeather|Pixilate|HyperVoice,QuickAttack,Protect,Yawn|Modest||M|||50|]Basculegion||MysticWater|Adaptability|WaveCrash,LastRespects,AquaJet,Protect|Adamant||M|||50|]Mamoswine||LifeOrb|Oblivious|HighHorsepower,IcicleCrash,IceShard,Protect|Adamant||F|||50|]Tyranitar||FocusSash|SandStream|RockSlide,KnockOff,Superpower,Protect|Adamant||M|||50|
|inactive|Battle timer is ON: inactive players will automatically lose when time's up. (requested by rowletspin)
|inactive|chocokoala vgc also wants the timer to be on.
|inactive|chocokoala vgc has 60 seconds left.
|inactive|rowletspin has 60 seconds left.
|
|t:|1784814408
|teamsize|p1|4
|teamsize|p2|4
|start
|switch|p1a: Scovillain|Scovillain, L50, M|100/100
|switch|p1b: Garchomp|Garchomp, L50, M|100/100
|switch|p2a: Sylveon|Sylveon, L50, M|100/100
|switch|p2b: Basculegion|Basculegion, L50, M|100/100
|turn|1
|
|t:|1784814417
|switch|p1b: Gholdengo|Gholdengo, L50|100/100
|detailschange|p1a: Scovillain|Scovillain-Mega, L50, M
|-mega|p1a: Scovillain|Scovillain|Scovillainite
|move|p2b: Basculegion|Wave Crash|p1a: Scovillain
|-damage|p1a: Scovillain|10/100
|-status|p2b: Basculegion|brn|[from] ability: Spicy Spray|[of] p1a: Scovillain
|-damage|p2b: Basculegion|75/100 brn|[from] Recoil
|move|p1a: Scovillain|Giga Drain|p2b: Basculegion
|-supereffective|p2b: Basculegion|1
|-damage|p2b: Basculegion|7/100 brn
|-heal|p1a: Scovillain|51/100|[from] drain|[of] p2b: Basculegion
|move|p2a: Sylveon|Hyper Voice|p1b: Gholdengo|[spread] p1a,p1b
|-resisted|p1a: Scovillain|1
|-resisted|p1b: Gholdengo|1
|-damage|p1a: Scovillain|30/100
|-damage|p1b: Gholdengo|75/100
|-status|p2a: Sylveon|brn|[from] ability: Spicy Spray|[of] p1a: Scovillain
|
|-damage|p2b: Basculegion|1/100 brn|[from] brn
|-damage|p2a: Sylveon|94/100 brn|[from] brn
|upkeep
|turn|2
|inactive|rowletspin has 30 seconds left.
|
|t:|1784814448
|move|p1b: Gholdengo|Protect|p1b: Gholdengo
|-singleturn|p1b: Gholdengo|Protect
|move|p1a: Scovillain|Protect|p1a: Scovillain
|-singleturn|p1a: Scovillain|Protect
|move|p2b: Basculegion|Aqua Jet|p1a: Scovillain
|-activate|p1a: Scovillain|move: Protect
|move|p2a: Sylveon|Yawn|p1a: Scovillain
|-activate|p1a: Scovillain|move: Protect
|
|-damage|p2b: Basculegion|0 fnt|[from] brn
|faint|p2b: Basculegion
|-damage|p2a: Sylveon|88/100 brn|[from] brn
|upkeep
|
|t:|1784814455
|switch|p2b: Raichu|Raichu, L50, M|100/100
|turn|3
|
|t:|1784814465
|detailschange|p2b: Raichu|Raichu-Mega-Y, L50, M
|-mega|p2b: Raichu|Raichu|Raichunite Y
|move|p1a: Scovillain|Rage Powder|p1a: Scovillain
|-singleturn|p1a: Scovillain|move: Rage Powder
|move|p2b: Raichu|Zap Cannon|p1a: Scovillain
|-resisted|p1a: Scovillain|1
|-damage|p1a: Scovillain|0 fnt
|-status|p2b: Raichu|brn|[from] ability: Spicy Spray|[of] p1a: Scovillain
|faint|p1a: Scovillain
|move|p1b: Gholdengo|Make It Rain|p2a: Sylveon|[spread] p2a,p2b
|-supereffective|p2a: Sylveon|1
|-resisted|p2b: Raichu|1
|-damage|p2a: Sylveon|0 fnt
|-damage|p2b: Raichu|50/100g brn
|-unboost|p1b: Gholdengo|spa|2
|faint|p2a: Sylveon
|-damage|p1b: Gholdengo|66/100|[from] item: Life Orb
|
|-damage|p2b: Raichu|44/100 brn|[from] brn
|upkeep
|
|t:|1784814476
|switch|p1a: Garchomp|Garchomp, L50, M|100/100
|switch|p2a: Mamoswine|Mamoswine, L50, F|100/100
|turn|4
|
|t:|1784814484
|switch|p1b: Primarina|Primarina, L50, F|100/100
|move|p2a: Mamoswine|Ice Shard|p1a: Garchomp
|-supereffective|p1a: Garchomp|2
|-damage|p1a: Garchomp|0 fnt
|faint|p1a: Garchomp
|-damage|p2a: Mamoswine|90/100|[from] item: Life Orb
|move|p2b: Raichu|Zap Cannon|p1b: Primarina
|-supereffective|p1b: Primarina|1
|-damage|p1b: Primarina|0 fnt
|faint|p1b: Primarina
|
|-damage|p2b: Raichu|39/100 brn|[from] brn
|upkeep
|
|t:|1784814492
|switch|p1b: Gholdengo|Gholdengo, L50|66/100
|turn|5
|
|t:|1784814499
|move|p2b: Raichu|Zap Cannon|p1b: Gholdengo
|-damage|p1b: Gholdengo|0 fnt
|faint|p1b: Gholdengo
|
|win|rowletspin
