|j|‽b1kope
|j|☆Dike Guard
|html|b1kopeDike Guard    
|uhtml|bestof|Game 1 of a best-of-3
|t:|1783599765
|gametype|doubles
|player|p1|b1kope|101|1277
|player|p2|Dike Guard|266|1414
|gen|9
|tier|[Gen 9 Champions] VGC 2026 Reg M-B (Bo3)
|rated|
|rule|Species Clause: Limit one of each Pokémon
|rule|Item Clause: Limit 1 of each item
|clearpoke
|poke|p1|Gengar, L50, F|
|poke|p1|Volcarona, L50, F|
|poke|p1|Sinistcha-Masterpiece, L50|
|poke|p1|Tyranitar, L50, M|
|poke|p1|Dragalge, L50, F|
|poke|p1|Excadrill, L50, M|
|poke|p2|Incineroar, L50, M|
|poke|p2|Sinistcha, L50|
|poke|p2|Sneasler, L50, M|
|poke|p2|Kingambit, L50, M|
|poke|p2|Floette-Eternal, L50, F|
|poke|p2|Basculegion, L50, M|
|teampreview|4
|showteam|p1|Gengar||Gengarite|CursedBody|ShadowBall,SludgeBomb,WillOWisp,Disable|Timid||F|||50|]Volcarona||Leftovers|FlameBody|QuiverDance,HeatWave,GigaDrain,Protect|Bold||F|||50|]Sinistcha-Masterpiece||OccaBerry|Hospitality|RagePowder,MatchaGotcha,TrickRoom,Protect|Modest|||||50|]Tyranitar||Tyranitarite|SandStream|RockSlide,LowKick,IcePunch,Protect|Adamant||M|||50|]Dragalge||LifeOrb|Adaptability|SludgeBomb,DracoMeteor,Scald,Protect|Quiet||F|||50|]Excadrill||FocusSash|SandRush|HighHorsepower,IronHead,Protect,RockSlide|Adamant||M|||50|
|showteam|p2|Incineroar||SitrusBerry|Intimidate|FakeOut,FlareBlitz,HelpingHand,PartingShot|Careful||M|||50|]Sinistcha||KasibBerry|Hospitality|MatchaGotcha,TrickRoom,RagePowder,Protect|Bold|||||50|]Sneasler||FocusSash|PoisonTouch|PoisonJab,CloseCombat,Feint,FakeOut|Jolly||M|||50|]Kingambit||LifeOrb|Defiant|KowtowCleave,SuckerPunch,SwordsDance,Protect|Adamant||M|||50|]Floette-Eternal||Floettite|FlowerVeil|Moonblast,DazzlingGleam,CalmMind,Protect|Modest||F|||50|]Basculegion||ChoiceScarf|Adaptability|WaveCrash,LastRespects,FlipTurn,AquaJet|Jolly||M|||50|
|
|t:|1783599835
|teamsize|p1|4
|teamsize|p2|4
|start
|switch|p1a: Tyranitar|Tyranitar, L50, M|100/100
|switch|p1b: Gengar|Gengar, L50, F|100/100
|switch|p2a: Kingambit|Kingambit, L50, M|100/100
|switch|p2b: Basculegion|Basculegion, L50, M|100/100
|-weather|Sandstorm|[from] ability: Sand Stream|[of] p1a: Tyranitar
|turn|1
|inactive|Battle timer is ON: inactive players will automatically lose when time's up. (requested by Dike Guard)
|
|t:|1783599880
|switch|p2a: Incineroar|Incineroar, L50, M|100/100
|-ability|p2a: Incineroar|Intimidate|boost
|-unboost|p1a: Tyranitar|atk|1
|-unboost|p1b: Gengar|atk|1
|move|p1a: Tyranitar|Protect|p1a: Tyranitar
|-singleturn|p1a: Tyranitar|Protect
|move|p2b: Basculegion|Wave Crash|p1a: Tyranitar
|-activate|p1a: Tyranitar|move: Protect
|move|p1b: Gengar|Will-O-Wisp|p2a: Incineroar|[miss]
|-miss|p1b: Gengar|p2a: Incineroar
|
|-weather|Sandstorm|[upkeep]
|-damage|p2b: Basculegion|93/100|[from] Sandstorm
|-damage|p1b: Gengar|94/100|[from] Sandstorm
|-damage|p2a: Incineroar|94/100|[from] Sandstorm
|upkeep
|turn|2
|
|t:|1783599900
|switch|p1a: Sinistcha|Sinistcha-Masterpiece, L50|100/100
|-heal|p1b: Gengar|100/100|[from] ability: Hospitality|[of] p1a: Sinistcha
|move|p2a: Incineroar|Helping Hand|p2b: Basculegion
|-singleturn|p2b: Basculegion|Helping Hand|[of] p2a: Incineroar
|move|p2b: Basculegion|Wave Crash|p1b: Gengar
|-damage|p1b: Gengar|0 fnt
|-start|p2b: Basculegion|Disable|Wave Crash|[from] ability: Cursed Body|[of] p1b: Gengar
|faint|p1b: Gengar
|-damage|p2b: Basculegion|70/100|[from] Recoil
|
|-weather|Sandstorm|[upkeep]
|-damage|p2b: Basculegion|64/100|[from] Sandstorm
|-damage|p1a: Sinistcha|93/100|[from] Sandstorm
|-damage|p2a: Incineroar|88/100|[from] Sandstorm
|upkeep
|inactive|b1kope has 30 seconds left.
|inactive|b1kope has 20 seconds left.
|
|t:|1783599939
|switch|p1b: Excadrill|Excadrill, L50, M|100/100
|turn|3
|
|t:|1783599962
|switch|p2b: Floette|Floette-Eternal, L50, F|100/100
|move|p1b: Excadrill|High Horsepower|p2a: Incineroar
|-supereffective|p2a: Incineroar|1
|-damage|p2a: Incineroar|0 fnt
|faint|p2a: Incineroar
|move|p1a: Sinistcha|Matcha Gotcha|p2b: Floette
|-damage|p2b: Floette|68/100
|-heal|p1a: Sinistcha|100/100|[from] drain|[of] p2b: Floette
|-status|p2b: Floette|brn
|
|-weather|Sandstorm|[upkeep]
|-damage|p2b: Floette|62/100 brn|[from] Sandstorm
|-damage|p1a: Sinistcha|93/100|[from] Sandstorm
|-damage|p2b: Floette|56/100 brn|[from] brn
|upkeep
|
|t:|1783599984
|switch|p2a: Basculegion|Basculegion, L50, M|64/100
|turn|4
|inactive|Dike Guard has 30 seconds left.
|inactive|Dike Guard has 20 seconds left.
|
|t:|1783600023
|detailschange|p2b: Floette|Floette-Mega, L50, F
|-mega|p2b: Floette|Floette|Floettite
|-ability|p2b: Floette|Fairy Aura
|move|p2b: Floette|Protect|p2b: Floette
|-singleturn|p2b: Floette|Protect
|move|p1b: Excadrill|High Horsepower|p2b: Floette
|-activate|p2b: Floette|move: Protect
|move|p2a: Basculegion|Last Respects|p1a: Sinistcha
|-supereffective|p1a: Sinistcha|1
|-damage|p1a: Sinistcha|0 fnt
|faint|p1a: Sinistcha
|
|-weather|Sandstorm|[upkeep]
|-damage|p2a: Basculegion|58/100|[from] Sandstorm
|-damage|p2b: Floette|50/100g brn|[from] Sandstorm
|-damage|p2b: Floette|44/100 brn|[from] brn
|upkeep
|
|t:|1783600034
|switch|p1a: Tyranitar|Tyranitar, L50, M|100/100
|turn|5
|
|t:|1783600046
|switch|p2a: Kingambit|Kingambit, L50, M|100/100
|detailschange|p1a: Tyranitar|Tyranitar-Mega, L50, M
|-mega|p1a: Tyranitar|Tyranitar|Tyranitarite
|move|p1b: Excadrill|High Horsepower|p2b: Floette
|-damage|p2b: Floette|0 fnt
|faint|p2b: Floette
|move|p1a: Tyranitar|Rock Slide|p2a: Kingambit
|-resisted|p2a: Kingambit|1
|-damage|p2a: Kingambit|81/100
|
|-weather|none
|upkeep
|
|t:|1783600056
|switch|p2b: Basculegion|Basculegion, L50, M|58/100
|turn|6
|
|t:|1783600078
|move|p2a: Kingambit|Sucker Punch|p1b: Excadrill
|-damage|p1b: Excadrill|32/100
|-damage|p2a: Kingambit|71/100|[from] item: Life Orb
|move|p2b: Basculegion|Wave Crash|p1b: Excadrill
|-supereffective|p1b: Excadrill|1
|-damage|p1b: Excadrill|0 fnt
|faint|p1b: Excadrill
|-damage|p2b: Basculegion|48/100|[from] Recoil
|move|p1a: Tyranitar|Low Kick|p2a: Kingambit
|-supereffective|p2a: Kingambit|2
|-damage|p2a: Kingambit|0 fnt
|faint|p2a: Kingambit
|
|upkeep
|turn|7
|
|t:|1783600088
|move|p2b: Basculegion|Wave Crash|p1a: Tyranitar
|-supereffective|p1a: Tyranitar|1
|-damage|p1a: Tyranitar|1/100
|-damage|p2b: Basculegion|13/100|[from] Recoil
|move|p1a: Tyranitar|Rock Slide|p2b: Basculegion
|-damage|p2b: Basculegion|0 fnt
|faint|p2b: Basculegion
|
|win|b1kope
||Dike Guard is ready for game 2.
||b1kope is ready for game 2.
|uhtml|next|Next: Game 2 of 3
|l|‽b1kope
|player|p1|
