|j|☆Lindseyyy
|j|☆MrGreen3432
|html|LindseyyyMrGreen3432    
|uhtml|bestof|Game 2 of a best-of-3
|t:|1754790605
|gametype|doubles
|player|p1|Lindseyyy|rosa|1222
|player|p2|MrGreen3432|cynthia|1236
|gen|9
|tier|[Gen 9] VGC 2025 Reg H (Bo3)
|rated|
|rule|Species Clause: Limit one of each Pokémon
|rule|Item Clause: Limit 1 of each item
|clearpoke
|poke|p1|Tyranitar, L50, M|
|poke|p1|Garchomp, L50, F|
|poke|p1|Rotom-Heat, L50|
|poke|p1|Murkrow, L50, M|
|poke|p1|Amoonguss, L50, F|
|poke|p1|Gholdengo, L50|
|poke|p2|Politoed, L50, F|
|poke|p2|Gothitelle, L50, M|
|poke|p2|Kingdra, L50, M|
|poke|p2|Archaludon, L50, F|
|poke|p2|Amoonguss, L50, M|
|poke|p2|Incineroar, L50, F|
|teampreview|4
|showteam|p1|Tyranitar||AssaultVest|SandStream|TeraBlast,KnockOff,RockSlide,LowKick|||M|||50|,,,,,Flying]Garchomp||ClearAmulet|SandVeil|SwordsDance,StompingTantrum,ScaleShot,Protect|||F|||50|,,,,,Fire]Rotom-Heat||SitrusBerry|Levitate|Overheat,WillOWisp,Protect,Thunderbolt||||||50|,,,,,Grass]Murkrow||Eviolite|Prankster|Tailwind,Taunt,FoulPlay,FeatherDance|||M|||50|,,,,,Ghost]Amoonguss||RockyHelmet|Regenerator|RagePowder,Spore,PollenPuff,ClearSmog|||F|||50|,,,,,Fairy]Gholdengo||ChoiceSpecs|GoodasGold|MakeItRain,ShadowBall,PowerGem,Thunderbolt||||||50|,,,,,Steel
|showteam|p2|Politoed||Leftovers|Drizzle|Protect,PerishSong,WeatherBall,Encore|||F|||50|,,,,,Grass]Gothitelle||SitrusBerry|ShadowTag|Protect,FakeOut,TrickRoom,Psychic|||M|||50|,,,,,Dark]Kingdra||LifeOrb|SwiftSwim|Protect,DracoMeteor,MuddyWater,WeatherBall|||M|||50|,,,,,Stellar]Archaludon||PowerHerb|Sturdy|Protect,ElectroShot,FlashCannon,DragonPulse|||F|||50|,,,,,Electric]Amoonguss||EjectButton|Regenerator|Protect,RagePowder,Spore,PollenPuff|||M|||50|,,,,,Fairy]Incineroar||SafetyGoggles|Intimidate|Protect,FakeOut,PartingShot,KnockOff|||F|||50|,,,,,Ghost
|inactive|Battle timer is ON: inactive players will automatically lose when time's up. (requested by Lindseyyy)
|inactive|Lindseyyy has 60 seconds left.
|
|t:|1754790641
|teamsize|p1|4
|teamsize|p2|4
|start
|switch|p1a: Amoonguss|Amoonguss, L50, F|100/100
|switch|p1b: Gholdengo|Gholdengo, L50|100/100
|switch|p2a: Politoed|Politoed, L50, F|100/100
|switch|p2b: Gothitelle|Gothitelle, L50, M|100/100
|-weather|RainDance|[from] ability: Drizzle|[of] p2a: Politoed
|turn|1
|inactive|Lindseyyy has 30 seconds left.
|inactive|MrGreen3432 has 30 seconds left.
|inactive|Lindseyyy has 20 seconds left.
|
|t:|1754790680
|move|p2a: Politoed|Protect|p2a: Politoed
|-singleturn|p2a: Politoed|Protect
|move|p2b: Gothitelle|Protect|p2b: Gothitelle
|-singleturn|p2b: Gothitelle|Protect
|move|p1b: Gholdengo|Shadow Ball|p2a: Politoed
|-activate|p2a: Politoed|move: Protect
|move|p1a: Amoonguss|Spore|p2b: Gothitelle
|-activate|p2b: Gothitelle|move: Protect
|
|-weather|RainDance|[upkeep]
|upkeep
|turn|2
|inactive|MrGreen3432 has 30 seconds left.
|
|t:|1754790708
|switch|p2a: Amoonguss|Amoonguss, L50, M|100/100
|move|p1b: Gholdengo|Shadow Ball|p2a: Amoonguss
|-damage|p2a: Amoonguss|44/100
|-enditem|p2a: Amoonguss|Eject Button
|
|t:|1754790714
|switch|p2a: Kingdra|Kingdra, L50, M|100/100
|move|p2b: Gothitelle|Psychic|p1a: Amoonguss
|-supereffective|p1a: Amoonguss
|-damage|p1a: Amoonguss|53/100
|move|p1a: Amoonguss|Spore|p2a: Kingdra
|-status|p2a: Kingdra|slp|[from] move: Spore
|
|-weather|RainDance|[upkeep]
|upkeep
|turn|3
|
|t:|1754790738
|switch|p2a: Amoonguss|Amoonguss, L50, M|77/100
|-terastallize|p2b: Gothitelle|Dark
|move|p1b: Gholdengo|Shadow Ball|p2a: Amoonguss
|-damage|p2a: Amoonguss|14/100
|-unboost|p2a: Amoonguss|spd|1
|move|p2b: Gothitelle|Psychic|p1a: Amoonguss
|-supereffective|p1a: Amoonguss
|-damage|p1a: Amoonguss|4/100
|-unboost|p1a: Amoonguss|spd|1
|move|p1a: Amoonguss|Spore|p2b: Gothitelle
|-status|p2b: Gothitelle|slp|[from] move: Spore
|
|-weather|RainDance|[upkeep]
|upkeep
|turn|4
|
|t:|1754790757
|move|p1b: Gholdengo|Shadow Ball|p2b: Gothitelle
|-resisted|p2b: Gothitelle
|-damage|p2b: Gothitelle|75/100 slp
|cant|p2b: Gothitelle|slp
|move|p1a: Amoonguss|Pollen Puff|p2a: Amoonguss
|-damage|p2a: Amoonguss|0 fnt
|faint|p2a: Amoonguss
|
|-weather|RainDance|[upkeep]
|upkeep
|
|t:|1754790763
|switch|p2a: Kingdra|Kingdra, L50, M|100/100 slp
|turn|5
|
|t:|1754790772
|cant|p2a: Kingdra|slp
|move|p1b: Gholdengo|Shadow Ball|p2a: Kingdra
|-damage|p2a: Kingdra|15/100 slp
|cant|p2b: Gothitelle|slp
|move|p1a: Amoonguss|Spore|p2b: Gothitelle
|-fail|p2b: Gothitelle|slp
|
|-weather|none
|upkeep
|turn|6
|
|t:|1754790784
|cant|p2a: Kingdra|slp
|move|p1a: Amoonguss|Rage Powder|p1a: Amoonguss
|-singleturn|p1a: Amoonguss|move: Rage Powder
|move|p1b: Gholdengo|Shadow Ball|p2a: Kingdra
|-damage|p2a: Kingdra|0 fnt
|faint|p2a: Kingdra
|cant|p2b: Gothitelle|slp
|
|upkeep
|
|t:|1754790791
|switch|p2a: Politoed|Politoed, L50, F|100/100
|-weather|RainDance|[from] ability: Drizzle|[of] p2a: Politoed
|turn|7
|
|t:|1754790796
|move|p2a: Politoed|Protect|p2a: Politoed
|-singleturn|p2a: Politoed|Protect
|move|p1b: Gholdengo|Shadow Ball|p2a: Politoed
|-activate|p2a: Politoed|move: Protect
|-curestatus|p2b: Gothitelle|slp|[msg]
|move|p2b: Gothitelle|Psychic|p1a: Amoonguss
|-supereffective|p1a: Amoonguss
|-damage|p1a: Amoonguss|0 fnt
|faint|p1a: Amoonguss
|
|-weather|RainDance|[upkeep]
|upkeep
|
|t:|1754790799
|switch|p1a: Murkrow|Murkrow, L50, M|100/100
|turn|8
|
|t:|1754790814
|move|p1a: Murkrow|Foul Play|p2a: Politoed
|-damage|p2a: Politoed|79/100
|move|p1b: Gholdengo|Shadow Ball|p2a: Politoed
|-damage|p2a: Politoed|24/100
|move|p2a: Politoed|Weather Ball|p1b: Gholdengo
|-damage|p1b: Gholdengo|42/100
|move|p2b: Gothitelle|Trick Room|p2b: Gothitelle
|-fieldstart|move: Trick Room|[of] p2b: Gothitelle
|
|-weather|RainDance|[upkeep]
|-heal|p2a: Politoed|30/100|[from] item: Leftovers
|upkeep
|turn|9
|inactive|Lindseyyy has 30 seconds left.
|
|t:|1754790844
|move|p2b: Gothitelle|Psychic|p1b: Gholdengo
|-resisted|p1b: Gholdengo
|-damage|p1b: Gholdengo|23/100
|move|p2a: Politoed|Weather Ball|p1b: Gholdengo
|-damage|p1b: Gholdengo|0 fnt
|faint|p1b: Gholdengo
|move|p1a: Murkrow|Foul Play|p2a: Politoed
|-damage|p2a: Politoed|7/100
|
|-weather|RainDance|[upkeep]
|-heal|p2a: Politoed|13/100|[from] item: Leftovers
|upkeep
|
|t:|1754790849
|switch|p1b: Garchomp|Garchomp, L50, F|100/100
|turn|10
|
|t:|1754790871
|move|p1b: Garchomp|Protect|p1b: Garchomp
|-singleturn|p1b: Garchomp|Protect
|move|p2b: Gothitelle|Psychic|p1b: Garchomp
|-activate|p1b: Garchomp|move: Protect
|move|p2a: Politoed|Perish Song|p2a: Politoed
|-start|p1a: Murkrow|perish3|[silent]
|-start|p1b: Garchomp|perish3|[silent]
|-start|p2a: Politoed|perish3|[silent]
|-start|p2b: Gothitelle|perish3|[silent]
|-fieldactivate|move: Perish Song
|move|p1a: Murkrow|Foul Play|p2a: Politoed
|-damage|p2a: Politoed|0 fnt
|faint|p2a: Politoed
|
|-weather|RainDance|[upkeep]
|-start|p2b: Gothitelle|perish3
|-start|p1a: Murkrow|perish3
|-start|p1b: Garchomp|perish3
|upkeep
|turn|11
|inactive|MrGreen3432 has 30 seconds left.
|
|t:|1754790897
|move|p2b: Gothitelle|Protect|p2b: Gothitelle
|-singleturn|p2b: Gothitelle|Protect
|move|p1a: Murkrow|Foul Play|p2b: Gothitelle
|-activate|p2b: Gothitelle|move: Protect
|move|p1b: Garchomp|Swords Dance|p1b: Garchomp
|-boost|p1b: Garchomp|atk|2
|
|-weather|none
|-start|p2b: Gothitelle|perish2
|-start|p1a: Murkrow|perish2
|-start|p1b: Garchomp|perish2
|upkeep
|turn|12
|
|t:|1754790902
|move|p2b: Gothitelle|Psychic|p1b: Garchomp
|-damage|p1b: Garchomp|67/100
|move|p1a: Murkrow|Foul Play|p2b: Gothitelle
|-resisted|p2b: Gothitelle
|-damage|p2b: Gothitelle|65/100
|move|p1b: Garchomp|Stomping Tantrum|p2b: Gothitelle
|-damage|p2b: Gothitelle|0 fnt
|faint|p2b: Gothitelle
|
|win|Lindseyyy
|raw|Lindseyyy's rating: 1222 → 1248(+26 for winning)
|raw|MrGreen3432's rating: 1236 → 1210(-26 for losing)
|l|☆MrGreen3432
|player|p2|
