|j|☆DewosZz
|j|☆mertering
|html|DewosZzmertering    
|uhtml|bestof|Game 1 of a best-of-3
|t:|1757657717
|gametype|doubles
|player|p1|DewosZz|2|1115
|player|p2|mertering|2|1057
|gen|9
|tier|[Gen 9] VGC 2025 Reg H (Bo3)
|rated|
|rule|Species Clause: Limit one of each Pokémon
|rule|Item Clause: Limit 1 of each item
|clearpoke
|poke|p1|Dragonite, L50, M|
|poke|p1|Gholdengo, L50|
|poke|p1|Maushold, L50|
|poke|p1|Annihilape, L50, F|
|poke|p1|Ursaluna-Bloodmoon, L50, M|
|poke|p1|Rillaboom, L50, F|
|poke|p2|Samurott-Hisui, L50, M|
|poke|p2|Archaludon, L50, M|
|poke|p2|Pelipper, L50, M|
|poke|p2|Amoonguss, L50, M|
|poke|p2|Electabuzz, L50, M|
|poke|p2|Dragapult, L50, F|
|teampreview|4
|showteam|p1|Dragonite||LoadedDice|Multiscale|ScaleShot,Tailwind,Haze,Protect|||M|||50|,,,,,Fairy]Gholdengo||LifeOrb|GoodasGold|MakeItRain,ShadowBall,NastyPlot,Protect||||||50|,,,,,Water]Maushold||SafetyGoggles|FriendGuard|FollowMe,Protect,BeatUp,SuperFang||||||50|,,,,,Ghost]Annihilape||Leftovers|Defiant|RageFist,DrainPunch,BulkUp,Protect|||F|||50|,,,,,Fire]Ursaluna-Bloodmoon||AssaultVest|MindsEye|BloodMoon,HyperVoice,EarthPower,VacuumWave|||M|||50|,,,,,Water]Rillaboom||MiracleSeed|GrassySurge|WoodHammer,GrassyGlide,FakeOut,HighHorsepower|||F|||50|,,,,,Fire
|showteam|p2|Samurott-Hisui||ChoiceScarf|Sharpness|RazorShell,SacredSword,CeaselessEdge,XScissor|||M|||50|,,,,,Water]Archaludon||AssaultVest|Stamina|DragonPulse,FlashCannon,ElectroShot,BodyPress|||M|||50|,,,,,Grass]Pelipper||FocusSash|Drizzle|Hurricane,WideGuard,Protect,Tailwind|||M|||50|,,,,,Ground]Amoonguss||RockyHelmet|Regenerator|Spore,PollenPuff,RagePowder,Protect|||M|||50|,,,,,Steel]Electabuzz||Eviolite|VitalSpirit|FollowMe,Electroweb,Taunt,Protect|||M|||50|,,,,,Steel]Dragapult||LifeOrb|ClearBody|DragonClaw,Protect,DragonDarts,PhantomForce|||F|||50|,,,,,Dragon
|
|t:|1757657778
|teamsize|p1|4
|teamsize|p2|4
|start
|switch|p1a: Gholdengo|Gholdengo, L50|100/100
|switch|p1b: Dragonite|Dragonite, L50, M|100/100
|switch|p2a: Samurott|Samurott-Hisui, L50, M|100/100
|switch|p2b: Electabuzz|Electabuzz, L50, M|100/100
|turn|1
|
|t:|1757657803
|switch|p1a: Annihilape|Annihilape, L50, F|100/100
|move|p2b: Electabuzz|Follow Me|p2b: Electabuzz
|-singleturn|p2b: Electabuzz|move: Follow Me
|move|p2a: Samurott|Ceaseless Edge|p1a: Annihilape
|-damage|p1a: Annihilape|52/100
|-sidestart|p1: DewosZz|Spikes
|move|p1b: Dragonite|Tailwind|p1b: Dragonite
|-sidestart|p1: DewosZz|move: Tailwind
|
|-heal|p1a: Annihilape|59/100|[from] item: Leftovers
|upkeep
|turn|2
|
|t:|1757657825
|move|p2b: Electabuzz|Follow Me|p2b: Electabuzz
|-singleturn|p2b: Electabuzz|move: Follow Me
|move|p1a: Annihilape|Drain Punch|p2b: Electabuzz
|-damage|p2b: Electabuzz|68/100
|-heal|p1a: Annihilape|71/100|[from] drain|[of] p2b: Electabuzz
|move|p1b: Dragonite|Scale Shot|p2b: Electabuzz
|-damage|p2b: Electabuzz|55/100
|-damage|p2b: Electabuzz|42/100
|-crit|p2b: Electabuzz
|-damage|p2b: Electabuzz|21/100
|-damage|p2b: Electabuzz|7/100
|-hitcount|p2b: Electabuzz|4
|-unboost|p1b: Dragonite|def|1
|-boost|p1b: Dragonite|spe|1
|move|p2a: Samurott|Ceaseless Edge|p1a: Annihilape
|-damage|p1a: Annihilape|23/100
|-sidestart|p1: DewosZz|Spikes
|
|-heal|p1a: Annihilape|29/100|[from] item: Leftovers
|upkeep
|turn|3
|
|t:|1757657853
|switch|p2a: Pelipper|Pelipper, L50, M|100/100
|-weather|RainDance|[from] ability: Drizzle|[of] p2a: Pelipper
|move|p2b: Electabuzz|Protect|p2b: Electabuzz
|-singleturn|p2b: Electabuzz|Protect
|move|p1b: Dragonite|Scale Shot|p2b: Electabuzz
|-activate|p2b: Electabuzz|move: Protect
|move|p1a: Annihilape|Drain Punch|p2a: Pelipper
|-resisted|p2a: Pelipper
|-damage|p2a: Pelipper|82/100
|-heal|p1a: Annihilape|36/100|[from] drain|[of] p2a: Pelipper
|
|-weather|RainDance|[upkeep]
|-heal|p1a: Annihilape|42/100|[from] item: Leftovers
|upkeep
|turn|4
|
|t:|1757657888
|move|p2b: Electabuzz|Follow Me|p2b: Electabuzz
|-singleturn|p2b: Electabuzz|move: Follow Me
|move|p1b: Dragonite|Scale Shot|p2b: Electabuzz
|-damage|p2b: Electabuzz|0 fnt
|faint|p2b: Electabuzz
|-hitcount|p2: Electabuzz|1
|-unboost|p1b: Dragonite|def|1
|-boost|p1b: Dragonite|spe|1
|move|p1a: Annihilape|Rage Fist|p2a: Pelipper
|-damage|p2a: Pelipper|6/100
|move|p2a: Pelipper|Tailwind|p2a: Pelipper
|-sidestart|p2: mertering|move: Tailwind
|
|-weather|RainDance|[upkeep]
|-heal|p1a: Annihilape|49/100|[from] item: Leftovers
|-sideend|p1: DewosZz|move: Tailwind
|upkeep
|
|t:|1757657904
|switch|p2b: Samurott|Samurott-Hisui, L50, M|100/100
|turn|5
|
|t:|1757657933
|switch|p1a: Maushold|Maushold, L50|100/100
|-damage|p1a: Maushold|84/100|[from] Spikes
|-terastallize|p2b: Samurott|Water
|move|p2a: Pelipper|Protect|p2a: Pelipper
|-singleturn|p2a: Pelipper|Protect
|move|p2b: Samurott|Razor Shell|p1a: Maushold|[miss]
|-miss|p2b: Samurott|p1a: Maushold
|move|p1b: Dragonite|Tailwind|p1b: Dragonite
|-sidestart|p1: DewosZz|move: Tailwind
|
|-weather|RainDance|[upkeep]
|upkeep
|turn|6
|
|t:|1757657951
|move|p1b: Dragonite|Scale Shot|p2b: Samurott
|-damage|p2b: Samurott|83/100
|-damage|p2b: Samurott|66/100
|-damage|p2b: Samurott|50/100
|-damage|p2b: Samurott|35/100
|-hitcount|p2b: Samurott|4
|-unboost|p1b: Dragonite|def|1
|-boost|p1b: Dragonite|spe|1
|move|p2b: Samurott|Razor Shell|p1a: Maushold
|-damage|p1a: Maushold|0 fnt
|faint|p1a: Maushold
|move|p2a: Pelipper|Hurricane|p1b: Dragonite
|-damage|p1b: Dragonite|74/100
|
|-weather|RainDance|[upkeep]
|upkeep
|
|t:|1757657962
|switch|p1a: Annihilape|Annihilape, L50, F|49/100
|-damage|p1a: Annihilape|32/100|[from] Spikes
|turn|7
|
|t:|1757657980
|switch|p2b: Archaludon|Archaludon, L50, M, shiny|100/100
|move|p1b: Dragonite|Protect|p1b: Dragonite
|-singleturn|p1b: Dragonite|Protect
|move|p1a: Annihilape|Protect|p1a: Annihilape
|-singleturn|p1a: Annihilape|Protect
|move|p2a: Pelipper|Protect||[still]
|-fail|p2a: Pelipper
|
|-weather|none
|-heal|p1a: Annihilape|38/100|[from] item: Leftovers
|-sideend|p2: mertering|move: Tailwind
|upkeep
|turn|8
|
|t:|1757658010
|switch|p2a: Samurott|Samurott-Hisui, L50, M, tera:Water|35/100
|move|p1b: Dragonite|Scale Shot|p2a: Samurott
|-damage|p2a: Samurott|18/100
|-damage|p2a: Samurott|0 fnt
|faint|p2a: Samurott
|-hitcount|p2: Samurott|2
|-unboost|p1b: Dragonite|def|1
|-boost|p1b: Dragonite|spe|1
|move|p1a: Annihilape|Drain Punch|p2b: Archaludon
|-supereffective|p2b: Archaludon
|-damage|p2b: Archaludon|60/100
|-heal|p1a: Annihilape|58/100|[from] drain|[of] p2b: Archaludon
|-ability|p2b: Archaludon|Stamina|boost
|-boost|p2b: Archaludon|def|1
|move|p2b: Archaludon|Dragon Pulse|p1a: Annihilape
|-damage|p1a: Annihilape|20/100
|
|-heal|p1a: Annihilape|26/100|[from] item: Leftovers
|-sideend|p1: DewosZz|move: Tailwind
|upkeep
|
|t:|1757658029
|switch|p2a: Pelipper|Pelipper, L50, M|6/100
|-weather|RainDance|[from] ability: Drizzle|[of] p2a: Pelipper
|turn|9
|
|t:|1757658046
|move|p2a: Pelipper|Protect|p2a: Pelipper
|-singleturn|p2a: Pelipper|Protect
|move|p1b: Dragonite|Scale Shot|p2a: Pelipper
|-activate|p2a: Pelipper|move: Protect
|move|p1a: Annihilape|Rage Fist|p2b: Archaludon
|-damage|p2b: Archaludon|23/100
|-ability|p2b: Archaludon|Stamina|boost
|-boost|p2b: Archaludon|def|1
|move|p2b: Archaludon|Electro Shot||[still]
|-prepare|p2b: Archaludon|Electro Shot
|-boost|p2b: Archaludon|spa|1
|-anim|p2b: Archaludon|Electro Shot|p1a: Annihilape
|-damage|p1a: Annihilape|0 fnt
|faint|p1a: Annihilape
|
|-weather|RainDance|[upkeep]
|upkeep
|
|t:|1757658054
|switch|p1a: Gholdengo|Gholdengo, L50|100/100
|-damage|p1a: Gholdengo|84/100|[from] Spikes
|turn|10
|
|t:|1757658088
|move|p2a: Pelipper|Wide Guard|p2a: Pelipper
|-singleturn|p2a: Pelipper|Wide Guard
|move|p1b: Dragonite|Scale Shot|p2b: Archaludon
|-damage|p2b: Archaludon|18/100
|-ability|p2b: Archaludon|Stamina|boost
|-boost|p2b: Archaludon|def|1
|-damage|p2b: Archaludon|14/100
|-ability|p2b: Archaludon|Stamina|boost
|-boost|p2b: Archaludon|def|1
|-crit|p2b: Archaludon
|-damage|p2b: Archaludon|0 fnt
|faint|p2b: Archaludon
|-hitcount|p2: Archaludon|3
|-unboost|p1b: Dragonite|def|1
|-boost|p1b: Dragonite|spe|1
|move|p1a: Gholdengo|Shadow Ball|p2a: Pelipper
|-damage|p2a: Pelipper|0 fnt
|faint|p2a: Pelipper
|-damage|p1a: Gholdengo|74/100|[from] item: Life Orb
|
|win|DewosZz
|inactive|DewosZz has 30 seconds to confirm battle start!
|inactive|mertering has 30 seconds to confirm battle start!
||mertering is ready for game 2.
|inactive|DewosZz has 20 seconds to confirm battle start!
|inactive|DewosZz has 10 seconds to confirm battle start!
||DewosZz is ready for game 2.
|uhtml|next|Next: Game 2 of 3
