|j|☆stainlesssgym
|j|☆KrsCrossAppleSauce
|html|stainlesssgymKrsCrossAppleSauce    
|uhtml|bestof|Game 2 of a best-of-3
|t:|1756237007
|gametype|doubles
|player|p1|stainlesssgym|colress|1117
|player|p2|KrsCrossAppleSauce|green|1146
|gen|9
|tier|[Gen 9] VGC 2025 Reg H (Bo3)
|rated|
|rule|Species Clause: Limit one of each Pokémon
|rule|Item Clause: Limit 1 of each item
|clearpoke
|poke|p1|Annihilape, L50, M|
|poke|p1|Dragonite, L50, F|
|poke|p1|Gholdengo, L50|
|poke|p1|Electabuzz, L50, M|
|poke|p1|Rillaboom, L50, M|
|poke|p1|Incineroar, L50, M|
|poke|p2|Sneasler, L50, F|
|poke|p2|Gholdengo, L50|
|poke|p2|Dondozo, L50, M|
|poke|p2|Rillaboom, L50, M|
|poke|p2|Volcarona, L50, F|
|poke|p2|Electabuzz, L50, F|
|teampreview|4
|showteam|p1|Annihilape||FocusSash|Defiant|Taunt,CloseCombat,RageFist,Coaching|||M|||50|,,,,,Stellar]Dragonite||LoadedDice|Multiscale|Protect,ScaleShot,Haze,ExtremeSpeed|||F|||50|,,,,,Fairy]Gholdengo||SitrusBerry|GoodasGold|MakeItRain,ShadowBall,NastyPlot,Protect||||||50|,,,,,Water]Electabuzz||Eviolite|VitalSpirit|Protect,Electroweb,Taunt,FollowMe|||M|||50|,,,,,Dragon]Rillaboom||AssaultVest|GrassySurge|FakeOut,WoodHammer,HighHorsepower,GrassyGlide|||M|||50|,,,,,Fire]Incineroar||MirrorHerb|Intimidate|FakeOut,PartingShot,FlareBlitz,KnockOff|||M|||50|,,,,,Ghost
|showteam|p2|Sneasler||FocusSash|PoisonTouch|FakeOut,DireClaw,CloseCombat,Protect|||F|||50|,,,,,Dark]Gholdengo||LifeOrb|GoodasGold|MakeItRain,ShadowBall,NastyPlot,Protect||||||50|,,,,,Water]Dondozo||Leftovers|Unaware|WaveCrash,Yawn,Fissure,Protect|||M|||50|,,,,,Psychic]Rillaboom||AssaultVest|GrassySurge|FakeOut,WoodHammer,GrassyGlide,Uturn|||M|||50|,,,,,Fire]Volcarona||CovertCloak|FlameBody|HeatWave,QuiverDance,TeraBlast,Protect|||F|||50|,,,,,Fairy]Electabuzz||Eviolite|VitalSpirit|Thunderbolt,FollowMe,Taunt,Protect|||F|||50|,,,,,Ghost
|
|t:|1756237033
|teamsize|p1|4
|teamsize|p2|4
|start
|switch|p1a: Electabuzz|Electabuzz, L50, M|100/100
|switch|p1b: Gholdengo|Gholdengo, L50|100/100
|switch|p2a: Volcarona|Volcarona, L50, F|100/100
|switch|p2b: Electabuzz|Electabuzz, L50, F|100/100
|turn|1
|
|t:|1756237079
|move|p1a: Electabuzz|Taunt|p2b: Electabuzz
|-start|p2b: Electabuzz|move: Taunt
|move|p2a: Volcarona|Quiver Dance|p2a: Volcarona
|-boost|p2a: Volcarona|spa|1
|-boost|p2a: Volcarona|spd|1
|-boost|p2a: Volcarona|spe|1
|move|p1b: Gholdengo|Nasty Plot|p1b: Gholdengo
|-boost|p1b: Gholdengo|spa|2
|cant|p2b: Electabuzz|move: Taunt|Taunt
|
|upkeep
|turn|2
|
|t:|1756237146
|switch|p1a: Dragonite|Dragonite, L50, F|100/100
|switch|p2b: Sneasler|Sneasler, L50, F|100/100
|-terastallize|p1b: Gholdengo|Water
|move|p2a: Volcarona|Protect|p2a: Volcarona
|-singleturn|p2a: Volcarona|Protect
|move|p1b: Gholdengo|Shadow Ball|p2a: Volcarona
|-activate|p2a: Volcarona|move: Protect
|
|upkeep
|turn|3
|
|t:|1756237203
|move|p1a: Dragonite|Protect|p1a: Dragonite
|-singleturn|p1a: Dragonite|Protect
|move|p2b: Sneasler|Fake Out|p1a: Dragonite
|-activate|p1a: Dragonite|move: Protect
|move|p2a: Volcarona|Heat Wave|p1b: Gholdengo|[spread] p1b
|-activate|p1a: Dragonite|move: Protect
|-resisted|p1b: Gholdengo
|-damage|p1b: Gholdengo|73/100
|move|p1b: Gholdengo|Make It Rain|p2b: Sneasler|[spread] p2a,p2b
|-resisted|p2a: Volcarona
|-damage|p2a: Volcarona|71/100
|-enditem|p2b: Sneasler|Focus Sash
|-damage|p2b: Sneasler|1/100
|-unboost|p1b: Gholdengo|spa|1
|
|upkeep
|turn|4
|
|t:|1756237229
|switch|p2b: Electabuzz|Electabuzz, L50, F|100/100
|move|p2a: Volcarona|Protect|p2a: Volcarona
|-singleturn|p2a: Volcarona|Protect
|move|p1b: Gholdengo|Shadow Ball|p2a: Volcarona
|-activate|p2a: Volcarona|move: Protect
|move|p1a: Dragonite|Scale Shot|p2a: Volcarona
|-activate|p2a: Volcarona|move: Protect
|
|upkeep
|turn|5
|
|t:|1756237261
|switch|p1b: Electabuzz|Electabuzz, L50, M|100/100
|move|p2b: Electabuzz|Follow Me|p2b: Electabuzz
|-singleturn|p2b: Electabuzz|move: Follow Me
|move|p2a: Volcarona|Heat Wave|p1a: Dragonite|[spread] p1a,p1b
|-resisted|p1a: Dragonite
|-damage|p1a: Dragonite|87/100
|-damage|p1b: Electabuzz|54/100
|-status|p1a: Dragonite|brn
|move|p1a: Dragonite|Haze|p1a: Dragonite
|-clearallboost
|
|-damage|p1a: Dragonite|81/100 brn|[from] brn
|upkeep
|turn|6
|c|☆stainlesssgym|what
|
|t:|1756237303
|move|p1b: Electabuzz|Taunt|p2a: Volcarona
|-start|p2a: Volcarona|move: Taunt
|cant|p2a: Volcarona|move: Taunt|Quiver Dance
|move|p1a: Dragonite|Scale Shot|p2a: Volcarona
|-damage|p2a: Volcarona|62/100
|-damage|p2a: Volcarona|52/100
|-damage|p2a: Volcarona|44/100
|-crit|p2a: Volcarona
|-damage|p2a: Volcarona|29/100
|-damage|p2a: Volcarona|21/100
|-hitcount|p2a: Volcarona|5
|-unboost|p1a: Dragonite|def|1
|-boost|p1a: Dragonite|spe|1
|move|p2b: Electabuzz|Taunt|p1b: Electabuzz
|-start|p1b: Electabuzz|move: Taunt
|
|-damage|p1a: Dragonite|75/100 brn|[from] brn
|upkeep
|turn|7
|
|t:|1756237344
|switch|p2a: Gholdengo|Gholdengo, L50|100/100
|move|p1a: Dragonite|Scale Shot|p2b: Electabuzz
|-damage|p2b: Electabuzz|95/100
|-damage|p2b: Electabuzz|90/100
|-damage|p2b: Electabuzz|85/100
|-damage|p2b: Electabuzz|80/100
|-hitcount|p2b: Electabuzz|4
|-unboost|p1a: Dragonite|def|1
|-boost|p1a: Dragonite|spe|1
|move|p1b: Electabuzz|Electroweb|p2a: Gholdengo|[spread] p2a,p2b
|-resisted|p2b: Electabuzz
|-damage|p2a: Gholdengo|85/100
|-damage|p2b: Electabuzz|74/100
|-unboost|p2a: Gholdengo|spe|1
|-unboost|p2b: Electabuzz|spe|1
|move|p2b: Electabuzz|Thunderbolt|p1a: Dragonite
|-damage|p1a: Dragonite|42/100 brn
|
|-damage|p1a: Dragonite|36/100 brn|[from] brn
|upkeep
|turn|8
|
|t:|1756237393
|switch|p1b: Gholdengo|Gholdengo, L50, tera:Water|73/100
|move|p2b: Electabuzz|Follow Me|p2b: Electabuzz
|-singleturn|p2b: Electabuzz|move: Follow Me
|move|p1a: Dragonite|Scale Shot|p2b: Electabuzz
|-damage|p2b: Electabuzz|68/100
|-damage|p2b: Electabuzz|63/100
|-damage|p2b: Electabuzz|57/100
|-damage|p2b: Electabuzz|52/100
|-hitcount|p2b: Electabuzz|4
|-unboost|p1a: Dragonite|def|1
|-boost|p1a: Dragonite|spe|1
|move|p2a: Gholdengo|Shadow Ball|p1b: Gholdengo
|-damage|p1b: Gholdengo|11/100
|-enditem|p1b: Gholdengo|Sitrus Berry|[eat]
|-heal|p1b: Gholdengo|36/100|[from] item: Sitrus Berry
|-damage|p2a: Gholdengo|75/100|[from] item: Life Orb
|
|-damage|p1a: Dragonite|30/100 brn|[from] brn
|upkeep
|turn|9
|
|t:|1756237449
|move|p2b: Electabuzz|Follow Me|p2b: Electabuzz
|-singleturn|p2b: Electabuzz|move: Follow Me
|move|p1a: Dragonite|Scale Shot|p2b: Electabuzz
|-damage|p2b: Electabuzz|46/100
|-damage|p2b: Electabuzz|40/100
|-damage|p2b: Electabuzz|34/100
|-damage|p2b: Electabuzz|29/100
|-damage|p2b: Electabuzz|23/100
|-hitcount|p2b: Electabuzz|5
|-unboost|p1a: Dragonite|def|1
|-boost|p1a: Dragonite|spe|1
|move|p1b: Gholdengo|Shadow Ball|p2b: Electabuzz
|-damage|p2b: Electabuzz|0 fnt
|faint|p2b: Electabuzz
|move|p2a: Gholdengo|Shadow Ball|p1b: Gholdengo
|-damage|p1b: Gholdengo|0 fnt
|faint|p1b: Gholdengo
|-damage|p2a: Gholdengo|66/100|[from] item: Life Orb
|
|-damage|p1a: Dragonite|24/100 brn|[from] brn
|upkeep
|
|t:|1756237474
|switch|p1b: Rillaboom|Rillaboom, L50, M|100/100
|switch|p2b: Sneasler|Sneasler, L50, F|1/100
|-fieldstart|move: Grassy Terrain|[from] ability: Grassy Surge|[of] p1b: Rillaboom
|turn|10
|
|t:|1756237528
|switch|p1b: Electabuzz|Electabuzz, L50, M|54/100
|move|p2b: Sneasler|Fake Out|p1b: Electabuzz
|-damage|p1b: Electabuzz|42/100
|move|p1a: Dragonite|Scale Shot|p2b: Sneasler|[miss]
|-miss|p1a: Dragonite|p2b: Sneasler
|move|p2a: Gholdengo|Make It Rain|p1b: Electabuzz|[spread] p1a,p1b
|-resisted|p1b: Electabuzz
|-damage|p1a: Dragonite|0 fnt
|-damage|p1b: Electabuzz|13/100
|-unboost|p2a: Gholdengo|spa|1
|faint|p1a: Dragonite
|-damage|p2a: Gholdengo|56/100|[from] item: Life Orb
|
|-heal|p2b: Sneasler|7/100|[from] Grassy Terrain
|-heal|p1b: Electabuzz|19/100|[from] Grassy Terrain
|-heal|p2a: Gholdengo|62/100|[from] Grassy Terrain
|upkeep
|
|t:|1756237535
|switch|p1a: Rillaboom|Rillaboom, L50, M|100/100
|turn|11
|
|t:|1756237554
|move|p2b: Sneasler|Protect|p2b: Sneasler
|-singleturn|p2b: Sneasler|Protect
|move|p2a: Gholdengo|Protect|p2a: Gholdengo
|-singleturn|p2a: Gholdengo|Protect
|move|p1b: Electabuzz|Follow Me|p1b: Electabuzz
|-singleturn|p1b: Electabuzz|move: Follow Me
|move|p1a: Rillaboom|High Horsepower|p2a: Gholdengo
|-activate|p2a: Gholdengo|move: Protect
|
|-heal|p2b: Sneasler|13/100|[from] Grassy Terrain
|-heal|p1b: Electabuzz|25/100|[from] Grassy Terrain
|-heal|p2a: Gholdengo|68/100|[from] Grassy Terrain
|upkeep
|turn|12
|
|t:|1756237572
|switch|p2a: Volcarona|Volcarona, L50, F|21/100
|move|p1b: Electabuzz|Follow Me|p1b: Electabuzz
|-singleturn|p1b: Electabuzz|move: Follow Me
|move|p2b: Sneasler|Dire Claw|p1b: Electabuzz
|-damage|p1b: Electabuzz|0 fnt
|faint|p1b: Electabuzz
|move|p1a: Rillaboom|High Horsepower|p2b: Sneasler
|-supereffective|p2b: Sneasler
|-crit|p2b: Sneasler
|-damage|p2b: Sneasler|0 fnt
|faint|p2b: Sneasler
|
|-heal|p2a: Volcarona|27/100|[from] Grassy Terrain
|upkeep
|
|t:|1756237580
|switch|p2b: Gholdengo|Gholdengo, L50|68/100
|turn|13
|
|t:|1756237592
|move|p2a: Volcarona|Heat Wave|p1a: Rillaboom
|-supereffective|p1a: Rillaboom
|-damage|p1a: Rillaboom|32/100
|move|p2b: Gholdengo|Shadow Ball|p1a: Rillaboom
|-damage|p1a: Rillaboom|0 fnt
|faint|p1a: Rillaboom
|-damage|p2b: Gholdengo|58/100|[from] item: Life Orb
|
|win|KrsCrossAppleSauce
|raw|stainlesssgym's rating: 1117 → 1094(-23 for losing)
|raw|KrsCrossAppleSauce's rating: 1146 → 1169(+23 for winning)
