|j|☆wentei
|j|☆AwesomeCCAs
|html|wenteiAwesomeCCAs    
|uhtml|bestof|Game 1 of a best-of-3
|t:|1784368219
|gametype|doubles
|player|p1|wentei|1|1097
|player|p2|AwesomeCCAs|cynthia-masters4|1000
|gen|9
|tier|[Gen 9 Champions] VGC 2026 Reg M-B (Bo3)
|rated|
|rule|Species Clause: Limit one of each Pokémon
|rule|Item Clause: Limit 1 of each item
|clearpoke
|poke|p1|Venusaur, L50, M|
|poke|p1|Charizard, L50, F|
|poke|p1|Grimmsnarl, L50, M|
|poke|p1|Archaludon, L50, M|
|poke|p1|Basculegion, L50, M|
|poke|p1|Pelipper, L50, F|
|poke|p2|Pidgeot, L50, F|
|poke|p2|Sylveon, L50, F|
|poke|p2|Incineroar, L50, F|
|poke|p2|Pikachu, L50, F|
|poke|p2|Charizard, L50, F|
|poke|p2|Pelipper, L50, F|
|teampreview|4
|showteam|p1|Venusaur||FocusSash|Chlorophyll|SludgeBomb,EarthPower,SleepPowder,Protect|Modest||M|||50|]Charizard||CharizarditeY|Blaze|Protect,HeatWave,SolarBeam,WeatherBall|Modest||F|||50|]Grimmsnarl||LightClay|Prankster|SpiritBreak,LightScreen,Reflect,PartingShot|Sassy||M|||50|]Archaludon||Leftovers|Stamina|ElectroShot,DragonPulse,FlashCannon,Protect|Calm||M|||50|]Basculegion||ChoiceScarf|Adaptability|WaveCrash,LastRespects,AquaJet,FlipTurn|Jolly||M|||50|]Pelipper||SitrusBerry|Drizzle|Hurricane,WeatherBall,Tailwind,WideGuard|Modest||F|||50|
|showteam|p2|Pidgeot||Pidgeotite|KeenEye|HeatWave,Protect,Hurricane,Tailwind|Modest||F|||50|]Sylveon||ChoiceScarf|Pixilate|DazzlingGleam,HyperBeam,Moonblast,HyperVoice|Modest||F|||50|]Incineroar||SitrusBerry|Intimidate|FakeOut,PartingShot,DarkestLariat,Taunt|Serious||F|||50|]Pikachu||LightBall|LightningRod|Thunder,Thunderbolt,VoltSwitch,FakeOut|Timid||F|||50|]Charizard||CharizarditeY|Blaze|AirSlash,AncientPower,BrickBreak,BodySlam|Rash||F|||50|]Pelipper||Leftovers|Drizzle|Acrobatics,Hurricane,AirSlash,Blizzard|Quiet||F|||50|
|inactive|Battle timer is ON: inactive players will automatically lose when time's up. (requested by wentei)
|
|t:|1784368254
|teamsize|p1|4
|teamsize|p2|4
|start
|switch|p1a: Venusaur|Venusaur, L50, M|100/100
|switch|p1b: Archaludon|Archaludon, L50, M|100/100
|switch|p2a: Pidgeot|Pidgeot, L50, F|100/100
|switch|p2b: Pikachu|Pikachu, L50, F|100/100
|turn|1
|c|☆AwesomeCCAs|BOW BEFORE YOUR NEW GOD!!!!
|c|☆wentei|im ready lets see it dude
|inactive|wentei has 30 seconds left.
|inactive|AwesomeCCAs has 30 seconds left.
|inactive|wentei has 20 seconds left.
|
|t:|1784368290
|detailschange|p2a: Pidgeot|Pidgeot-Mega, L50, F
|-mega|p2a: Pidgeot|Pidgeot|Pidgeotite
|move|p1b: Archaludon|Protect|p1b: Archaludon
|-singleturn|p1b: Archaludon|Protect
|move|p2b: Pikachu|Fake Out|p1b: Archaludon
|-activate|p1b: Archaludon|move: Protect
|move|p2a: Pidgeot|Heat Wave|p1b: Archaludon|[spread] p1a
|-activate|p1b: Archaludon|move: Protect
|-supereffective|p1a: Venusaur|1
|-damage|p1a: Venusaur|35/100
|move|p1a: Venusaur|Sleep Powder|p2a: Pidgeot
|-status|p2a: Pidgeot|slp|[from] move: Sleep Powder
|
|upkeep
|turn|2
|inactive|AwesomeCCAs has 30 seconds left.
|inactive|AwesomeCCAs has 20 seconds left.
|
|t:|1784368329
|switch|p2a: Trans Pride|Sylveon, L50, F|100/100
|switch|p1a: Pelipper|Pelipper, L50, F|100/100
|-weather|RainDance|[from] ability: Drizzle|[of] p1a: Pelipper
|move|p2b: Pikachu|Volt Switch|p1a: Pelipper
|-supereffective|p1a: Pelipper|2
|-damage|p1a: Pelipper|0 fnt
|faint|p1a: Pelipper
|
|t:|1784368339
|switch|p2b: Incineroar|Incineroar, L50, F|100/100|[from] Volt Switch
|-ability|p2b: Incineroar|Intimidate|boost
|-unboost|p1b: Archaludon|atk|1
|move|p1b: Archaludon|Electro Shot||[still]
|-prepare|p1b: Archaludon|Electro Shot
|-boost|p1b: Archaludon|spa|1
|-anim|p1b: Archaludon|Electro Shot|p2a: Trans Pride
|-damage|p2a: Trans Pride|62/100
|
|-weather|RainDance|[upkeep]
|upkeep
|
|t:|1784368351
|switch|p1a: Charizard|Charizard, L50, F|100/100
|turn|3
|inactive|AwesomeCCAs has 30 seconds left.
|inactive|AwesomeCCAs has 20 seconds left.
|inactive|AwesomeCCAs has 15 seconds left.
|
|t:|1784368392
|move|p1a: Charizard|Protect|p1a: Charizard
|-singleturn|p1a: Charizard|Protect
|move|p2b: Incineroar|Fake Out|p1a: Charizard
|-activate|p1a: Charizard|move: Protect
|move|p2a: Trans Pride|Hyper Beam|p1b: Archaludon
|-damage|p1b: Archaludon|20/100y
|-mustrecharge|p2a: Trans Pride
|-ability|p1b: Archaludon|Stamina|boost
|-boost|p1b: Archaludon|def|1
|move|p1b: Archaludon|Electro Shot||[still]
|-prepare|p1b: Archaludon|Electro Shot
|-boost|p1b: Archaludon|spa|1
|-anim|p1b: Archaludon|Electro Shot|p2a: Trans Pride
|-damage|p2a: Trans Pride|12/100
|
|-weather|RainDance|[upkeep]
|-heal|p1b: Archaludon|26/100|[from] item: Leftovers
|upkeep
|turn|4
|inactive|wentei has 30 seconds left.
|inactive|wentei has 20 seconds left.
|inactive|wentei has 15 seconds left.
|
|t:|1784368432
|detailschange|p1a: Charizard|Charizard-Mega-Y, L50, F
|-mega|p1a: Charizard|Charizard|Charizardite Y
|-weather|SunnyDay|[from] ability: Drought|[of] p1a: Charizard
|move|p1a: Charizard|Heat Wave|p2a: Trans Pride|[spread] p2a
|-miss|p1a: Charizard|p2b: Incineroar
|-damage|p2a: Trans Pride|0 fnt
|faint|p2a: Trans Pride
|move|p1b: Archaludon|Dragon Pulse|p2b: Incineroar
|-damage|p2b: Incineroar|34/100
|-enditem|p2b: Incineroar|Sitrus Berry|[eat]
|-heal|p2b: Incineroar|58/100|[from] item: Sitrus Berry
|move|p2b: Incineroar|Parting Shot|p1a: Charizard
|-unboost|p1a: Charizard|atk|1
|-unboost|p1a: Charizard|spa|1
|
|t:|1784368447
|switch|p2b: Pikachu|Pikachu, L50, F|100/100|[from] Parting Shot
|
|-weather|SunnyDay|[upkeep]
|-heal|p1b: Archaludon|32/100|[from] item: Leftovers
|upkeep
|
|t:|1784368458
|switch|p2a: Incineroar|Incineroar, L50, F|58/100
|-ability|p2a: Incineroar|Intimidate|boost
|-unboost|p1a: Charizard|atk|1
|-unboost|p1b: Archaludon|atk|1
|turn|5
|
|t:|1784368478
|move|p1a: Charizard|Protect|p1a: Charizard
|-singleturn|p1a: Charizard|Protect
|move|p1b: Archaludon|Protect|p1b: Archaludon
|-singleturn|p1b: Archaludon|Protect
|move|p2b: Pikachu|Fake Out|p1a: Charizard
|-activate|p1a: Charizard|move: Protect
|move|p2a: Incineroar|Fake Out|p1b: Archaludon
|-activate|p1b: Archaludon|move: Protect
|
|-weather|SunnyDay|[upkeep]
|-heal|p1b: Archaludon|38/100|[from] item: Leftovers
|upkeep
|turn|6
|inactive|AwesomeCCAs has 30 seconds left.
|inactive|AwesomeCCAs has 20 seconds left.
|inactive|AwesomeCCAs has 15 seconds left.
|
|t:|1784368522
|move|p2b: Pikachu|Thunderbolt|p1a: Charizard
|-supereffective|p1a: Charizard|1
|-damage|p1a: Charizard|5/100
|move|p1a: Charizard|Weather Ball|p2a: Incineroar
|-resisted|p2a: Incineroar|1
|-damage|p2a: Incineroar|35/100
|move|p1b: Archaludon|Dragon Pulse|p2a: Incineroar
|-damage|p2a: Incineroar|0 fnt
|faint|p2a: Incineroar
|
|-weather|SunnyDay|[upkeep]
|-heal|p1b: Archaludon|44/100|[from] item: Leftovers
|upkeep
|
|t:|1784368534
|switch|p2a: Pidgeot|Pidgeot-Mega, L50, F|100/100 slp
|turn|7
|
|t:|1784368547
|move|p1a: Charizard|Protect|p1a: Charizard
|-singleturn|p1a: Charizard|Protect
|cant|p2a: Pidgeot|slp
|move|p2b: Pikachu|Thunder|p1a: Charizard
|-activate|p1a: Charizard|move: Protect
|move|p1b: Archaludon|Dragon Pulse|p2a: Pidgeot
|-damage|p2a: Pidgeot|0 fnt
|faint|p2a: Pidgeot
|
|-weather|SunnyDay|[upkeep]
|-heal|p1b: Archaludon|50/100g|[from] item: Leftovers
|upkeep
|turn|8
|
|t:|1784368565
|move|p2b: Pikachu|Thunderbolt|p1a: Charizard
|-supereffective|p1a: Charizard|1
|-damage|p1a: Charizard|0 fnt
|faint|p1a: Charizard
|move|p1b: Archaludon|Dragon Pulse|p2b: Pikachu
|-damage|p2b: Pikachu|0 fnt
|faint|p2b: Pikachu
|
|win|wentei
