|j|☆SengarBlade
|j|☆Oldcow
|html|SengarBladeOldcow    
|uhtml|bestof|Game 3 of a best-of-3
|t:|1757255954
|gametype|doubles
|player|p1|SengarBlade|preschooler|
|player|p2|Oldcow|cyrus|
|gen|9
|tier|[Gen 9] VGC 2025 Reg H (Bo3)
|rule|Species Clause: Limit one of each Pokémon
|rule|Item Clause: Limit 1 of each item
|clearpoke
|poke|p1|Typhlosion-Hisui, L50, F|
|poke|p1|Whimsicott, L50, F|
|poke|p1|Ursaluna-Bloodmoon, L50, M|
|poke|p1|Primarina, L50, M|
|poke|p1|Meowscarada, L50, F|
|poke|p1|Farigiraf, L50, M|
|poke|p2|Garchomp, L50, M|
|poke|p2|Tyranitar, L50, F|
|poke|p2|Magmar, L50, F|
|poke|p2|Rillaboom, L50, M|
|poke|p2|Primarina, L50, M|
|poke|p2|Hydreigon, L50, F|
|teampreview|4
|showteam|p1|Typhlosion-Hisui||Charcoal|Blaze|Eruption,HeatWave,ShadowBall,Protect|||F|||50|,,,,,Fire]Whimsicott||CovertCloak|Prankster|Tailwind,Moonblast,SunnyDay,Encore|||F|||50|,,,,,Dark]Ursaluna-Bloodmoon||LifeOrb|MindsEye|HyperVoice,BloodMoon,EarthPower,Protect|||M|||50|,,,,,Normal]Primarina||ThroatSpray|LiquidVoice|Moonblast,HyperVoice,Haze,Protect|||M|||50|,,,,,Grass]Meowscarada||FocusSash|Protean|FlowerTrick,KnockOff,Uturn,Protect|||F|||50|,,,,,Grass]Farigiraf||SafetyGoggles|ArmorTail|PsychicNoise,HyperVoice,HelpingHand,TrickRoom|||M|||50|,,,,,Fire
|showteam|p2|Garchomp||LifeOrb|SandVeil|DragonClaw,StompingTantrum,RockSlide,Protect|||M|||50|,,,,,Steel]Tyranitar||AssaultVest|SandStream|KnockOff,RockSlide,LowKick,IcePunch|||F|||50|,,,,,Flying]Magmar||Eviolite|VitalSpirit|Overheat,FollowMe,Protect,Taunt|||F|||50|,,,,,Water]Rillaboom||MeadowPlate|GrassySurge|GrassyGlide,HighHorsepower,FakeOut,Uturn|||M|||50|,,,,,Grass]Primarina||SitrusBerry|LiquidVoice|HyperVoice,Moonblast,Protect,Haze|||M|||50|,,,,,Ghost]Hydreigon||CovertCloak|Levitate|DarkPulse,DracoMeteor,Tailwind,Protect|||F|||50|,,,,,Electric
|j| jowemama
|j| KyleTampy
|
|t:|1757256008
|teamsize|p1|4
|teamsize|p2|4
|start
|switch|p1a: Meowscarada|Meowscarada, L50, F|100/100
|switch|p1b: Whimsicott|Whimsicott, L50, F|100/100
|switch|p2a: Garchomp|Garchomp, L50, M|100/100
|switch|p2b: Tyranitar|Tyranitar, L50, F|100/100
|-weather|Sandstorm|[from] ability: Sand Stream|[of] p2b: Tyranitar
|turn|1
|inactive|Battle timer is ON: inactive players will automatically lose when time's up. (requested by Oldcow)
|
|t:|1757256051
|-terastallize|p2b: Tyranitar|Flying
|move|p1b: Whimsicott|Tailwind|p1b: Whimsicott
|-sidestart|p1: SengarBlade|move: Tailwind
|move|p1a: Meowscarada|U-turn|p2b: Tyranitar
|-start|p1a: Meowscarada|typechange|Bug|[from] ability: Protean
|-resisted|p2b: Tyranitar
|-damage|p2b: Tyranitar|86/100
|
|t:|1757256062
|switch|p1a: Typhlosion|Typhlosion-Hisui, L50, F|100/100|[from] U-turn
|move|p2a: Garchomp|Rock Slide|p1b: Whimsicott|[spread] p1a,p1b
|-supereffective|p1a: Typhlosion
|-damage|p1a: Typhlosion|23/100
|-damage|p1b: Whimsicott|69/100
|-damage|p2a: Garchomp|91/100|[from] item: Life Orb
|move|p2b: Tyranitar|Rock Slide|p1a: Typhlosion|[spread] p1a,p1b
|-supereffective|p1a: Typhlosion
|-damage|p1a: Typhlosion|0 fnt
|-damage|p1b: Whimsicott|27/100
|faint|p1a: Typhlosion
|
|-weather|Sandstorm|[upkeep]
|-damage|p1b: Whimsicott|21/100|[from] Sandstorm
|-damage|p2b: Tyranitar|81/100|[from] Sandstorm
|upkeep
|
|t:|1757256078
|switch|p1a: Ursaluna|Ursaluna-Bloodmoon, L50, M|100/100
|turn|2
|inactive|Oldcow has 30 seconds left.
|inactive|Oldcow has 20 seconds left.
|
|t:|1757256116
|switch|p2a: Rillaboom|Rillaboom, L50, M|100/100
|-fieldstart|move: Grassy Terrain|[from] ability: Grassy Surge|[of] p2a: Rillaboom
|-terastallize|p1a: Ursaluna|Normal
|move|p1b: Whimsicott|Moonblast|p2a: Rillaboom
|-damage|p2a: Rillaboom|68/100
|move|p1a: Ursaluna|Blood Moon|p2b: Tyranitar
|-damage|p2b: Tyranitar|8/100
|-damage|p1a: Ursaluna|91/100|[from] item: Life Orb
|move|p2b: Tyranitar|Ice Punch|p1b: Whimsicott
|-supereffective|p1b: Whimsicott
|-damage|p1b: Whimsicott|0 fnt
|faint|p1b: Whimsicott
|
|-weather|Sandstorm|[upkeep]
|-damage|p1a: Ursaluna|85/100|[from] Sandstorm
|-damage|p2a: Rillaboom|62/100|[from] Sandstorm
|-damage|p2b: Tyranitar|2/100|[from] Sandstorm
|-heal|p1a: Ursaluna|91/100|[from] Grassy Terrain
|-heal|p2a: Rillaboom|68/100|[from] Grassy Terrain
|upkeep
|
|t:|1757256135
|switch|p1b: Meowscarada|Meowscarada, L50, F|100/100
|turn|3
|
|t:|1757256155
|move|p1a: Ursaluna|Protect|p1a: Ursaluna
|-singleturn|p1a: Ursaluna|Protect
|move|p2a: Rillaboom|Fake Out|p1b: Meowscarada
|-damage|p1b: Meowscarada|76/100
|cant|p1b: Meowscarada|flinch
|move|p2b: Tyranitar|Low Kick|p1a: Ursaluna
|-activate|p1a: Ursaluna|move: Protect
|
|-weather|Sandstorm|[upkeep]
|-damage|p1b: Meowscarada|70/100|[from] Sandstorm
|-damage|p1a: Ursaluna|85/100|[from] Sandstorm
|-damage|p2a: Rillaboom|62/100|[from] Sandstorm
|-damage|p2b: Tyranitar|0 fnt|[from] Sandstorm
|faint|p2b: Tyranitar
|-heal|p1b: Meowscarada|76/100|[from] Grassy Terrain
|-heal|p1a: Ursaluna|91/100|[from] Grassy Terrain
|-heal|p2a: Rillaboom|68/100|[from] Grassy Terrain
|upkeep
|inactive|Oldcow has 30 seconds left.
|
|t:|1757256181
|switch|p2b: Garchomp|Garchomp, L50, M|91/100
|turn|4
|
|t:|1757256190
|move|p2b: Garchomp|Protect|p2b: Garchomp
|-singleturn|p2b: Garchomp|Protect
|move|p1b: Meowscarada|U-turn|p2a: Rillaboom
|-start|p1b: Meowscarada|typechange|Bug|[from] ability: Protean
|-supereffective|p2a: Rillaboom
|-damage|p2a: Rillaboom|5/100
|move|p1a: Ursaluna|Blood Moon|p2b: Garchomp
|-activate|p2b: Garchomp|move: Protect
|move|p2a: Rillaboom|U-turn|p1b: Meowscarada
|-damage|p1b: Meowscarada|37/100
|
|t:|1757256203
|switch|p2a: Primarina|Primarina, L50, M|100/100|[from] U-turn
|
|-weather|Sandstorm|[upkeep]
|-damage|p1b: Meowscarada|31/100|[from] Sandstorm
|-damage|p1a: Ursaluna|85/100|[from] Sandstorm
|-damage|p2a: Primarina|95/100|[from] Sandstorm
|-heal|p1b: Meowscarada|37/100|[from] Grassy Terrain
|-heal|p1a: Ursaluna|91/100|[from] Grassy Terrain
|-heal|p2b: Garchomp|97/100|[from] Grassy Terrain
|-heal|p2a: Primarina|100/100|[from] Grassy Terrain
|-sideend|p1: SengarBlade|move: Tailwind
|upkeep
|turn|5
|
|t:|1757256225
|switch|p2a: Rillaboom|Rillaboom, L50, M|5/100
|move|p1b: Meowscarada|Protect|p1b: Meowscarada
|-singleturn|p1b: Meowscarada|Protect
|move|p2b: Garchomp|Rock Slide|p1a: Ursaluna|[spread] p1a
|-activate|p1b: Meowscarada|move: Protect
|-damage|p1a: Ursaluna|66/100
|-damage|p2b: Garchomp|87/100|[from] item: Life Orb
|cant|p1a: Ursaluna|flinch
|
|-weather|none
|-heal|p1b: Meowscarada|43/100|[from] Grassy Terrain
|-heal|p2b: Garchomp|93/100|[from] Grassy Terrain
|-heal|p1a: Ursaluna|72/100|[from] Grassy Terrain
|-heal|p2a: Rillaboom|11/100|[from] Grassy Terrain
|upkeep
|turn|6
|inactive|SengarBlade has 30 seconds left.
|inactive|Oldcow has 30 seconds left.
|
|t:|1757256253
|move|p2a: Rillaboom|Grassy Glide|p1a: Ursaluna
|-damage|p1a: Ursaluna|36/100
|move|p1b: Meowscarada|Flower Trick|p2b: Garchomp
|-crit|p2b: Garchomp
|-damage|p2b: Garchomp|47/100
|move|p2b: Garchomp|Rock Slide|p1b: Meowscarada|[spread] p1a,p1b
|-supereffective|p1b: Meowscarada
|-damage|p1a: Ursaluna|11/100
|-damage|p1b: Meowscarada|0 fnt
|faint|p1b: Meowscarada
|-damage|p2b: Garchomp|38/100|[from] item: Life Orb
|cant|p1a: Ursaluna|flinch
|
|-heal|p2b: Garchomp|44/100|[from] Grassy Terrain
|-heal|p1a: Ursaluna|17/100|[from] Grassy Terrain
|-heal|p2a: Rillaboom|17/100|[from] Grassy Terrain
|-fieldend|move: Grassy Terrain
|upkeep
|turn|7
|
|t:|1757256274
|move|p2b: Garchomp|Dragon Claw|p1a: Ursaluna
|-damage|p1a: Ursaluna|0 fnt
|faint|p1a: Ursaluna
|-damage|p2b: Garchomp|34/100|[from] item: Life Orb
|
|win|Oldcow
|c| KyleTampy|Gg
|c|☆Oldcow|gg
|c|☆SengarBlade|gg
|c| KyleTampy|Solid games
|c|☆SengarBlade|solid ung dalawang flinch
|c| KyleTampy|Sayang yung isang turn na low hp si tyranitar
|c| KyleTampy|Hyper voice uturn sana
|l|☆SengarBlade
|player|p1|
|l| jowemama
