|j|☆efwefwefwefweifier
|j|☆lalalaing
|html|efwefwefwefweifierlalalaing    
|uhtml|bestof|Game 1 of a best-of-3
|t:|1784073028
|gametype|doubles
|player|p1|efwefwefwefweifier|clown|1291
|player|p2|lalalaing|chili|1408
|gen|9
|tier|[Gen 9 Champions] VGC 2026 Reg M-B (Bo3)
|rated|
|rule|Species Clause: Limit one of each Pokémon
|rule|Item Clause: Limit 1 of each item
|clearpoke
|poke|p1|Armarouge, L50, M|
|poke|p1|Sinistcha, L50|
|poke|p1|Floette-Eternal, L50, F|
|poke|p1|Incineroar, L50, M, shiny|
|poke|p1|Sneasler, L50, F|
|poke|p1|Hydreigon, L50, M|
|poke|p2|Swampert, L50, F|
|poke|p2|Gengar, L50, M|
|poke|p2|Pelipper, L50, M|
|poke|p2|Archaludon, L50, F|
|poke|p2|Maushold-Four, L50|
|poke|p2|Incineroar, L50, M|
|teampreview|4
|showteam|p1|Armarouge||ColburBerry|FlashFire|HeatWave,Psychic,CalmMind,Protect|Modest||M|||50|]Sinistcha||KasibBerry|Hospitality|MatchaGotcha,RagePowder,LifeDew,TrickRoom|Calm|||||50|]Floette-Eternal||Floettite|FlowerVeil|Moonblast,DrainingKiss,CalmMind,Protect|Modest||F|||50|]Incineroar||SitrusBerry|Intimidate|FlareBlitz,FakeOut,PartingShot,Taunt|Impish||M|||50|]Sneasler||FocusSash|PoisonTouch|CloseCombat,PoisonJab,FakeOut,QuickGuard|Jolly||F|||50|]Hydreigon||ChoiceScarf|Levitate|DracoMeteor,DarkPulse,Snarl,EarthPower|Modest||M|||50|
|showteam|p2|Swampert||Swampertite|Damp|WaveCrash,Earthquake,IcePunch,Protect|Adamant||F|||50|]Gengar||Gengarite|CursedBody|ShadowBall,SludgeBomb,Disable,Protect|Timid||M|||50|]Pelipper||FocusSash|Drizzle|WeatherBall,Hurricane,Tailwind,Protect|Modest||M|||50|]Archaludon||Leftovers|Stamina|ElectroShot,DragonPulse,FlashCannon,Protect|Modest||F|||50|]Maushold-Four||ChopleBerry|FriendGuard|SuperFang,FollowMe,Encore,Protect|Timid|||||50|]Incineroar||PasshoBerry|Intimidate|FlareBlitz,ThroatChop,FakeOut,PartingShot|Careful||M|||50|
|inactive|Battle timer is ON: inactive players will automatically lose when time's up. (requested by efwefwefwefweifier)
|inactive|lalalaing has 60 seconds left.
|
|t:|1784073067
|teamsize|p1|4
|teamsize|p2|4
|start
|switch|p1a: Bartholomews|Hydreigon, L50, M|100/100
|switch|p1b: Poison Foison|Sneasler, L50, F|100/100
|switch|p2a: Incineroar|Incineroar, L50, M|100/100
|switch|p2b: Archaludon|Archaludon, L50, F|100/100
|-ability|p2a: Incineroar|Intimidate|boost
|-unboost|p1a: Bartholomews|atk|1
|-unboost|p1b: Poison Foison|atk|1
|turn|1
|l|☆lalalaing
|inactive|lalalaing disconnected and has a minute to reconnect!
|player|p2|
|j|☆lalalaing
|inactive|lalalaing reconnected and has 35 seconds left.
|player|p2|lalalaing|chili|
|inactive|lalalaing has 30 seconds left.
|inactive|lalalaing has 20 seconds left.
|
|t:|1784073105
|move|p1b: Poison Foison|Fake Out|p2a: Incineroar
|-damage|p2a: Incineroar|90/100
|-status|p2a: Incineroar|psn|[from] ability: Poison Touch|[of] p1b: Poison Foison
|cant|p2a: Incineroar|flinch
|move|p1a: Bartholomews|Snarl|p2a: Incineroar|[spread] p2a,p2b
|-resisted|p2a: Incineroar|1
|-damage|p2a: Incineroar|82/100 psn
|-damage|p2b: Archaludon|71/100
|-unboost|p2a: Incineroar|spa|1
|-unboost|p2b: Archaludon|spa|1
|-ability|p2b: Archaludon|Stamina|boost
|-boost|p2b: Archaludon|def|1
|move|p2b: Archaludon|Dragon Pulse|p1a: Bartholomews
|-supereffective|p1a: Bartholomews|1
|-damage|p1a: Bartholomews|27/100
|
|-heal|p2b: Archaludon|77/100|[from] item: Leftovers
|-damage|p2a: Incineroar|70/100 psn|[from] psn
|upkeep
|turn|2
|inactive|efwefwefwefweifier has 30 seconds left.
|inactive|lalalaing has 30 seconds left.
|
|t:|1784073137
|switch|p1a: Flowa Powa|Floette-Eternal, L50, F|100/100
|switch|p2a: Pelipper|Pelipper, L50, M|100/100
|-weather|RainDance|[from] ability: Drizzle|[of] p2a: Pelipper
|move|p1b: Poison Foison|Close Combat|p2a: Pelipper
|-resisted|p2a: Pelipper|1
|-damage|p2a: Pelipper|73/100
|-unboost|p1b: Poison Foison|def|1
|-unboost|p1b: Poison Foison|spd|1
|-status|p2a: Pelipper|psn|[from] ability: Poison Touch|[of] p1b: Poison Foison
|move|p2b: Archaludon|Electro Shot||[still]
|-prepare|p2b: Archaludon|Electro Shot
|-boost|p2b: Archaludon|spa|1
|-anim|p2b: Archaludon|Electro Shot|p1b: Poison Foison
|-damage|p1b: Poison Foison|6/100
|
|-weather|RainDance|[upkeep]
|-heal|p2b: Archaludon|83/100|[from] item: Leftovers
|-damage|p2a: Pelipper|61/100 psn|[from] psn
|upkeep
|turn|3
|inactive|efwefwefwefweifier has 30 seconds left.
|
|t:|1784073169
|switch|p2a: Incineroar|Incineroar, L50, M|70/100 psn
|-ability|p2a: Incineroar|Intimidate|boost
|-unboost|p1a: Flowa Powa|atk|1
|-unboost|p1b: Poison Foison|atk|1
|detailschange|p1a: Flowa Powa|Floette-Mega, L50, F
|-mega|p1a: Flowa Powa|Floette|Floettite
|-ability|p1a: Flowa Powa|Fairy Aura
|move|p2b: Archaludon|Protect|p2b: Archaludon
|-singleturn|p2b: Archaludon|Protect
|move|p1b: Poison Foison|Close Combat|p2b: Archaludon
|-activate|p2b: Archaludon|move: Protect
|move|p1a: Flowa Powa|Calm Mind|p1a: Flowa Powa
|-boost|p1a: Flowa Powa|spa|1
|-boost|p1a: Flowa Powa|spd|1
|
|-weather|RainDance|[upkeep]
|-heal|p2b: Archaludon|89/100|[from] item: Leftovers
|-damage|p2a: Incineroar|58/100 psn|[from] psn
|upkeep
|turn|4
|
|t:|1784073185
|move|p1b: Poison Foison|Quick Guard|p1b: Poison Foison
|-singleturn|p1b: Poison Foison|Quick Guard
|move|p1a: Flowa Powa|Moonblast|p2b: Archaludon
|-damage|p2b: Archaludon|0 fnt
|faint|p2b: Archaludon
|move|p2a: Incineroar|Parting Shot|p1a: Flowa Powa
|-unboost|p1a: Flowa Powa|atk|1
|-unboost|p1a: Flowa Powa|spa|1
|
|t:|1784073191
|switch|p2a: Swampert|Swampert, L50, F|100/100|[from] Parting Shot
|
|-weather|RainDance|[upkeep]
|upkeep
|
|t:|1784073195
|switch|p2b: Incineroar|Incineroar, L50, M|58/100 psn
|-ability|p2b: Incineroar|Intimidate|boost
|-unboost|p1a: Flowa Powa|atk|1
|-unboost|p1b: Poison Foison|atk|1
|turn|5
|inactive|efwefwefwefweifier has 30 seconds left.
|inactive|efwefwefwefweifier has 20 seconds left.
|
|t:|1784073234
|detailschange|p2a: Swampert|Swampert-Mega, L50, F
|-mega|p2a: Swampert|Swampert|Swampertite
|move|p1a: Flowa Powa|Protect|p1a: Flowa Powa
|-singleturn|p1a: Flowa Powa|Protect
|move|p2a: Swampert|Wave Crash|p1a: Flowa Powa
|-activate|p1a: Flowa Powa|move: Protect
|move|p1b: Poison Foison|Close Combat|p2a: Swampert
|-damage|p2a: Swampert|77/100
|-unboost|p1b: Poison Foison|def|1
|-unboost|p1b: Poison Foison|spd|1
|-status|p2a: Swampert|psn|[from] ability: Poison Touch|[of] p1b: Poison Foison
|move|p2b: Incineroar|Parting Shot|p1b: Poison Foison
|-unboost|p1b: Poison Foison|atk|1
|-unboost|p1b: Poison Foison|spa|1
|
|t:|1784073244
|switch|p2b: Pelipper|Pelipper, L50, M|61/100 psn|[from] Parting Shot
|
|-weather|RainDance|[upkeep]
|-damage|p2a: Swampert|64/100 psn|[from] psn
|-damage|p2b: Pelipper|49/100 psn|[from] psn
|upkeep
|turn|6
|inactive|efwefwefwefweifier has 30 seconds left.
|
|t:|1784073271
|switch|p1a: Bartholomews|Hydreigon, L50, M|27/100
|move|p2a: Swampert|Wave Crash|p1a: Bartholomews
|-resisted|p1a: Bartholomews|1
|-damage|p1a: Bartholomews|0 fnt
|faint|p1a: Bartholomews
|-damage|p2a: Swampert|55/100 psn|[from] Recoil
|move|p1b: Poison Foison|Close Combat|p2b: Pelipper
|-resisted|p2b: Pelipper|1
|-damage|p2b: Pelipper|36/100 psn
|-unboost|p1b: Poison Foison|def|1
|-unboost|p1b: Poison Foison|spd|1
|move|p2b: Pelipper|Hurricane|p1b: Poison Foison
|-supereffective|p1b: Poison Foison|1
|-damage|p1b: Poison Foison|0 fnt
|faint|p1b: Poison Foison
|
|-weather|none
|-damage|p2a: Swampert|43/100 psn|[from] psn
|-damage|p2b: Pelipper|24/100 psn|[from] psn
|upkeep
|
|t:|1784073283
|switch|p1b: Spinny Sinny|Sinistcha, L50|100/100
|switch|p1a: Flowa Powa|Floette-Mega, L50, F|100/100
|-ability|p1a: Flowa Powa|Fairy Aura
|turn|7
|-message|lalalaing forfeited.
|
|win|efwefwefwefweifier
|l|☆lalalaing
|player|p2|
||lalalaing is ready for game 2.
||efwefwefwefweifier is ready for game 2.
|uhtml|next|Next: Game 2 of 3
|j|☆lalalaing
|player|p2|lalalaing|chili|
