|j|☆ScaleMiss
|j|☆arkjsmith
|html|ScaleMissarkjsmith    
|uhtml|bestof|Game 3 of a best-of-3
|t:|1756578673
|gametype|doubles
|player|p1|ScaleMiss|harmony|1257
|player|p2|arkjsmith|roxie|1170
|gen|9
|tier|[Gen 9] VGC 2025 Reg H (Bo3)
|rated|
|rule|Species Clause: Limit one of each Pokémon
|rule|Item Clause: Limit 1 of each item
|clearpoke
|poke|p1|Volcarona, L50, M|
|poke|p1|Rillaboom, L50, F|
|poke|p1|Gholdengo, L50|
|poke|p1|Sneasler, L50, M|
|poke|p1|Arcanine-Hisui, L50, M|
|poke|p1|Sinistcha-Masterpiece, L50|
|poke|p2|Dragonite, L50, M|
|poke|p2|Gholdengo, L50|
|poke|p2|Ursaluna-Bloodmoon, L50, M|
|poke|p2|Annihilape, L50, F|
|poke|p2|Ninetales-Alola, L50, M|
|poke|p2|Rillaboom, L50, M|
|teampreview|4
|showteam|p1|Volcarona||CovertCloak|FlameBody|QuiverDance,HeatWave,TeraBlast,Protect|||M|||50|,,,,,Fairy]Rillaboom||AssaultVest|GrassySurge|Uturn,WoodHammer,GrassyGlide,FakeOut|||F|||50|,,,,,Fire]Gholdengo||MetalCoat|GoodasGold|MakeItRain,ShadowBall,NastyPlot,Protect||||||50|,,,,,Dragon]Sneasler||FocusSash|Unburden|DireClaw,CloseCombat,FakeOut,Protect|||M|||50|,,,,,Stellar]Arcanine-Hisui||ClearAmulet|Intimidate|RockSlide,FlareBlitz,ExtremeSpeed,Protect|||M|||50|,,,,,Water]Sinistcha-Masterpiece||RockyHelmet|Hospitality|MatchaGotcha,RagePowder,TrickRoom,Imprison||||||50|,,,,,Dark
|showteam|p2|Dragonite||LoadedDice|Multiscale|ScaleShot,ExtremeSpeed,Tailwind,Protect|||M|||50|,,,,,Fairy]Gholdengo||GrassySeed|GoodasGold|NastyPlot,MakeItRain,ShadowBall,Protect||||||50|,,,,,Dragon]Ursaluna-Bloodmoon||AssaultVest|MindsEye|BloodMoon,HyperVoice,EarthPower,VacuumWave|||M|||50|,,,,,Water]Annihilape||LifeOrb|Defiant|CloseCombat,RageFist,FinalGambit,Protect|||F|||50|,,,,,Fire]Ninetales-Alola||LightClay|SnowWarning|IcicleSpear,Blizzard,IcyWind,AuroraVeil|||M|||50|,,,,,Ghost]Rillaboom||MiracleSeed|GrassySurge|WoodHammer,GrassyGlide,Protect,FakeOut|||M|||50|,,,,,Grass
|inactive|Battle timer is ON: inactive players will automatically lose when time's up. (requested by arkjsmith)
|inactive|ScaleMiss also wants the timer to be on.
|
|t:|1756578693
|teamsize|p1|4
|teamsize|p2|4
|start
|switch|p1a: Sinistcha|Sinistcha-Masterpiece, L50|100/100
|switch|p1b: Volcarona|Volcarona, L50, M, shiny|100/100
|switch|p2a: Dragonite|Dragonite, L50, M, shiny|100/100
|switch|p2b: Gholdengo|Gholdengo, L50|100/100
|turn|1
|
|t:|1756578711
|switch|p1a: Arcanine|Arcanine-Hisui, L50, M|100/100
|-ability|p1a: Arcanine|Intimidate|boost
|-unboost|p2a: Dragonite|atk|1
|-unboost|p2b: Gholdengo|atk|1
|move|p1b: Volcarona|Quiver Dance|p1b: Volcarona
|-boost|p1b: Volcarona|spa|1
|-boost|p1b: Volcarona|spd|1
|-boost|p1b: Volcarona|spe|1
|move|p2b: Gholdengo|Nasty Plot|p2b: Gholdengo
|-boost|p2b: Gholdengo|spa|2
|move|p2a: Dragonite|Tailwind|p2a: Dragonite
|-sidestart|p2: arkjsmith|move: Tailwind
|
|upkeep
|turn|2
|inactive|ScaleMiss has 30 seconds left.
|
|t:|1756578739
|switch|p2a: Rillaboom|Rillaboom, L50, M, shiny|100/100
|-fieldstart|move: Grassy Terrain|[from] ability: Grassy Surge|[of] p2a: Rillaboom
|-enditem|p2b: Gholdengo|Grassy Seed
|-boost|p2b: Gholdengo|def|1|[from] item: Grassy Seed
|-terastallize|p2b: Gholdengo|Dragon
|move|p1b: Volcarona|Protect|p1b: Volcarona
|-singleturn|p1b: Volcarona|Protect
|move|p1a: Arcanine|Extreme Speed|p2a: Rillaboom
|-damage|p2a: Rillaboom|78/100
|move|p2b: Gholdengo|Shadow Ball|p1a: Arcanine
|-damage|p1a: Arcanine|0 fnt
|faint|p1a: Arcanine
|
|-heal|p2a: Rillaboom|84/100|[from] Grassy Terrain
|upkeep
|
|t:|1756578747
|switch|p1a: Sneasler|Sneasler, L50, M|100/100
|turn|3
|inactive|arkjsmith has 30 seconds left.
|
|t:|1756578773
|move|p2a: Rillaboom|Fake Out|p1a: Sneasler
|-damage|p1a: Sneasler|75/100
|cant|p1a: Sneasler|flinch
|move|p2b: Gholdengo|Shadow Ball|p1b: Volcarona
|-damage|p1b: Volcarona|49/100
|move|p1b: Volcarona|Quiver Dance|p1b: Volcarona
|-boost|p1b: Volcarona|spa|1
|-boost|p1b: Volcarona|spd|1
|-boost|p1b: Volcarona|spe|1
|
|-heal|p1b: Volcarona|55/100|[from] Grassy Terrain
|-heal|p2a: Rillaboom|89/100|[from] Grassy Terrain
|-heal|p1a: Sneasler|81/100|[from] Grassy Terrain
|upkeep
|turn|4
|
|t:|1756578796
|switch|p1a: Sinistcha|Sinistcha-Masterpiece, L50|100/100
|-heal|p1b: Volcarona|80/100|[from] ability: Hospitality|[of] p1a: Sinistcha
|move|p1b: Volcarona|Protect|p1b: Volcarona
|-singleturn|p1b: Volcarona|Protect
|move|p2a: Rillaboom|Protect|p2a: Rillaboom
|-singleturn|p2a: Rillaboom|Protect
|move|p2b: Gholdengo|Make It Rain|p1a: Sinistcha|[spread] p1a
|-activate|p1b: Volcarona|move: Protect
|-damage|p1a: Sinistcha|15/100
|-unboost|p2b: Gholdengo|spa|1
|
|-heal|p1b: Volcarona|86/100|[from] Grassy Terrain
|-heal|p2a: Rillaboom|95/100|[from] Grassy Terrain
|-heal|p1a: Sinistcha|21/100|[from] Grassy Terrain
|-sideend|p2: arkjsmith|move: Tailwind
|upkeep
|turn|5
|
|t:|1756578818
|switch|p1a: Sneasler|Sneasler, L50, M|81/100
|-terastallize|p1b: Volcarona|Fairy
|move|p2a: Rillaboom|Grassy Glide|p1a: Sneasler
|-resisted|p1a: Sneasler
|-damage|p1a: Sneasler|45/100
|move|p1b: Volcarona|Tera Blast|p2b: Gholdengo|[anim] Tera Blast Fairy
|-supereffective|p2b: Gholdengo
|-damage|p2b: Gholdengo|0 fnt
|faint|p2b: Gholdengo
|
|-heal|p1b: Volcarona|93/100|[from] Grassy Terrain
|-heal|p1a: Sneasler|50/100|[from] Grassy Terrain
|-heal|p2a: Rillaboom|100/100|[from] Grassy Terrain
|upkeep
|
|t:|1756578832
|switch|p2b: Dragonite|Dragonite, L50, M, shiny|100/100
|turn|6
|
|t:|1756578851
|move|p2b: Dragonite|Protect|p2b: Dragonite
|-singleturn|p2b: Dragonite|Protect
|move|p2a: Rillaboom|Protect|p2a: Rillaboom
|-singleturn|p2a: Rillaboom|Protect
|move|p1a: Sneasler|Fake Out|p2a: Rillaboom
|-activate|p2a: Rillaboom|move: Protect
|move|p1b: Volcarona|Heat Wave|p2a: Rillaboom|[spread] 
|-activate|p2a: Rillaboom|move: Protect
|-activate|p2b: Dragonite|move: Protect
|
|-heal|p1b: Volcarona|99/100|[from] Grassy Terrain
|-heal|p1a: Sneasler|56/100|[from] Grassy Terrain
|-fieldend|move: Grassy Terrain
|upkeep
|turn|7
|
|t:|1756578860
|move|p2b: Dragonite|Extreme Speed|p1a: Sneasler
|-damage|p1a: Sneasler|0 fnt
|faint|p1a: Sneasler
|move|p1b: Volcarona|Tera Blast|p2b: Dragonite|[anim] Tera Blast Fairy
|-supereffective|p2b: Dragonite
|-damage|p2b: Dragonite|10/100
|move|p2a: Rillaboom|Wood Hammer|p1b: Volcarona
|-damage|p1b: Volcarona|9/100
|-damage|p2a: Rillaboom|73/100|[from] Recoil
|
|upkeep
|
|t:|1756578863
|switch|p1a: Sinistcha|Sinistcha-Masterpiece, L50|21/100
|-heal|p1b: Volcarona|34/100|[from] ability: Hospitality|[of] p1a: Sinistcha
|turn|8
|inactive|arkjsmith has 30 seconds left.
|
|t:|1756578895
|switch|p2a: Annihilape|Annihilape, L50, F, shiny|100/100
|move|p1b: Volcarona|Protect|p1b: Volcarona
|-singleturn|p1b: Volcarona|Protect
|move|p2b: Dragonite|Protect|p2b: Dragonite
|-singleturn|p2b: Dragonite|Protect
|move|p1a: Sinistcha|Matcha Gotcha|p2a: Annihilape|[spread] p2a
|-activate|p2b: Dragonite|move: Protect
|-damage|p2a: Annihilape|77/100
|-heal|p1a: Sinistcha|35/100|[from] drain|[of] p2a: Annihilape
|-status|p2a: Annihilape|brn
|
|-damage|p2a: Annihilape|71/100 brn|[from] brn
|upkeep
|turn|9
|inactive|ScaleMiss has 30 seconds left.
|
|t:|1756578927
|move|p2b: Dragonite|Extreme Speed|p1b: Volcarona
|-crit|p1b: Volcarona
|-damage|p1b: Volcarona|0 fnt
|-status|p2b: Dragonite|brn|[from] ability: Flame Body|[of] p1b: Volcarona
|faint|p1b: Volcarona
|move|p2a: Annihilape|Rage Fist|p1a: Sinistcha
|-supereffective|p1a: Sinistcha
|-damage|p1a: Sinistcha|0 fnt
|-damage|p2a: Annihilape|55/100 brn|[from] item: Rocky Helmet|[of] p1a: Sinistcha
|faint|p1a: Sinistcha
|-damage|p2a: Annihilape|45/100 brn|[from] item: Life Orb
|
|win|arkjsmith
|raw|ScaleMiss's rating: 1257 → 1226(-31 for losing)
|raw|arkjsmith's rating: 1170 → 1201(+31 for winning)
|l|☆ScaleMiss
|player|p1|
