|j|☆kurozora13
|j|☆naibot2814
|html|kurozora13naibot2814    
|uhtml|bestof|Game 3 of a best-of-3
|t:|1782280235
|gametype|doubles
|player|p1|kurozora13|red|1214
|player|p2|naibot2814|ghetsis|1320
|gen|9
|tier|[Gen 9 Champions] VGC 2026 Reg M-B (Bo3)
|rated|
|rule|Species Clause: Limit one of each Pokémon
|rule|Item Clause: Limit 1 of each item
|clearpoke
|poke|p1|Delphox, L50, F|
|poke|p1|Scizor, L50, M|
|poke|p1|Garchomp, L50, M|
|poke|p1|Grimmsnarl, L50, M|
|poke|p1|Rotom-Wash, L50|
|poke|p1|Sinistcha-Masterpiece, L50|
|poke|p2|Aerodactyl, L50, M|
|poke|p2|Charizard, L50, M|
|poke|p2|Kingambit, L50, M|
|poke|p2|Sylveon, L50, F|
|poke|p2|Garchomp, L50, M, shiny|
|poke|p2|Farigiraf, L50, F|
|teampreview|4
|showteam|p1|Delphox||Delphoxite|Blaze|Protect,Encore,Psyshock,HeatWave|Timid||F|||50|]Scizor||Scizorite|Technician|Protect,SwordsDance,BulletPunch,CloseCombat|Adamant||M|||50|]Garchomp||LifeOrb|RoughSkin|Protect,RockSlide,DragonClaw,Earthquake|Jolly||M|||50|]Grimmsnarl||LightClay|Prankster|Reflect,LightScreen,PartingShot,FoulPlay|Impish||M|||50|]Rotom-Wash||SitrusBerry|Levitate|WillOWisp,VoltSwitch,Thunderbolt,HydroPump|Timid|||||50|]Sinistcha-Masterpiece||Leftovers|Hospitality|TrickRoom,RagePowder,LifeDew,MatchaGotcha|Bold|||||50|
|showteam|p2|Aerodactyl||Aerodactylite|Unnerve|RockSlide,DualWingbeat,IceFang,Tailwind|Jolly||M|||50|]Charizard||CharizarditeY|Blaze|WeatherBall,HeatWave,SolarBeam,Protect|Modest||M|||50|]Kingambit||FocusSash|Defiant|KowtowCleave,SuckerPunch,LowKick,IronHead|Adamant||M|||50|]Sylveon||FairyFeather|Pixilate|HyperVoice,HyperBeam,QuickAttack,Protect|Modest||F|||50|]Garchomp||LifeOrb|SandVeil|DragonClaw,StompingTantrum,Earthquake,Protect|Jolly||M|||50|]Farigiraf||SitrusBerry|ArmorTail|TwinBeam,Thunderbolt,TrickRoom,Roar|Bold||F|||50|
|inactive|Battle timer is ON: inactive players will automatically lose when time's up. (requested by kurozora13)
|
|t:|1782280268
|teamsize|p1|4
|teamsize|p2|4
|start
|switch|p1a: Grimmsnarl|Grimmsnarl, L50, M|100/100
|switch|p1b: Garchomp|Garchomp, L50, M|100/100
|switch|p2a: Aerodactyl|Aerodactyl, L50, M|100/100
|switch|p2b: Kingambit|Kingambit, L50, M|100/100
|-ability|p2a: Aerodactyl|Unnerve
|turn|1
|
|t:|1782280291
|detailschange|p2a: Aerodactyl|Aerodactyl-Mega, L50, M
|-mega|p2a: Aerodactyl|Aerodactyl|Aerodactylite
|move|p1a: Grimmsnarl|Reflect|p1a: Grimmsnarl
|-sidestart|p1: kurozora13|Reflect
|move|p2a: Aerodactyl|Tailwind|p2a: Aerodactyl
|-sidestart|p2: naibot2814|move: Tailwind
|move|p2b: Kingambit|Kowtow Cleave|p1b: Garchomp
|-damage|p1b: Garchomp|63/100
|-damage|p2b: Kingambit|87/100|[from] ability: Rough Skin|[of] p1b: Garchomp
|move|p1b: Garchomp|Rock Slide|p2a: Aerodactyl|[spread] p2a,p2b
|-supereffective|p2a: Aerodactyl|1
|-resisted|p2b: Kingambit|1
|-damage|p2a: Aerodactyl|45/100
|-damage|p2b: Kingambit|76/100
|-damage|p1b: Garchomp|53/100|[from] item: Life Orb
|
|upkeep
|turn|2
|
|t:|1782280308
|move|p1b: Garchomp|Protect|p1b: Garchomp
|-singleturn|p1b: Garchomp|Protect
|move|p2a: Aerodactyl|Rock Slide|p1a: Grimmsnarl|[spread] p1a
|-activate|p1b: Garchomp|move: Protect
|-damage|p1a: Grimmsnarl|82/100
|move|p2b: Kingambit|Kowtow Cleave|p1b: Garchomp
|-activate|p1b: Garchomp|move: Protect
|move|p1a: Grimmsnarl|Foul Play|p2a: Aerodactyl
|-damage|p2a: Aerodactyl|0 fnt
|faint|p2a: Aerodactyl
|
|upkeep
|
|t:|1782280313
|switch|p2a: Sylveon|Sylveon, L50, F|100/100
|turn|3
|
|t:|1782280330
|switch|p1b: Rotom|Rotom-Wash, L50|100/100
|move|p1a: Grimmsnarl|Parting Shot|p2a: Sylveon
|-unboost|p2a: Sylveon|atk|1
|-unboost|p2a: Sylveon|spa|1
|
|t:|1782280340
|switch|p1a: Garchomp|Garchomp, L50, M|53/100|[from] Parting Shot
|move|p2b: Kingambit|Iron Head|p1a: Garchomp
|-damage|p1a: Garchomp|22/100
|-damage|p2b: Kingambit|64/100|[from] ability: Rough Skin|[of] p1a: Garchomp
|move|p2a: Sylveon|Hyper Voice|p1a: Garchomp|[spread] p1a,p1b
|-supereffective|p1a: Garchomp|1
|-damage|p1a: Garchomp|0 fnt
|-damage|p1b: Rotom|57/100
|faint|p1a: Garchomp
|
|upkeep
|
|t:|1782280352
|switch|p1a: Delphox|Delphox, L50, F|100/100
|turn|4
|
|t:|1782280363
|switch|p2b: Farigiraf|Farigiraf, L50, F|100/100
|switch|p1b: Grimmsnarl|Grimmsnarl, L50, M|82/100
|detailschange|p1a: Delphox|Delphox-Mega, L50, F
|-mega|p1a: Delphox|Delphox|Delphoxite
|move|p1a: Delphox|Protect|p1a: Delphox
|-singleturn|p1a: Delphox|Protect
|move|p2a: Sylveon|Hyper Voice|p1a: Delphox|[spread] p1b
|-activate|p1a: Delphox|move: Protect
|-supereffective|p1b: Grimmsnarl|1
|-damage|p1b: Grimmsnarl|23/100
|
|-sideend|p2: naibot2814|move: Tailwind
|upkeep
|turn|5
|
|t:|1782280382
|move|p1b: Grimmsnarl|Light Screen|p1b: Grimmsnarl
|-sidestart|p1: kurozora13|move: Light Screen
|move|p1a: Delphox|Heat Wave|p2b: Farigiraf|[spread] p2a,p2b
|-damage|p2a: Sylveon|64/100
|-damage|p2b: Farigiraf|59/100
|move|p2a: Sylveon|Hyper Voice|p1a: Delphox|[spread] p1a,p1b
|-resisted|p1a: Delphox|1
|-supereffective|p1b: Grimmsnarl|1
|-damage|p1a: Delphox|90/100
|-damage|p1b: Grimmsnarl|0 fnt
|faint|p1b: Grimmsnarl
|move|p2b: Farigiraf|Trick Room|p2b: Farigiraf
|-fieldstart|move: Trick Room|[of] p2b: Farigiraf
|
|upkeep
|
|t:|1782280391
|switch|p1b: Rotom|Rotom-Wash, L50|57/100
|turn|6
|
|t:|1782280405
|move|p2a: Sylveon|Hyper Beam|p1b: Rotom
|-crit|p1b: Rotom
|-damage|p1b: Rotom|0 fnt
|-mustrecharge|p2a: Sylveon
|faint|p1b: Rotom
|move|p1a: Delphox|Psyshock|p2a: Sylveon
|-damage|p2a: Sylveon|11/100
|move|p2b: Farigiraf|Roar|p2a: Sylveon
|drag|p2a: Kingambit|Kingambit, L50, M|64/100
|
|upkeep
|turn|7
|
|t:|1782280420
|move|p2b: Farigiraf|Thunderbolt|p1a: Delphox
|-damage|p1a: Delphox|74/100
|move|p2a: Kingambit|Kowtow Cleave|p1a: Delphox
|-supereffective|p1a: Delphox|1
|-damage|p1a: Delphox|0 fnt
|faint|p1a: Delphox
|
|win|naibot2814
|raw|kurozora13's rating: 1214 → 1196(-18 for losing)
|raw|naibot2814's rating: 1320 → 1334(+14 for winning)
|l|☆kurozora13
|player|p1|
