|j|☆erporros
|j|☆DamEdge
|html|erporrosDamEdge    
|uhtml|bestof|Game 1 of a best-of-3
|t:|1757809345
|gametype|doubles
|player|p1|erporros|blackbelt-gen4dp|1180
|player|p2|DamEdge|teamrocket|1083
|gen|9
|tier|[Gen 9] VGC 2025 Reg H (Bo3)
|rated|
|rule|Species Clause: Limit one of each Pokémon
|rule|Item Clause: Limit 1 of each item
|clearpoke
|poke|p1|Comfey, L50, F|
|poke|p1|Rillaboom, L50, F|
|poke|p1|Magmar, L50, M|
|poke|p1|Gholdengo, L50|
|poke|p1|Tauros-Paldea-Aqua, L50, M|
|poke|p1|Hydreigon, L50, M|
|poke|p2|Cloyster, L50, F|
|poke|p2|Tyranitar, L50, F|
|poke|p2|Indeedee-F, L50, F|
|poke|p2|Whimsicott, L50, M|
|poke|p2|Espeon, L50, M|
|poke|p2|Annihilape, L50, M|
|teampreview|4
|showteam|p1|Comfey||GrassySeed|Triage|DrainingKiss,CalmMind,Protect,TeraBlast|||F|||50|,,,,,Water]Rillaboom||MiracleSeed|GrassySurge|Uturn,FakeOut,GrassyGlide,WoodHammer|||F|||50|,,,,,Fire]Magmar||Eviolite|VitalSpirit|FollowMe,WillOWisp,Overheat,Protect|||M|||50|,,,,,Ghost]Gholdengo||MetalCoat|GoodasGold|MakeItRain,NastyPlot,Protect,ShadowBall||||||50|,,,,,Steel]Tauros-Paldea-Aqua||MirrorHerb|Intimidate|WaveCrash,AquaJet,CloseCombat,Protect|||M|||50|,,,,,Water]Hydreigon||RazorClaw|Levitate|DracoMeteor,Snarl,FocusEnergy,Protect|||M|||50|,,,,,Ghost
|showteam|p2|Cloyster||FocusSash|SkillLink|IcicleSpear,RockBlast,ShellSmash,Protect|||F|||50|,,,,,Ghost]Tyranitar||AssaultVest|SandStream|RockSlide,KnockOff,LowKick,TeraBlast|||F|||50|,,,,,Flying]Indeedee-F||PsychicSeed|PsychicSurge|Psychic,FollowMe,TrickRoom,HelpingHand|||F|||50|,,,,,Psychic]Whimsicott||CovertCloak|Prankster|Moonblast,BeatUp,Tailwind,Encore|||M|||50|,,,,,Dark]Espeon||LifeOrb|MagicBounce|ExpandingForce,DazzlingGleam,PowerGem,Protect|||M|||50|,,,,,Psychic]Annihilape||SafetyGoggles|Defiant|DrainPunch,RageFist,BulkUp,Protect|||M|||50|,,,,,Fire
|inactive|Battle timer is ON: inactive players will automatically lose when time's up. (requested by erporros)
|inactive|DamEdge has 60 seconds left.
|
|t:|1757809418
|teamsize|p1|4
|teamsize|p2|4
|start
|switch|p1a: Rillaboom|Rillaboom, L50, F|100/100
|switch|p1b: Comfey|Comfey, L50, F|100/100
|switch|p2a: Whimsicott|Whimsicott, L50, M|100/100
|switch|p2b: Annihilape|Annihilape, L50, M|100/100
|-fieldstart|move: Grassy Terrain|[from] ability: Grassy Surge|[of] p1a: Rillaboom
|-enditem|p1b: Comfey|Grassy Seed
|-boost|p1b: Comfey|def|1|[from] item: Grassy Seed
|turn|1
|
|t:|1757809445
|move|p2a: Whimsicott|Beat Up|p2b: Annihilape
|-damage|p2b: Annihilape|99/100
|-damage|p2b: Annihilape|96/100
|-damage|p2b: Annihilape|92/100
|-crit|p2b: Annihilape
|-damage|p2b: Annihilape|88/100
|-hitcount|p2b: Annihilape|4
|move|p2b: Annihilape|Rage Fist|p1a: Rillaboom
|-damage|p1a: Rillaboom|0 fnt
|faint|p1a: Rillaboom
|move|p1b: Comfey|Calm Mind|p1b: Comfey
|-boost|p1b: Comfey|spa|1
|-boost|p1b: Comfey|spd|1
|
|-heal|p2b: Annihilape|95/100|[from] Grassy Terrain
|upkeep
|inactive|erporros has 30 seconds left.
|
|t:|1757809478
|switch|p1a: Magmar|Magmar, L50, M|100/100
|turn|2
|inactive|erporros has 30 seconds left.
|inactive|erporros has 20 seconds left.
|
|t:|1757809514
|move|p1b: Comfey|Protect|p1b: Comfey
|-singleturn|p1b: Comfey|Protect
|move|p2a: Whimsicott|Encore|p1b: Comfey
|-activate|p1b: Comfey|move: Protect
|move|p2b: Annihilape|Rage Fist|p1a: Magmar
|-damage|p1a: Magmar|8/100
|move|p1a: Magmar|Overheat|p2a: Whimsicott
|-supereffective|p2a: Whimsicott
|-damage|p2a: Whimsicott|0 fnt
|-unboost|p1a: Magmar|spa|2
|faint|p2a: Whimsicott
|
|-heal|p2b: Annihilape|100/100|[from] Grassy Terrain
|-heal|p1a: Magmar|14/100|[from] Grassy Terrain
|upkeep
|
|t:|1757809524
|switch|p2a: Cloyster|Cloyster, L50, F, shiny|100/100
|turn|3
|inactive|erporros has 30 seconds left.
|
|t:|1757809557
|-terastallize|p1b: Comfey|Water
|move|p1a: Magmar|Follow Me|p1a: Magmar
|-singleturn|p1a: Magmar|move: Follow Me
|move|p2b: Annihilape|Rage Fist|p1a: Magmar
|-damage|p1a: Magmar|0 fnt
|faint|p1a: Magmar
|move|p2a: Cloyster|Shell Smash|p2a: Cloyster
|-unboost|p2a: Cloyster|def|1
|-unboost|p2a: Cloyster|spd|1
|-boost|p2a: Cloyster|atk|2
|-boost|p2a: Cloyster|spa|2
|-boost|p2a: Cloyster|spe|2
|move|p1b: Comfey|Tera Blast|p2b: Annihilape|[anim] Tera Blast Water
|-damage|p2b: Annihilape|51/100
|
|-heal|p2b: Annihilape|58/100|[from] Grassy Terrain
|upkeep
|
|t:|1757809567
|switch|p1a: Gholdengo|Gholdengo, L50|100/100
|turn|4
|inactive|erporros has 30 seconds left.
|
|t:|1757809601
|-terastallize|p2b: Annihilape|Fire
|move|p1b: Comfey|Draining Kiss|p2b: Annihilape
|-resisted|p2b: Annihilape
|-damage|p2b: Annihilape|42/100
|move|p2a: Cloyster|Rock Blast|p1b: Comfey
|-damage|p1b: Comfey|87/100
|-damage|p1b: Comfey|75/100
|-crit|p1b: Comfey
|-damage|p1b: Comfey|47/100
|-damage|p1b: Comfey|33/100
|-damage|p1b: Comfey|20/100
|-hitcount|p1b: Comfey|5
|move|p2b: Annihilape|Rage Fist|p1a: Gholdengo
|-supereffective|p1a: Gholdengo
|-damage|p1a: Gholdengo|0 fnt
|faint|p1a: Gholdengo
|
|-heal|p2b: Annihilape|48/100|[from] Grassy Terrain
|-heal|p1b: Comfey|26/100|[from] Grassy Terrain
|upkeep
|turn|5
|inactive|DamEdge has 30 seconds left.
|-message|erporros forfeited.
|
|win|DamEdge
||DamEdge is ready for game 2.
||erporros is ready for game 2.
|uhtml|next|Next: Game 2 of 3
