|j|☆eggwich69
|j|☆ninha1600
|html|eggwich69ninha1600    
|uhtml|bestof|Game 1 of a best-of-3
|t:|1757737087
|gametype|doubles
|player|p1|eggwich69|265|1164
|player|p2|ninha1600|101|1098
|gen|9
|tier|[Gen 9] VGC 2025 Reg H (Bo3)
|rated|
|rule|Species Clause: Limit one of each Pokémon
|rule|Item Clause: Limit 1 of each item
|clearpoke
|poke|p1|Amoonguss, L50, F|
|poke|p1|Sneasler, L50, M|
|poke|p1|Incineroar, L50, M|
|poke|p1|Gholdengo, L50|
|poke|p1|Ursaluna-Bloodmoon, L50, M|
|poke|p1|Dragonite, L50, F|
|poke|p2|Dragonite, L50, M|
|poke|p2|Gholdengo, L50|
|poke|p2|Rillaboom, L50, F|
|poke|p2|Arcanine-Hisui, L50, F|
|poke|p2|Annihilape, L50, M|
|poke|p2|Murkrow, L50, M|
|teampreview|4
|showteam|p1|Amoonguss||SitrusBerry|Regenerator|Spore,SludgeBomb,RagePowder,Protect|||F|||50|,,,,,Water]Sneasler||FocusSash|PoisonTouch|CloseCombat,DireClaw,Coaching,Protect|||M|||50|,,,,,Ghost]Incineroar||SafetyGoggles|Intimidate|FakeOut,KnockOff,PartingShot,FlareBlitz|||M|||50|,,,,,Ghost]Gholdengo||LifeOrb|GoodasGold|MakeItRain,ShadowBall,Protect,NastyPlot||||||50|,,,,,Water]Ursaluna-Bloodmoon||AssaultVest|MindsEye|BloodMoon,HyperVoice,EarthPower,VacuumWave|||M|||50|,,,,,Water]Dragonite||LoadedDice|Multiscale|ScaleShot,Tailwind,Haze,Protect|||F|||50|,,,,,Fairy
|showteam|p2|Dragonite||LoadedDice|Multiscale|Protect,ScaleShot,LowKick,ExtremeSpeed|||M|||50|,,,,,Fairy]Gholdengo||ChoiceSpecs|GoodasGold|Thunderbolt,PowerGem,MakeItRain,ShadowBall||||||50|,,,,,Steel]Rillaboom||AssaultVest|GrassySurge|FakeOut,HighHorsepower,WoodHammer,GrassyGlide|||F|||50|,,,,,Fire]Arcanine-Hisui||ClearAmulet|Intimidate|Protect,FlareBlitz,RockSlide,ExtremeSpeed|||F|||50|,,,,,Water]Annihilape||FocusSash|Defiant|Coaching,CloseCombat,RageFist,FinalGambit|||M|||50|,,,,,Electric]Murkrow||Eviolite|Prankster|Haze,Tailwind,FoulPlay,Taunt|||M|||50|,,,,,Ghost
|inactive|Battle timer is ON: inactive players will automatically lose when time's up. (requested by ninha1600)
|
|t:|1757737178
|teamsize|p1|4
|teamsize|p2|4
|start
|switch|p1a: Dragonite|Dragonite, L50, F|100/100
|switch|p1b: Gholdengo|Gholdengo, L50|100/100
|switch|p2a: Gholdengo|Gholdengo, L50|100/100
|switch|p2b: Murkrow|Murkrow, L50, M, shiny|100/100
|turn|1
|inactive|eggwich69 has 30 seconds left.
|inactive|ninha1600 has 30 seconds left.
|inactive|ninha1600 has 20 seconds left.
|inactive|ninha1600 has 15 seconds left.
|inactive|ninha1600 has 10 seconds left.
|
|t:|1757737225
|switch|p1b: Incineroar|Incineroar, L50, M|100/100
|-ability|p1b: Incineroar|Intimidate|boost
|-unboost|p2a: Gholdengo|atk|1
|-unboost|p2b: Murkrow|atk|1
|-terastallize|p2a: Gholdengo|Steel
|move|p2b: Murkrow|Tailwind|p2b: Murkrow
|-sidestart|p2: ninha1600|move: Tailwind
|move|p2a: Gholdengo|Make It Rain|p1a: Dragonite|[spread] p1a,p1b
|-resisted|p1b: Incineroar
|-damage|p1a: Dragonite|52/100
|-damage|p1b: Incineroar|65/100
|-unboost|p2a: Gholdengo|spa|1
|move|p1a: Dragonite|Scale Shot|p2b: Murkrow
|-crit|p2b: Murkrow
|-damage|p2b: Murkrow|75/100
|-damage|p2b: Murkrow|59/100
|-damage|p2b: Murkrow|42/100
|-damage|p2b: Murkrow|26/100
|-damage|p2b: Murkrow|9/100
|-hitcount|p2b: Murkrow|5
|-unboost|p1a: Dragonite|def|1
|-boost|p1a: Dragonite|spe|1
|
|upkeep
|turn|2
|inactive|ninha1600 has 30 seconds left.
|
|t:|1757737255
|switch|p2a: Rillaboom|Rillaboom, L50, F|100/100
|-fieldstart|move: Grassy Terrain|[from] ability: Grassy Surge|[of] p2a: Rillaboom
|move|p1a: Dragonite|Protect|p1a: Dragonite
|-singleturn|p1a: Dragonite|Protect
|move|p2b: Murkrow|Taunt|p1a: Dragonite
|-activate|p1a: Dragonite|move: Protect
|move|p1b: Incineroar|Flare Blitz|p2a: Rillaboom
|-supereffective|p2a: Rillaboom
|-damage|p2a: Rillaboom|7/100
|-damage|p1b: Incineroar|34/100|[from] Recoil
|
|-heal|p2a: Rillaboom|13/100|[from] Grassy Terrain
|-heal|p1b: Incineroar|40/100|[from] Grassy Terrain
|upkeep
|turn|3
|
|t:|1757737279
|move|p2a: Rillaboom|Fake Out|p1a: Dragonite
|-damage|p1a: Dragonite|31/100
|move|p2b: Murkrow|Taunt|p1a: Dragonite
|-start|p1a: Dragonite|move: Taunt
|cant|p1a: Dragonite|flinch
|move|p1b: Incineroar|Knock Off|p2a: Rillaboom
|-damage|p2a: Rillaboom|0 fnt
|-enditem|p2a: Rillaboom|Assault Vest|[from] move: Knock Off|[of] p1b: Incineroar
|faint|p2a: Rillaboom
|
|-heal|p1b: Incineroar|46/100|[from] Grassy Terrain
|upkeep
|
|t:|1757737298
|switch|p2a: Gholdengo|Gholdengo, L50, tera:Steel|100/100
|turn|4
|
|t:|1757737316
|move|p2b: Murkrow|Haze|p2b: Murkrow
|-clearallboost
|move|p2a: Gholdengo|Shadow Ball|p1a: Dragonite
|-damage|p1a: Dragonite|0 fnt
|faint|p1a: Dragonite
|move|p1b: Incineroar|Flare Blitz|p2a: Gholdengo
|-supereffective|p2a: Gholdengo
|-damage|p2a: Gholdengo|0 fnt
|faint|p2a: Gholdengo
|-damage|p1b: Incineroar|17/100|[from] Recoil
|
|-heal|p1b: Incineroar|23/100|[from] Grassy Terrain
|-sideend|p2: ninha1600|move: Tailwind
|upkeep
|
|t:|1757737335
|switch|p2a: Dragonite|Dragonite, L50, M|100/100
|switch|p1a: Amoonguss|Amoonguss, L50, F|100/100
|turn|5
|inactive|eggwich69 has 30 seconds left.
|
|t:|1757737362
|move|p1a: Amoonguss|Protect|p1a: Amoonguss
|-singleturn|p1a: Amoonguss|Protect
|move|p2b: Murkrow|Taunt|p1a: Amoonguss
|-activate|p1a: Amoonguss|move: Protect
|move|p2a: Dragonite|Low Kick|p1b: Incineroar
|-supereffective|p1b: Incineroar
|-damage|p1b: Incineroar|0 fnt
|faint|p1b: Incineroar
|
|upkeep
|
|t:|1757737370
|switch|p1b: Gholdengo|Gholdengo, L50|100/100
|turn|6
|
|t:|1757737389
|move|p1a: Amoonguss|Rage Powder|p1a: Amoonguss
|-singleturn|p1a: Amoonguss|move: Rage Powder
|move|p2b: Murkrow|Taunt|p1a: Amoonguss
|-start|p1a: Amoonguss|move: Taunt
|move|p1b: Gholdengo|Make It Rain|p2b: Murkrow|[spread] p2a,p2b
|-damage|p2a: Dragonite|67/100
|-damage|p2b: Murkrow|0 fnt
|-unboost|p1b: Gholdengo|spa|1
|faint|p2b: Murkrow
|-damage|p1b: Gholdengo|91/100|[from] item: Life Orb
|move|p2a: Dragonite|Scale Shot|p1a: Amoonguss
|-damage|p1a: Amoonguss|89/100
|-damage|p1a: Amoonguss|78/100
|-damage|p1a: Amoonguss|65/100
|-damage|p1a: Amoonguss|53/100
|-hitcount|p1a: Amoonguss|4
|-unboost|p2a: Dragonite|def|1
|-boost|p2a: Dragonite|spe|1
|
|-heal|p1b: Gholdengo|97/100|[from] Grassy Terrain
|-heal|p1a: Amoonguss|58/100|[from] Grassy Terrain
|-fieldend|move: Grassy Terrain
|upkeep
|turn|7
|inactive|ninha1600 has 30 seconds left.
|
|t:|1757737417
|move|p2a: Dragonite|Scale Shot|p1a: Amoonguss
|-crit|p1a: Amoonguss
|-damage|p1a: Amoonguss|39/100
|-enditem|p1a: Amoonguss|Sitrus Berry|[eat]
|-heal|p1a: Amoonguss|64/100|[from] item: Sitrus Berry
|-damage|p1a: Amoonguss|51/100
|-damage|p1a: Amoonguss|40/100
|-damage|p1a: Amoonguss|28/100
|-hitcount|p1a: Amoonguss|4
|-unboost|p2a: Dragonite|def|1
|-boost|p2a: Dragonite|spe|1
|move|p1b: Gholdengo|Make It Rain|p2a: Dragonite
|-damage|p2a: Dragonite|10/100
|-unboost|p1b: Gholdengo|spa|1
|-damage|p1b: Gholdengo|87/100|[from] item: Life Orb
|move|p1a: Amoonguss|Sludge Bomb|p2a: Dragonite
|-damage|p2a: Dragonite|0 fnt
|faint|p2a: Dragonite
|
|win|eggwich69
|inactive|eggwich69 has 30 seconds to confirm battle start!
|inactive|ninha1600 has 30 seconds to confirm battle start!
||eggwich69 is ready for game 2.
||ninha1600 is ready for game 2.
|uhtml|next|Next: Game 2 of 3
|l|☆ninha1600
|player|p2|
