|j|☆abgesaftet
|j|☆helio list
|html|abgesaftethelio list    
|uhtml|bestof|Game 2 of a best-of-3
|t:|1785772994
|gametype|doubles
|player|p1|abgesaftet|ballguy|1393
|player|p2|helio list|2|1472
|gen|9
|tier|[Gen 9 Champions] VGC 2026 Reg M-B (Bo3)
|rated|
|rule|Species Clause: Limit one of each Pokémon
|rule|Item Clause: Limit 1 of each item
|clearpoke
|poke|p1|Sneasler, L50, F|
|poke|p1|Sinistcha, L50|
|poke|p1|Incineroar, L50, M|
|poke|p1|Kingambit, L50, M|
|poke|p1|Delphox, L50, M|
|poke|p1|Blastoise, L50, F|
|poke|p2|Floette-Eternal, L50, F|
|poke|p2|Garchomp, L50, F|
|poke|p2|Basculegion, L50, M|
|poke|p2|Kingambit, L50, F|
|poke|p2|Talonflame, L50, M|
|poke|p2|Vivillon-Fancy, L50, F|
|teampreview|4
|showteam|p1|Sneasler||FocusSash|PoisonTouch|FakeOut,CloseCombat,PoisonJab,QuickGuard|Jolly||F|||50|]Sinistcha||OccaBerry|Hospitality|MatchaGotcha,RagePowder,TrickRoom,Protect|Bold|||||50|]Incineroar||SitrusBerry|Intimidate|FakeOut,FlareBlitz,ThroatChop,PartingShot|Careful||M|||50|]Kingambit||LifeOrb|Defiant|KowtowCleave,SuckerPunch,SwordsDance,Protect|Adamant||M|||50|]Delphox||Delphoxite|Blaze|HeatWave,Psychic,NastyPlot,Protect|Timid||M|||50|]Blastoise||Blastoisinite|RainDish|WaterSpout,DarkPulse,ShellSmash,Protect|Modest||F|||50|
|showteam|p2|Floette-Eternal||Floettite|FlowerVeil|CalmMind,DazzlingGleam,LightofRuin,Protect|Modest||F|||50|]Garchomp||LifeOrb|RoughSkin|DragonClaw,Earthquake,RockSlide,Protect|Jolly||F|||50|]Basculegion||MysticWater|Adaptability|WaveCrash,LastRespects,AquaJet,Protect|Adamant||M|||50|]Kingambit||OccaBerry|Defiant|KowtowCleave,LowKick,SuckerPunch,Protect|Adamant||F|||50|]Talonflame||SharpBeak|GaleWings|Tailwind,DualWingbeat,FlareBlitz,Protect|Jolly||M|||50|]Vivillon-Fancy||FocusSash|CompoundEyes|SleepPowder,Hurricane,RagePowder,Protect|Timid||F|||50|
|inactive|Battle timer is ON: inactive players will automatically lose when time's up. (requested by helio list)
|inactive|abgesaftet has 60 seconds left.
|inactive|helio list has 60 seconds left.
|
|t:|1785773029
|teamsize|p1|4
|teamsize|p2|4
|start
|switch|p1a: Blastoise|Blastoise, L50, F|100/100
|switch|p1b: Incineroar|Incineroar, L50, M|100/100
|switch|p2a: Kingambit|Kingambit, L50, F|100/100
|switch|p2b: Vivillon|Vivillon-Fancy, L50, F|100/100
|-ability|p1b: Incineroar|Intimidate|boost
|-unboost|p2a: Kingambit|atk|1
|-ability|p2a: Kingambit|Defiant|boost
|-boost|p2a: Kingambit|atk|2
|-unboost|p2b: Vivillon|atk|1
|turn|1
|
|t:|1785773034
|detailschange|p1a: Blastoise|Blastoise-Mega, L50, F
|-mega|p1a: Blastoise|Blastoise|Blastoisinite
|move|p1b: Incineroar|Fake Out|p2b: Vivillon
|-damage|p2b: Vivillon|79/100
|cant|p2b: Vivillon|flinch
|move|p1a: Blastoise|Water Spout|p2b: Vivillon|[spread] p2a,p2b
|-damage|p2a: Kingambit|25/100
|-damage|p2b: Vivillon|0 fnt
|faint|p2b: Vivillon
|move|p2a: Kingambit|Kowtow Cleave|p1a: Blastoise
|-damage|p1a: Blastoise|25/100
|
|upkeep
|
|t:|1785773051
|switch|p2b: Talonflame|Talonflame, L50, M|100/100
|turn|2
|
|t:|1785773065
|move|p1a: Blastoise|Protect|p1a: Blastoise
|-singleturn|p1a: Blastoise|Protect
|move|p2b: Talonflame|Tailwind|p2b: Talonflame
|-sidestart|p2: helio list|move: Tailwind
|move|p2a: Kingambit|Kowtow Cleave|p1a: Blastoise
|-activate|p1a: Blastoise|move: Protect
|move|p1b: Incineroar|Flare Blitz|p2a: Kingambit
|-supereffective|p2a: Kingambit|1
|-enditem|p2a: Kingambit|Occa Berry|[eat]
|-enditem|p2a: Kingambit|Occa Berry|[weaken]
|-damage|p2a: Kingambit|0 fnt
|faint|p2a: Kingambit
|-damage|p1b: Incineroar|92/100|[from] Recoil
|
|upkeep
|
|t:|1785773068
|switch|p2a: Garchomp|Garchomp, L50, F|100/100
|turn|3
|
|t:|1785773090
|switch|p1a: Sinistcha|Sinistcha, L50|100/100
|-heal|p1b: Incineroar|100/100|[from] ability: Hospitality|[of] p1a: Sinistcha
|switch|p1b: Sneasler|Sneasler, L50, F|100/100
|move|p2b: Talonflame|Dual Wingbeat|p1b: Sneasler
|-supereffective|p1b: Sneasler|1
|-damage|p1b: Sneasler|41/100
|-supereffective|p1b: Sneasler|1
|-damage|p1b: Sneasler|0 fnt
|faint|p1b: Sneasler
|-hitcount|p1: Sneasler|2
|move|p2a: Garchomp|Earthquake|p1a: Sinistcha|[spread] p1a
|-immune|p2b: Talonflame
|-resisted|p1a: Sinistcha|1
|-damage|p1a: Sinistcha|80/100
|-damage|p2a: Garchomp|90/100|[from] item: Life Orb
|
|upkeep
|
|t:|1785773099
|switch|p1b: Incineroar|Incineroar, L50, M|100/100
|-ability|p1b: Incineroar|Intimidate|boost
|-unboost|p2a: Garchomp|atk|1
|-unboost|p2b: Talonflame|atk|1
|turn|4
|
|t:|1785773107
|move|p1b: Incineroar|Fake Out|p2b: Talonflame
|-damage|p2b: Talonflame|84/100
|cant|p2b: Talonflame|flinch
|move|p2a: Garchomp|Rock Slide|p1b: Incineroar|[spread] p1a
|-miss|p2a: Garchomp|p1b: Incineroar
|-damage|p1a: Sinistcha|67/100
|-damage|p2a: Garchomp|80/100|[from] item: Life Orb
|cant|p1a: Sinistcha|flinch
|
|upkeep
|turn|5
|
|t:|1785773128
|move|p1a: Sinistcha|Protect|p1a: Sinistcha
|-singleturn|p1a: Sinistcha|Protect
|move|p2b: Talonflame|Dual Wingbeat|p1a: Sinistcha
|-activate|p1a: Sinistcha|move: Protect
|move|p2a: Garchomp|Earthquake|p1b: Incineroar|[spread] p1b
|-activate|p1a: Sinistcha|move: Protect
|-immune|p2b: Talonflame
|-supereffective|p1b: Incineroar|1
|-damage|p1b: Incineroar|29/100
|-enditem|p1b: Incineroar|Sitrus Berry|[eat]
|-heal|p1b: Incineroar|54/100|[from] item: Sitrus Berry
|-damage|p2a: Garchomp|70/100|[from] item: Life Orb
|move|p1b: Incineroar|Parting Shot|p2a: Garchomp
|-unboost|p2a: Garchomp|atk|1
|-unboost|p2a: Garchomp|spa|1
|
|t:|1785773142
|switch|p1b: Blastoise|Blastoise-Mega, L50, F|25/100|[from] Parting Shot
|
|-sideend|p2: helio list|move: Tailwind
|upkeep
|turn|6
|
|t:|1785773151
|switch|p1b: Incineroar|Incineroar, L50, M|54/100
|-ability|p1b: Incineroar|Intimidate|boost
|-unboost|p2a: Garchomp|atk|1
|-unboost|p2b: Talonflame|atk|1
|move|p2b: Talonflame|Dual Wingbeat|p1a: Sinistcha|[miss]
|-miss|p2b: Talonflame|p1a: Sinistcha
|move|p2a: Garchomp|Dragon Claw|p1a: Sinistcha
|-damage|p1a: Sinistcha|51/100
|-damage|p2a: Garchomp|60/100|[from] item: Life Orb
|move|p1a: Sinistcha|Matcha Gotcha|p2a: Garchomp|[spread] p2a,p2b
|-crit|p2a: Garchomp
|-resisted|p2b: Talonflame|2
|-damage|p2a: Garchomp|20/100y
|-heal|p1a: Sinistcha|72/100|[from] drain|[of] p2a: Garchomp
|-damage|p2b: Talonflame|76/100
|-heal|p1a: Sinistcha|76/100|[from] drain|[of] p2b: Talonflame
|
|upkeep
|turn|7
|
|t:|1785773169
|move|p2a: Garchomp|Protect|p2a: Garchomp
|-singleturn|p2a: Garchomp|Protect
|move|p1b: Incineroar|Fake Out|p2a: Garchomp
|-activate|p2a: Garchomp|move: Protect
|move|p2b: Talonflame|Dual Wingbeat|p1a: Sinistcha
|-supereffective|p1a: Sinistcha|1
|-damage|p1a: Sinistcha|61/100
|-supereffective|p1a: Sinistcha|1
|-damage|p1a: Sinistcha|47/100
|-hitcount|p1a: Sinistcha|2
|move|p1a: Sinistcha|Trick Room|p1a: Sinistcha
|-fieldstart|move: Trick Room|[of] p1a: Sinistcha
|
|upkeep
|turn|8
|-message|helio list forfeited.
|
|win|abgesaftet
