|j|☆theshinychatot
|j|☆FlashoGoing
|html|theshinychatotFlashoGoing    
|uhtml|bestof|Game 1 of a best-of-3
|t:|1785891798
|gametype|doubles
|player|p1|theshinychatot|skyla|1220
|player|p2|FlashoGoing|pokemaniac|1149
|gen|9
|tier|[Gen 9 Champions] VGC 2026 Reg M-B (Bo3)
|rated|
|rule|Species Clause: Limit one of each Pokémon
|rule|Item Clause: Limit 1 of each item
|clearpoke
|poke|p1|Kingambit, L50, F|
|poke|p1|Charizard, L50, M|
|poke|p1|Aerodactyl, L50, F|
|poke|p1|Farigiraf, L50, F|
|poke|p1|Garchomp, L50, F|
|poke|p1|Sylveon, L50, F|
|poke|p2|Whimsicott, L50, F|
|poke|p2|Ninetales-Alola, L50, F|
|poke|p2|Glimmora, L50, M|
|poke|p2|Incineroar, L50, F|
|poke|p2|Rotom-Wash, L50|
|poke|p2|Blastoise, L50, M|
|teampreview|4
|showteam|p1|Kingambit||FocusSash|Defiant|KowtowCleave,IronHead,SuckerPunch,LowKick|Adamant||F|||50|]Charizard||CharizarditeY|Blaze|HeatWave,SolarBeam,WeatherBall,Protect|Modest||M|||50|]Aerodactyl||Aerodactylite|Unnerve|RockSlide,DualWingbeat,IceFang,Tailwind|Jolly||F|||50|]Farigiraf||SitrusBerry|ArmorTail|Psychic,Thunderbolt,TrickRoom,Protect|Bold||F|||50|]Garchomp||LifeOrb|RoughSkin|Earthquake,DragonClaw,StompingTantrum,Protect|Jolly||F|||50|]Sylveon||FairyFeather|Pixilate|HyperVoice,HyperBeam,QuickAttack,Protect|Modest||F|||50|
|showteam|p2|Whimsicott||FocusSash|Prankster|Tailwind,Moonblast,Encore,Protect|Timid||F|||50|]Ninetales-Alola||NeverMeltIce|SnowWarning|Blizzard,FreezeDry,AuroraVeil,Protect|Timid||F|||50|]Glimmora||Glimmoranite|ToxicDebris|PowerGem,SludgeBomb,EarthPower,SpikyShield|Timid||M|||50|]Incineroar|||Intimidate|FakeOut,FlareBlitz,ThroatChop,PartingShot|Careful||F|||50|]Rotom-Wash||SitrusBerry|Levitate|Thunderbolt,HydroPump,WillOWisp,LightScreen|Modest|||||50|]Blastoise||Blastoisinite|Torrent|WaterSpout,WaterPulse,AuraSphere,Protect|Modest||M|||50|
|inactive|Battle timer is ON: inactive players will automatically lose when time's up. (requested by FlashoGoing)
|inactive|theshinychatot has 60 seconds left.
|
|t:|1785891870
|teamsize|p1|4
|teamsize|p2|4
|start
|switch|p1a: Garchomp|Garchomp, L50, F|100/100
|switch|p1b: Sylveon|Sylveon, L50, F|100/100
|switch|p2a: Rotom|Rotom-Wash, L50|100/100
|switch|p2b: Glimmora|Glimmora, L50, M|100/100
|turn|1
|inactive|theshinychatot has 30 seconds left.
|inactive|theshinychatot has 20 seconds left.
|inactive|theshinychatot has 15 seconds left.
|
|t:|1785891912
|switch|p2b: Incineroar|Incineroar, L50, F|100/100
|-ability|p2b: Incineroar|Intimidate|boost
|-unboost|p1a: Garchomp|atk|1
|-unboost|p1b: Sylveon|atk|1
|move|p1b: Sylveon|Protect|p1b: Sylveon
|-singleturn|p1b: Sylveon|Protect
|move|p1a: Garchomp|Stomping Tantrum|p2b: Incineroar
|-supereffective|p2b: Incineroar|1
|-damage|p2b: Incineroar|37/100
|-damage|p1a: Garchomp|90/100|[from] item: Life Orb
|move|p2a: Rotom|Will-O-Wisp|p1a: Garchomp
|-status|p1a: Garchomp|brn
|
|-damage|p1a: Garchomp|84/100 brn|[from] brn
|upkeep
|turn|2
|inactive|FlashoGoing has 30 seconds left.
|
|t:|1785891938
|switch|p1b: Farigiraf|Farigiraf, L50, F|100/100
|move|p1a: Garchomp|Stomping Tantrum|p2b: Incineroar
|-supereffective|p2b: Incineroar|1
|-damage|p2b: Incineroar|3/100
|-damage|p1a: Garchomp|74/100 brn|[from] item: Life Orb
|move|p2a: Rotom|Light Screen|p2a: Rotom
|-sidestart|p2: FlashoGoing|move: Light Screen
|move|p2b: Incineroar|Parting Shot|p1b: Farigiraf
|-unboost|p1b: Farigiraf|atk|1
|-unboost|p1b: Farigiraf|spa|1
|
|t:|1785891950
|switch|p2b: Glimmora|Glimmora, L50, M|100/100|[from] Parting Shot
|
|-damage|p1a: Garchomp|68/100 brn|[from] brn
|upkeep
|turn|3
|
|t:|1785891970
|detailschange|p2b: Glimmora|Glimmora-Mega, L50, M
|-mega|p2b: Glimmora|Glimmora|Glimmoranite
|move|p1a: Garchomp|Stomping Tantrum|p2b: Glimmora
|-supereffective|p2b: Glimmora|2
|-damage|p2b: Glimmora|31/100
|-damage|p1a: Garchomp|58/100 brn|[from] item: Life Orb
|move|p2b: Glimmora|Sludge Bomb|p1a: Garchomp
|-resisted|p1a: Garchomp|1
|-damage|p1a: Garchomp|22/100 brn
|move|p2a: Rotom|Hydro Pump|p1a: Garchomp
|-damage|p1a: Garchomp|0 fnt
|faint|p1a: Garchomp
|move|p1b: Farigiraf|Psychic|p2b: Glimmora
|-supereffective|p2b: Glimmora|1
|-damage|p2b: Glimmora|0 fnt
|faint|p2b: Glimmora
|
|upkeep
|
|t:|1785891994
|switch|p1a: Sylveon|Sylveon, L50, F|100/100
|switch|p2b: Incineroar|Incineroar, L50, F|3/100
|-ability|p2b: Incineroar|Intimidate|boost
|-unboost|p1a: Sylveon|atk|1
|-unboost|p1b: Farigiraf|atk|1
|turn|4
|inactive|theshinychatot has 30 seconds left.
|
|t:|1785892026
|move|p2a: Rotom|Thunderbolt|p1a: Sylveon
|-damage|p1a: Sylveon|61/100
|move|p1a: Sylveon|Hyper Voice|p2a: Rotom|[spread] p2a,p2b
|-damage|p2a: Rotom|56/100
|-damage|p2b: Incineroar|0 fnt
|faint|p2b: Incineroar
|move|p1b: Farigiraf|Trick Room|p1b: Farigiraf
|-fieldstart|move: Trick Room|[of] p1b: Farigiraf
|
|upkeep
|
|t:|1785892035
|switch|p2b: Whimsicott|Whimsicott, L50, F|100/100
|turn|5
|
|t:|1785892044
|move|p1b: Farigiraf|Psychic|p2a: Rotom
|-damage|p2a: Rotom|34/100
|-enditem|p2a: Rotom|Sitrus Berry|[eat]
|-heal|p2a: Rotom|59/100|[from] item: Sitrus Berry
|move|p1a: Sylveon|Hyper Voice|p2b: Whimsicott|[spread] p2a,p2b
|-damage|p2a: Rotom|12/100
|-damage|p2b: Whimsicott|50/100g
|move|p2a: Rotom|Thunderbolt|p1a: Sylveon
|-damage|p1a: Sylveon|24/100
|move|p2b: Whimsicott|Moonblast|p1a: Sylveon
|-damage|p1a: Sylveon|0 fnt
|faint|p1a: Sylveon
|
|upkeep
|
|t:|1785892056
|switch|p1a: Charizard|Charizard, L50, M|100/100
|turn|6
|
|t:|1785892065
|detailschange|p1a: Charizard|Charizard-Mega-Y, L50, M
|-mega|p1a: Charizard|Charizard|Charizardite Y
|-weather|SunnyDay|[from] ability: Drought|[of] p1a: Charizard
|move|p1b: Farigiraf|Psychic|p2a: Rotom
|-damage|p2a: Rotom|0 fnt
|faint|p2a: Rotom
|move|p1a: Charizard|Weather Ball|p2b: Whimsicott
|-supereffective|p2b: Whimsicott|1
|-damage|p2b: Whimsicott|0 fnt
|faint|p2b: Whimsicott
|
|win|theshinychatot
||FlashoGoing is ready for game 2.
|inactive|theshinychatot has 30 seconds to confirm battle start!
||theshinychatot is ready for game 2.
|uhtml|next|Next: Game 2 of 3
