|j|☆ufhednarvgc
|j|☆musthaveamusty
|html|ufhednarvgcmusthaveamusty    
|uhtml|bestof|Game 2 of a best-of-3
|t:|1786126782
|gametype|doubles
|player|p1|ufhednarvgc|lance|1192
|player|p2|musthaveamusty|265|1262
|gen|9
|tier|[Gen 9 Champions] VGC 2026 Reg M-B (Bo3)
|rated|
|rule|Species Clause: Limit one of each Pokémon
|rule|Item Clause: Limit 1 of each item
|clearpoke
|poke|p1|Arcanine-Hisui, L50, M|
|poke|p1|Kingambit, L50, F|
|poke|p1|Raichu, L50, M|
|poke|p1|Farigiraf, L50, M|
|poke|p1|Sylveon, L50, F|
|poke|p1|Staraptor, L50, M|
|poke|p2|Metagross, L50|
|poke|p2|Garchomp, L50, F|
|poke|p2|Typhlosion-Hisui, L50, M|
|poke|p2|Charizard, L50, F|
|poke|p2|Whimsicott, L50, F|
|poke|p2|Sneasler, L50, F|
|teampreview|4
|showteam|p1|Arcanine-Hisui||FocusSash|RockHead|FlareBlitz,HeadSmash,ExtremeSpeed,Protect|Jolly||M|||50|]Kingambit||LifeOrb|Defiant|KowtowCleave,SuckerPunch,SwordsDance,Protect|Adamant||F|||50|]Raichu||RaichuniteY|LightningRod|ZapCannon,FocusBlast,FakeOut,Protect|Timid||M|||50|]Farigiraf||SitrusBerry|ArmorTail|Psychic,HelpingHand,TrickRoom,Protect|Modest||M|||50|]Sylveon||FairyFeather|Pixilate|HyperVoice,HyperBeam,QuickAttack,Detect|Modest||F|||50|]Staraptor||Staraptite|Intimidate|CloseCombat,DualWingbeat,Tailwind,Protect|Jolly||M|||50|
|showteam|p2|Metagross||Metagrossite|ClearBody|Protect,IcePunch,IronHead,PsychicFangs|Jolly|||||50|]Garchomp||LifeOrb|RoughSkin|Protect,DragonClaw,Earthquake,RockSlide|Jolly||F|||50|]Typhlosion-Hisui||ChoiceScarf|Blaze|Eruption,Overheat,HeatWave,ShadowBall|Modest||M|||50|]Charizard||CharizarditeY|Blaze|Protect,HeatWave,Overheat,AirSlash|Modest||F|||50|]Whimsicott||FocusSash|Prankster|Tailwind,Moonblast,SunnyDay,Encore|Careful||F|||50|]Sneasler||WhiteHerb|Unburden|CloseCombat,DireClaw,Protect,FakeOut|Adamant||F|||50|
|inactive|Battle timer is ON: inactive players will automatically lose when time's up. (requested by musthaveamusty)
|
|t:|1786126824
|teamsize|p1|4
|teamsize|p2|4
|start
|switch|p1a: Raichu|Raichu, L50, M|100/100
|switch|p1b: Farigiraf|Farigiraf, L50, M|100/100
|switch|p2a: Charizard|Charizard, L50, F|100/100
|switch|p2b: Sneasler|Sneasler, L50, F|100/100
|turn|1
|
|t:|1786126848
|detailschange|p1a: Raichu|Raichu-Mega-Y, L50, M
|-mega|p1a: Raichu|Raichu|Raichunite Y
|detailschange|p2a: Charizard|Charizard-Mega-Y, L50, F
|-mega|p2a: Charizard|Charizard|Charizardite Y
|-weather|SunnyDay|[from] ability: Drought|[of] p2a: Charizard
|move|p1a: Raichu|Zap Cannon|p2a: Charizard
|-supereffective|p2a: Charizard|1
|-damage|p2a: Charizard|0 fnt
|faint|p2a: Charizard
|move|p2b: Sneasler|Close Combat|p1b: Farigiraf
|-damage|p1b: Farigiraf|45/100
|-unboost|p2b: Sneasler|def|1
|-unboost|p2b: Sneasler|spd|1
|-enditem|p1b: Farigiraf|Sitrus Berry|[eat]
|-heal|p1b: Farigiraf|70/100|[from] item: Sitrus Berry
|-enditem|p2b: Sneasler|White Herb
|-clearnegativeboost|p2b: Sneasler|[silent]
|move|p1b: Farigiraf|Trick Room|p1b: Farigiraf
|-fieldstart|move: Trick Room|[of] p1b: Farigiraf
|
|-weather|SunnyDay|[upkeep]
|upkeep
|
|t:|1786126863
|switch|p2a: Garchomp|Garchomp, L50, F|100/100
|turn|2
|
|t:|1786126883
|move|p1b: Farigiraf|Protect|p1b: Farigiraf
|-singleturn|p1b: Farigiraf|Protect
|move|p2a: Garchomp|Protect|p2a: Garchomp
|-singleturn|p2a: Garchomp|Protect
|move|p1a: Raichu|Zap Cannon|p2b: Sneasler
|-damage|p2b: Sneasler|12/100
|-status|p2b: Sneasler|par
|move|p2b: Sneasler|Close Combat|p1b: Farigiraf
|-activate|p1b: Farigiraf|move: Protect
|
|-weather|SunnyDay|[upkeep]
|upkeep
|turn|3
|
|t:|1786126899
|switch|p1a: Sylveon|Sylveon, L50, F|100/100
|move|p2b: Sneasler|Protect|p2b: Sneasler
|-singleturn|p2b: Sneasler|Protect
|move|p1b: Farigiraf|Psychic|p2b: Sneasler
|-activate|p2b: Sneasler|move: Protect
|move|p2a: Garchomp|Earthquake|p1a: Sylveon|[spread] p1a,p1b
|-activate|p2b: Sneasler|move: Protect
|-damage|p1a: Sylveon|39/100
|-damage|p1b: Farigiraf|23/100
|-damage|p2a: Garchomp|90/100|[from] item: Life Orb
|
|-weather|SunnyDay|[upkeep]
|upkeep
|turn|4
|inactive|musthaveamusty has 30 seconds left.
|inactive|musthaveamusty has 20 seconds left.
|
|t:|1786126935
|switch|p2b: Typhlosion|Typhlosion-Hisui, L50, M|100/100
|move|p1b: Farigiraf|Psychic|p2a: Garchomp
|-crit|p2a: Garchomp
|-damage|p2a: Garchomp|31/100
|move|p1a: Sylveon|Hyper Voice|p2a: Garchomp|[spread] p2a,p2b
|-supereffective|p2a: Garchomp|1
|-resisted|p2b: Typhlosion|1
|-damage|p2a: Garchomp|0 fnt
|-damage|p2b: Typhlosion|70/100
|faint|p2a: Garchomp
|
|-weather|SunnyDay|[upkeep]
|upkeep
|
|t:|1786126942
|switch|p2a: Sneasler|Sneasler, L50, F|12/100 par
|turn|5
|
|t:|1786126953
|move|p1b: Farigiraf|Psychic|p2b: Typhlosion
|-damage|p2b: Typhlosion|22/100
|move|p2a: Sneasler|Dire Claw|p1a: Sylveon
|-supereffective|p1a: Sylveon|1
|-damage|p1a: Sylveon|0 fnt
|faint|p1a: Sylveon
|move|p2b: Typhlosion|Heat Wave|p1b: Farigiraf
|-damage|p1b: Farigiraf|0 fnt
|faint|p1b: Farigiraf
|
|-weather|none
|-fieldend|move: Trick Room
|upkeep
|
|t:|1786126963
|switch|p1a: Raichu|Raichu-Mega-Y, L50, M|100/100
|switch|p1b: Kingambit|Kingambit, L50, F|100/100
|turn|6
|
|t:|1786126970
|move|p1a: Raichu|Fake Out|p2a: Sneasler
|-damage|p2a: Sneasler|0 fnt
|faint|p2a: Sneasler
|move|p1b: Kingambit|Sucker Punch|p2b: Typhlosion
|-supereffective|p2b: Typhlosion|1
|-damage|p2b: Typhlosion|0 fnt
|faint|p2b: Typhlosion
|-damage|p1b: Kingambit|90/100|[from] item: Life Orb
|
|win|ufhednarvgc
||ufhednarvgc is ready for game 3.
|inactive|musthaveamusty has 30 seconds to confirm battle start!
|inactive|musthaveamusty has 20 seconds to confirm battle start!
||musthaveamusty is ready for game 3.
|uhtml|next|Next: Game 3 of 3
