|j|☆statusqo
|j|☆roval2
|html|statusqoroval2    
|uhtml|bestof|Game 1 of a best-of-3
|t:|1756323082
|gametype|doubles
|player|p1|statusqo|101|
|player|p2|roval2|hiker-gen4|
|gen|9
|tier|[Gen 9] VGC 2025 Reg H (Bo3)
|rule|Species Clause: Limit one of each Pokémon
|rule|Item Clause: Limit 1 of each item
|clearpoke
|poke|p1|Sneasler, L50, F|
|poke|p1|Indeedee, L50, M|
|poke|p1|Ursaluna-Bloodmoon, L50, M|
|poke|p1|Electabuzz, L50, M|
|poke|p1|Incineroar, L50, M|
|poke|p1|Talonflame, L50, M|
|poke|p2|Rillaboom, L50, M|
|poke|p2|Glimmora, L50, M|
|poke|p2|Sinistcha, L50|
|poke|p2|Ursaluna, L50, M|
|poke|p2|Ninetales-Alola, L50, F|
|poke|p2|Mandibuzz, L50, F|
|teampreview|4
|showteam|p1|Sneasler||PsychicSeed|Unburden|CloseCombat,DireClaw,ThroatChop,Protect|||F|||50|,,,,,Dark]Indeedee||FocusSash|PsychicSurge|ExpandingForce,TrickRoom,HelpingHand,Protect|||M|||50|,,,,,Psychic]Ursaluna-Bloodmoon||LifeOrb|MindsEye|BloodMoon,HyperVoice,EarthPower,Protect|||M|||50|,,,,,Normal]Electabuzz||Eviolite|VitalSpirit|Electroweb,FollowMe,Taunt,Protect|||M|||50|,,,,,Dragon]Incineroar||SafetyGoggles|Intimidate|FlareBlitz,KnockOff,PartingShot,FakeOut|||M|||50|,,,,,Ghost]Talonflame||CovertCloak|GaleWings|FlareBlitz,DualWingbeat,WillOWisp,Tailwind|||M|||50|,,,,,Fairy
|showteam|p2|Rillaboom||AssaultVest|GrassySurge|GrassyGlide,HighHorsepower,FakeOut,Uturn|||M|||50|,,,,,Water]Glimmora||PowerHerb|ToxicDebris|MeteorBeam,SpikyShield,SludgeBomb,EarthPower|||M|||50|,,,,,Grass]Sinistcha||Leftovers|Hospitality|MatchaGotcha,ShadowBall,RagePowder,LifeDew||||||50|,,,,,Fire]Ursaluna||FlameOrb|Guts|Facade,Earthquake,HeadlongRush,Protect|||M|||50|,,,,,Ghost]Ninetales-Alola||BlackBelt|SnowWarning|AuroraVeil,Blizzard,Moonblast,Encore|||F|||50|,,,,,Water]Mandibuzz||CovertCloak|Overcoat|FoulPlay,Taunt,Tailwind,Whirlwind|||F|||50|,,,,,Fairy
|c|☆statusqo|Din cambio de clima tienes ventaja
|c|☆roval2|Buen equipo
|
|t:|1756323263
|teamsize|p1|4
|teamsize|p2|4
|start
|switch|p1a: Talonflame|Talonflame, L50, M|100/100
|switch|p1b: Incineroar|Incineroar, L50, M|100/100
|switch|p2a: Mandibuzz|Mandibuzz, L50, F|100/100
|switch|p2b: Ursaluna|Ursaluna, L50, M|100/100
|-ability|p1b: Incineroar|Intimidate|boost
|-unboost|p2a: Mandibuzz|atk|1
|-unboost|p2b: Ursaluna|atk|1
|turn|1
|c|☆statusqo|No estoy en mi zona de confort
|
|t:|1756323321
|move|p1a: Talonflame|Tailwind|p1a: Talonflame
|-sidestart|p1: statusqo|move: Tailwind
|move|p1b: Incineroar|Knock Off|p2b: Ursaluna
|-damage|p2b: Ursaluna|67/100
|-enditem|p2b: Ursaluna|Flame Orb|[from] move: Knock Off|[of] p1b: Incineroar
|move|p2a: Mandibuzz|Tailwind|p2a: Mandibuzz
|-sidestart|p2: roval2|move: Tailwind
|move|p2b: Ursaluna|Earthquake|p1a: Talonflame|[spread] p1b
|-immune|p2a: Mandibuzz
|-immune|p1a: Talonflame
|-supereffective|p1b: Incineroar
|-damage|p1b: Incineroar|35/100
|
|upkeep
|turn|2
|
|t:|1756323350
|move|p2b: Ursaluna|Protect|p2b: Ursaluna
|-singleturn|p2b: Ursaluna|Protect
|move|p1a: Talonflame|Will-O-Wisp|p2a: Mandibuzz
|-status|p2a: Mandibuzz|brn
|move|p2a: Mandibuzz|Foul Play|p1a: Talonflame
|-damage|p1a: Talonflame|72/100
|move|p1b: Incineroar|Parting Shot|p2b: Ursaluna
|-activate|p2b: Ursaluna|move: Protect
|
|-damage|p2a: Mandibuzz|94/100 brn|[from] brn
|upkeep
|turn|3
|
|t:|1756323377
|move|p1a: Talonflame|Dual Wingbeat|p2b: Ursaluna
|-damage|p2b: Ursaluna|56/100
|-damage|p2b: Ursaluna|45/100
|-hitcount|p2b: Ursaluna|2
|move|p2a: Mandibuzz|Foul Play|p1b: Incineroar
|-resisted|p1b: Incineroar
|-damage|p1b: Incineroar|24/100
|move|p1b: Incineroar|Parting Shot|p2b: Ursaluna
|-unboost|p2b: Ursaluna|atk|1
|-unboost|p2b: Ursaluna|spa|1
|
|t:|1756323389
|switch|p1b: Ursaluna|Ursaluna-Bloodmoon, L50, M|100/100|[from] Parting Shot
|move|p2b: Ursaluna|Facade|p1a: Talonflame
|-crit|p1a: Talonflame
|-damage|p1a: Talonflame|0 fnt
|faint|p1a: Talonflame
|
|-damage|p2a: Mandibuzz|88/100 brn|[from] brn
|upkeep
|
|t:|1756323401
|switch|p1a: Incineroar|Incineroar, L50, M|24/100
|-ability|p1a: Incineroar|Intimidate|boost
|-unboost|p2a: Mandibuzz|atk|1
|-unboost|p2b: Ursaluna|atk|1
|turn|4
|
|t:|1756323437
|-terastallize|p1b: Ursaluna|Normal
|-terastallize|p2b: Ursaluna|Ghost
|move|p1a: Incineroar|Flare Blitz|p2a: Mandibuzz
|-damage|p2a: Mandibuzz|50/100 brn
|-damage|p1a: Incineroar|12/100|[from] Recoil
|move|p1b: Ursaluna|Hyper Voice|p2a: Mandibuzz|[spread] p2a,p2b
|-damage|p2a: Mandibuzz|0 fnt
|-damage|p2b: Ursaluna|0 fnt
|faint|p2a: Mandibuzz
|faint|p2b: Ursaluna
|-damage|p1b: Ursaluna|91/100|[from] item: Life Orb
|
|-sideend|p1: statusqo|move: Tailwind
|-sideend|p2: roval2|move: Tailwind
|upkeep
|
|t:|1756323453
|switch|p2a: Rillaboom|Rillaboom, L50, M|100/100
|switch|p2b: Ninetales|Ninetales-Alola, L50, F|100/100
|-weather|Snowscape|[from] ability: Snow Warning|[of] p2b: Ninetales
|-fieldstart|move: Grassy Terrain|[from] ability: Grassy Surge|[of] p2a: Rillaboom
|turn|5
|
|t:|1756323477
|switch|p1a: Electabuzz|Electabuzz, L50, M|100/100
|move|p1b: Ursaluna|Protect|p1b: Ursaluna
|-singleturn|p1b: Ursaluna|Protect
|move|p2a: Rillaboom|Fake Out|p1a: Electabuzz
|-damage|p1a: Electabuzz|87/100
|move|p2b: Ninetales|Blizzard|p1a: Electabuzz|[spread] p1a
|-activate|p1b: Ursaluna|move: Protect
|-damage|p1a: Electabuzz|62/100
|
|-weather|Snowscape|[upkeep]
|-heal|p1a: Electabuzz|68/100|[from] Grassy Terrain
|-heal|p1b: Ursaluna|97/100|[from] Grassy Terrain
|upkeep
|turn|6
|
|t:|1756323504
|switch|p1b: Incineroar|Incineroar, L50, M|12/100
|-ability|p1b: Incineroar|Intimidate|boost
|-unboost|p2a: Rillaboom|atk|1
|-unboost|p2b: Ninetales|atk|1
|move|p2b: Ninetales|Encore||[still]
|-fail|p2b: Ninetales
|move|p1a: Electabuzz|Taunt|p2b: Ninetales
|-start|p2b: Ninetales|move: Taunt
|move|p2a: Rillaboom|High Horsepower|p1a: Electabuzz
|-supereffective|p1a: Electabuzz
|-damage|p1a: Electabuzz|25/100
|
|-weather|Snowscape|[upkeep]
|-heal|p1a: Electabuzz|31/100|[from] Grassy Terrain
|-heal|p1b: Incineroar|18/100|[from] Grassy Terrain
|upkeep
|turn|7
|
|t:|1756323528
|move|p1b: Incineroar|Fake Out|p2a: Rillaboom
|-damage|p2a: Rillaboom|89/100
|cant|p2a: Rillaboom|flinch
|move|p2b: Ninetales|Blizzard|p1a: Electabuzz|[spread] p1a,p1b
|-resisted|p1b: Incineroar
|-damage|p1a: Electabuzz|7/100
|-damage|p1b: Incineroar|5/100
|move|p1a: Electabuzz|Electroweb|p2a: Rillaboom|[spread] p2a,p2b
|-resisted|p2a: Rillaboom
|-damage|p2a: Rillaboom|84/100
|-damage|p2b: Ninetales|83/100
|-unboost|p2a: Rillaboom|spe|1
|-unboost|p2b: Ninetales|spe|1
|
|-weather|Snowscape|[upkeep]
|-heal|p1a: Electabuzz|13/100|[from] Grassy Terrain
|-heal|p2b: Ninetales|89/100|[from] Grassy Terrain
|-heal|p1b: Incineroar|11/100|[from] Grassy Terrain
|-heal|p2a: Rillaboom|91/100|[from] Grassy Terrain
|upkeep
|turn|8
|
|t:|1756323552
|move|p2a: Rillaboom|Grassy Glide|p1a: Electabuzz
|-damage|p1a: Electabuzz|0 fnt
|faint|p1a: Electabuzz
|move|p2b: Ninetales|Moonblast|p1b: Incineroar
|-damage|p1b: Incineroar|0 fnt
|faint|p1b: Incineroar
|
|-weather|Snowscape|[upkeep]
|-heal|p2b: Ninetales|94/100|[from] Grassy Terrain
|-heal|p2a: Rillaboom|97/100|[from] Grassy Terrain
|upkeep
|
|t:|1756323559
|switch|p1b: Ursaluna|Ursaluna-Bloodmoon, L50, M, tera:Normal|97/100
|turn|9
|
|t:|1756323681
|move|p2a: Rillaboom|Grassy Glide|p1b: Ursaluna
|-damage|p1b: Ursaluna|76/100
|move|p2b: Ninetales|Blizzard|p1b: Ursaluna
|-damage|p1b: Ursaluna|25/100
|move|p1b: Ursaluna|Blood Moon|p2b: Ninetales
|-damage|p2b: Ninetales|0 fnt
|faint|p2b: Ninetales
|-damage|p1b: Ursaluna|16/100|[from] item: Life Orb
|
|-weather|none
|-heal|p1b: Ursaluna|22/100|[from] Grassy Terrain
|-heal|p2a: Rillaboom|100/100|[from] Grassy Terrain
|-fieldend|move: Grassy Terrain
|upkeep
|turn|10
|
|t:|1756323700
|move|p1b: Ursaluna|Protect|p1b: Ursaluna
|-singleturn|p1b: Ursaluna|Protect
|move|p2a: Rillaboom|High Horsepower|p1b: Ursaluna
|-activate|p1b: Ursaluna|move: Protect
|
|upkeep
|turn|11
|
|t:|1756323709
|move|p1b: Ursaluna|Blood Moon|p2a: Rillaboom
|-damage|p2a: Rillaboom|0 fnt
|faint|p2a: Rillaboom
|-damage|p1b: Ursaluna|12/100|[from] item: Life Orb
|
|win|statusqo
|inactive|statusqo has 30 seconds to confirm battle start!
|inactive|roval2 has 30 seconds to confirm battle start!
||roval2 is ready for game 2.
|inactive|statusqo has 20 seconds to confirm battle start!
|inactive|statusqo has 10 seconds to confirm battle start!
||statusqo is ready for game 2.
|uhtml|next|Next: Game 2 of 3
|l|☆roval2
|player|p2|
