|j|☆Mario 30000000
|j|☆robby w
|html|Mario 30000000robby w    
|uhtml|bestof|Game 2 of a best-of-3
|t:|1756685222
|gametype|doubles
|player|p1|Mario 30000000|265|1183
|player|p2|robby w|pokefan-gen4|1274
|gen|9
|tier|[Gen 9] VGC 2025 Reg H (Bo3)
|rated|
|rule|Species Clause: Limit one of each Pokémon
|rule|Item Clause: Limit 1 of each item
|clearpoke
|poke|p1|Basculegion, L50, M|
|poke|p1|Archaludon, L50, F|
|poke|p1|Pelipper, L50, F|
|poke|p1|Kingambit, L50, F|
|poke|p1|Rillaboom, L50, M|
|poke|p1|Sneasler, L50, F|
|poke|p2|Dondozo, L50, F|
|poke|p2|Tatsugiri, L50, M|
|poke|p2|Sneasler, L50, F|
|poke|p2|Whimsicott, L50, F|
|poke|p2|Indeedee, L50, M|
|poke|p2|Hydreigon, L50, M|
|teampreview|4
|showteam|p1|Basculegion||ChoiceBand|SwiftSwim|WaveCrash,AquaJet,FlipTurn,LastRespects|||M|||50|,,,,,Ghost]Archaludon||AssaultVest|Stamina|FlashCannon,DracoMeteor,ElectroShot,BodyPress|||F|||50|,,,,,Fairy]Pelipper||FocusSash|Drizzle|Hurricane,WeatherBall,Tailwind,Protect|||F|||50|,,,,,Ground]Kingambit||BlackGlasses|Defiant|KowtowCleave,SuckerPunch,SwordsDance,Protect|||F|||50|,,,,,Ghost]Rillaboom||LoadedDice|GrassySurge|BulletSeed,GrassyGlide,FakeOut,HighHorsepower|||M|||50|,,,,,Grass]Sneasler||GrassySeed|Unburden|DireClaw,CloseCombat,FakeOut,Protect|||F|||50|,,,,,Ghost
|showteam|p2|Dondozo||Leftovers|Unaware|Protect,WaveCrash,Earthquake,OrderUp|||F|||50|,,,,,Grass]Tatsugiri||ChoiceScarf|Commander|DragonPulse,IcyWind,DracoMeteor,MuddyWater|||M|||50|,,,,,Stellar]Sneasler||PsychicSeed|Unburden|DireClaw,CloseCombat,Protect,ThroatChop|||F|||50|,,,,,Dark]Whimsicott||CovertCloak|Prankster|Tailwind,Moonblast,Taunt,HelpingHand|||F|||50|,,,,,Grass]Indeedee||FocusSash|PsychicSurge|ExpandingForce,TrickRoom,DazzlingGleam,Protect|||M|||50|,,,,,Fairy]Hydreigon||LifeOrb|Levitate|DracoMeteor,Snarl,HeatWave,Protect|||M|||50|,,,,,Steel
|inactive|Battle timer is ON: inactive players will automatically lose when time's up. (requested by robby w)
|
|t:|1756685261
|teamsize|p1|4
|teamsize|p2|4
|start
|switch|p1a: Pelipper|Pelipper, L50, F|100/100
|switch|p1b: Sneasler|Sneasler, L50, F|100/100
|switch|p2a: Dondozo|Dondozo, L50, F, shiny|100/100
|switch|p2b: Sneasler|Sneasler, L50, F|100/100
|-weather|RainDance|[from] ability: Drizzle|[of] p1a: Pelipper
|turn|1
|inactive|robby w has 30 seconds left.
|inactive|Mario 30000000 has 30 seconds left.
|
|t:|1756685294
|move|p1b: Sneasler|Fake Out|p2a: Dondozo
|-damage|p2a: Dondozo|90/100
|move|p2b: Sneasler|Dire Claw|p1a: Pelipper
|-damage|p1a: Pelipper|45/100
|move|p1a: Pelipper|Tailwind|p1a: Pelipper
|-sidestart|p1: Mario 30000000|move: Tailwind
|cant|p2a: Dondozo|flinch
|
|-weather|RainDance|[upkeep]
|-heal|p2a: Dondozo|96/100|[from] item: Leftovers
|upkeep
|turn|2
|
|t:|1756685315
|switch|p1a: Kingambit|Kingambit, L50, F|100/100
|switch|p2a: Indeedee|Indeedee, L50, M|100/100
|-fieldstart|move: Psychic Terrain|[from] ability: Psychic Surge|[of] p2a: Indeedee
|-enditem|p2b: Sneasler|Psychic Seed
|-boost|p2b: Sneasler|spd|1|[from] item: Psychic Seed
|move|p2b: Sneasler|Dire Claw|p1a: Kingambit
|-immune|p1a: Kingambit
|move|p1b: Sneasler|Dire Claw|p2a: Indeedee
|-damage|p2a: Indeedee|9/100
|
|-weather|RainDance|[upkeep]
|upkeep
|turn|3
|inactive|Mario 30000000 has 30 seconds left.
|inactive|robby w has 30 seconds left.
|
|t:|1756685348
|move|p1a: Kingambit|Protect|p1a: Kingambit
|-singleturn|p1a: Kingambit|Protect
|move|p1b: Sneasler|Dire Claw|p2a: Indeedee
|-damage|p2a: Indeedee|0 fnt
|faint|p2a: Indeedee
|move|p2b: Sneasler|Close Combat|p1a: Kingambit
|-activate|p1a: Kingambit|move: Protect
|
|-weather|RainDance|[upkeep]
|upkeep
|
|t:|1756685359
|switch|p2a: Dondozo|Dondozo, L50, F, shiny|96/100
|turn|4
|
|t:|1756685364
|switch|p1a: Rillaboom|Rillaboom, L50, M|100/100
|-fieldstart|move: Grassy Terrain|[from] ability: Grassy Surge|[of] p1a: Rillaboom
|-enditem|p1b: Sneasler|Grassy Seed
|-boost|p1b: Sneasler|def|1|[from] item: Grassy Seed
|move|p2b: Sneasler|Protect|p2b: Sneasler
|-singleturn|p2b: Sneasler|Protect
|move|p2a: Dondozo|Protect|p2a: Dondozo
|-singleturn|p2a: Dondozo|Protect
|move|p1b: Sneasler|Dire Claw|p2a: Dondozo
|-activate|p2a: Dondozo|move: Protect
|
|-weather|RainDance|[upkeep]
|-heal|p2a: Dondozo|100/100|[from] Grassy Terrain
|-sideend|p1: Mario 30000000|move: Tailwind
|upkeep
|turn|5
|
|t:|1756685387
|switch|p2b: Tatsugiri|Tatsugiri, L50, M|100/100
|-activate|p2b: Tatsugiri|ability: Commander|[of] p2a: Dondozo
|-boost|p2a: Dondozo|atk|2
|-boost|p2a: Dondozo|spa|2
|-boost|p2a: Dondozo|spe|2
|-boost|p2a: Dondozo|def|2
|-boost|p2a: Dondozo|spd|2
|move|p1a: Rillaboom|Fake Out|p2a: Dondozo
|-damage|p2a: Dondozo|95/100
|move|p1b: Sneasler|Dire Claw|p2a: Dondozo
|-damage|p2a: Dondozo|77/100
|-status|p2a: Dondozo|par
|cant|p2a: Dondozo|flinch
|
|-weather|none
|-heal|p2a: Dondozo|84/100 par|[from] Grassy Terrain
|-heal|p2a: Dondozo|90/100 par|[from] item: Leftovers
|upkeep
|turn|6
|inactive|Mario 30000000 has 30 seconds left.
|inactive|Mario 30000000 has 20 seconds left.
|inactive|Mario 30000000 has 15 seconds left.
|inactive|Mario 30000000 has 10 seconds left.
|
|t:|1756685433
|switch|p1a: Pelipper|Pelipper, L50, F|45/100
|-weather|RainDance|[from] ability: Drizzle|[of] p1a: Pelipper
|-terastallize|p2a: Dondozo|Grass
|move|p1b: Sneasler|Dire Claw|p2a: Dondozo
|-supereffective|p2a: Dondozo
|-damage|p2a: Dondozo|58/100 par
|cant|p2a: Dondozo|par
|
|-weather|RainDance|[upkeep]
|-heal|p2a: Dondozo|64/100 par|[from] Grassy Terrain
|-heal|p2a: Dondozo|70/100 par|[from] item: Leftovers
|upkeep
|turn|7
|
|t:|1756685451
|switch|p1b: Rillaboom|Rillaboom, L50, M|100/100
|move|p1a: Pelipper|Hurricane|p2a: Dondozo
|-supereffective|p2a: Dondozo
|-damage|p2a: Dondozo|23/100 par
|-start|p2a: Dondozo|confusion
|-activate|p2a: Dondozo|confusion
|move|p2a: Dondozo|Wave Crash|p1b: Rillaboom
|-resisted|p1b: Rillaboom
|-damage|p1b: Rillaboom|11/100
|-damage|p2a: Dondozo|0 fnt|[from] Recoil
|faint|p2a: Dondozo
|
|-weather|RainDance|[upkeep]
|-heal|p1b: Rillaboom|17/100|[from] Grassy Terrain
|upkeep
|
|t:|1756685467
|switch|p2a: Sneasler|Sneasler, L50, F|100/100
|turn|8
|
|t:|1756685489
|move|p2a: Sneasler|Protect|p2a: Sneasler
|-singleturn|p2a: Sneasler|Protect
|move|p1b: Rillaboom|Fake Out|p2a: Sneasler
|-activate|p2a: Sneasler|move: Protect
|move|p2b: Tatsugiri|Dragon Pulse|p1a: Pelipper
|-damage|p1a: Pelipper|0 fnt
|faint|p1a: Pelipper
|
|-weather|RainDance|[upkeep]
|-heal|p1b: Rillaboom|23/100|[from] Grassy Terrain
|-fieldend|move: Grassy Terrain
|upkeep
|
|t:|1756685502
|switch|p1a: Sneasler|Sneasler, L50, F|100/100
|turn|9
|
|t:|1756685519
|move|p1a: Sneasler|Fake Out|p2a: Sneasler
|-damage|p2a: Sneasler|73/100
|move|p2b: Tatsugiri|Dragon Pulse|p1a: Sneasler
|-crit|p1a: Sneasler
|-damage|p1a: Sneasler|17/100
|cant|p2a: Sneasler|flinch
|move|p1b: Rillaboom|Bullet Seed|p2b: Tatsugiri
|-damage|p2b: Tatsugiri|73/100
|-damage|p2b: Tatsugiri|45/100
|-damage|p2b: Tatsugiri|17/100
|-damage|p2b: Tatsugiri|0 fnt
|faint|p2b: Tatsugiri
|-hitcount|p2: Tatsugiri|4
|
|-weather|RainDance|[upkeep]
|upkeep
|turn|10
|
|t:|1756685539
|move|p2a: Sneasler|Dire Claw|p1a: Sneasler
|-resisted|p1a: Sneasler
|-damage|p1a: Sneasler|0 fnt
|faint|p1a: Sneasler
|move|p1b: Rillaboom|High Horsepower|p2a: Sneasler
|-supereffective|p2a: Sneasler
|-damage|p2a: Sneasler|0 fnt
|faint|p2a: Sneasler
|
|win|Mario 30000000
|l|☆Mario 30000000
|player|p1|
||Mario 30000000 is ready for game 3.
||robby w is ready for game 3.
|uhtml|next|Next: Game 3 of 3
