|j|☆zaharba
|j|☆JackoPopXLR
|html|zaharbaJackoPopXLR    
|uhtml|bestof|Game 2 of a best-of-3
|t:|1783606889
|gametype|doubles
|player|p1|zaharba|1|1115
|player|p2|JackoPopXLR|102|1000
|gen|9
|tier|[Gen 9 Champions] VGC 2026 Reg M-B (Bo3)
|rated|
|rule|Species Clause: Limit one of each Pokémon
|rule|Item Clause: Limit 1 of each item
|clearpoke
|poke|p1|Raichu, L50, F, shiny|
|poke|p1|Vivillon, L50, M|
|poke|p1|Ninetales-Alola, L50, F, shiny|
|poke|p1|Tyranitar, L50, F|
|poke|p1|Basculegion-F, L50, F|
|poke|p1|Talonflame, L50, M|
|poke|p2|Incineroar, L50, M|
|poke|p2|Torkoal, L50, F|
|poke|p2|Sinistcha, L50|
|poke|p2|Staraptor, L50, F|
|poke|p2|Clefable, L50, M|
|poke|p2|Overqwil, L50, F|
|teampreview|4
|showteam|p1|Raichu||RaichuniteY|LightningRod|FocusBlast,ZapCannon,UpperHand,FakeOut|Timid||F|||50|]Vivillon||ChoiceScarf|CompoundEyes|SleepPowder,RagePowder,Hurricane,Tailwind|Timid||M|||50|]Ninetales-Alola||NeverMeltIce|SnowWarning|Protect,FreezeDry,Blizzard,Encore|Timid||F|||50|]Tyranitar||FocusSash|SandStream|RockSlide,HighHorsepower,Protect,DragonDance|Jolly||F|||50|]Basculegion-F||SpellTag|Adaptability|Protect,Hex,HydroPump,MuddyWater|Modest||F|||50|]Talonflame||LifeOrb|GaleWings|Whirlwind,BraveBird,Overheat,Tailwind|Naive||M|||50|
|showteam|p2|Incineroar||SitrusBerry|Intimidate|FakeOut,FlareBlitz,DarkestLariat,PartingShot|Careful||M|||50|]Torkoal||FocusSash|Drought|Eruption,WeatherBall,SolarBeam,ShellSmash|Quiet||F|||50|]Sinistcha||KasibBerry|Hospitality|LifeDew,ShadowBall,StrengthSap,RagePowder|Bold|||||50|]Staraptor||Staraptite|Intimidate|CloseCombat,Roost,DualWingbeat,Swagger|Jolly||F|||50|]Clefable||Clefablite|Unaware|Substitute,PsychUp,Moonlight,Moonblast|Bold||M|||50|]Overqwil||Leftovers|Intimidate|BarbBarrage,Minimize,Protect,Stockpile|Impish||F|||50|
|inactive|Battle timer is ON: inactive players will automatically lose when time's up. (requested by zaharba)
|inactive|zaharba has 60 seconds left.
|
|t:|1783606929
|teamsize|p1|4
|teamsize|p2|4
|start
|switch|p1a: Raichu|Raichu, L50, F, shiny|100/100
|switch|p1b: Basculegion|Basculegion-F, L50, F|100/100
|switch|p2a: Staraptor|Staraptor, L50, F|100/100
|switch|p2b: Incineroar|Incineroar, L50, M|100/100
|-ability|p2a: Staraptor|Intimidate|boost
|-unboost|p1a: Raichu|atk|1
|-unboost|p1b: Basculegion|atk|1
|-ability|p2b: Incineroar|Intimidate|boost
|-unboost|p1a: Raichu|atk|1
|-unboost|p1b: Basculegion|atk|1
|turn|1
|inactive|JackoPopXLR has 30 seconds left.
|
|t:|1783606956
|switch|p2a: Torkoal|Torkoal, L50, F|100/100
|-weather|SunnyDay|[from] ability: Drought|[of] p2a: Torkoal
|move|p1a: Raichu|Fake Out|p2a: Torkoal
|-damage|p2a: Torkoal|97/100
|move|p1b: Basculegion|Hydro Pump|p2b: Incineroar
|-supereffective|p2b: Incineroar|1
|-damage|p2b: Incineroar|50/100g
|move|p2b: Incineroar|Parting Shot|p1a: Raichu
|-unboost|p1a: Raichu|atk|1
|-unboost|p1a: Raichu|spa|1
|
|t:|1783606971
|switch|p2b: Sinistcha|Sinistcha, L50|100/100|[from] Parting Shot
|-heal|p2a: Torkoal|100/100|[from] ability: Hospitality|[of] p2b: Sinistcha
|
|-weather|SunnyDay|[upkeep]
|upkeep
|turn|2
|
|t:|1783606985
|switch|p1a: Tyranitar|Tyranitar, L50, F|100/100
|-weather|Sandstorm|[from] ability: Sand Stream|[of] p1a: Tyranitar
|move|p2b: Sinistcha|Rage Powder|p2b: Sinistcha
|-singleturn|p2b: Sinistcha|move: Rage Powder
|move|p1b: Basculegion|Muddy Water|p2a: Torkoal|[spread] p2a,p2b
|-supereffective|p2a: Torkoal|1
|-resisted|p2b: Sinistcha|1
|-enditem|p2a: Torkoal|Focus Sash
|-damage|p2a: Torkoal|1/100
|-damage|p2b: Sinistcha|77/100
|-unboost|p2b: Sinistcha|accuracy|1
|move|p2a: Torkoal|Eruption|p1a: Tyranitar|[spread] p1a,p1b
|-resisted|p1a: Tyranitar|1
|-resisted|p1b: Basculegion|1
|-damage|p1a: Tyranitar|99/100
|-damage|p1b: Basculegion|99/100
|
|-weather|Sandstorm|[upkeep]
|-damage|p1b: Basculegion|93/100|[from] Sandstorm
|-damage|p2b: Sinistcha|71/100|[from] Sandstorm
|-damage|p2a: Torkoal|0 fnt|[from] Sandstorm
|faint|p2a: Torkoal
|upkeep
|
|t:|1783607005
|switch|p2a: Staraptor|Staraptor, L50, F|100/100
|-ability|p2a: Staraptor|Intimidate|boost
|-unboost|p1a: Tyranitar|atk|1
|-unboost|p1b: Basculegion|atk|1
|turn|3
|inactive|zaharba has 30 seconds left.
|
|t:|1783607031
|switch|p1a: Talonflame|Talonflame, L50, M|100/100
|detailschange|p2a: Staraptor|Staraptor-Mega, L50, F
|-mega|p2a: Staraptor|Staraptor|Staraptite
|move|p2a: Staraptor|Close Combat|p1a: Talonflame
|-resisted|p1a: Talonflame|1
|-damage|p1a: Talonflame|55/100
|-boost|p2a: Staraptor|def|1
|-boost|p2a: Staraptor|spd|1
|move|p1b: Basculegion|Hex|p2b: Sinistcha
|-supereffective|p2b: Sinistcha|1
|-enditem|p2b: Sinistcha|Kasib Berry|[eat]
|-enditem|p2b: Sinistcha|Kasib Berry|[weaken]
|-damage|p2b: Sinistcha|24/100
|move|p2b: Sinistcha|Strength Sap|p2a: Staraptor
|-boost|p2a: Staraptor|atk|1
|-heal|p2b: Sinistcha|100/100
|
|-weather|Sandstorm|[upkeep]
|-damage|p1a: Talonflame|49/100|[from] Sandstorm
|-damage|p2a: Staraptor|93/100|[from] Sandstorm
|-damage|p1b: Basculegion|87/100|[from] Sandstorm
|-damage|p2b: Sinistcha|93/100|[from] Sandstorm
|upkeep
|turn|4
|inactive|zaharba has 30 seconds left.
|
|t:|1783607065
|switch|p2b: Incineroar|Incineroar, L50, M|50/100g
|-ability|p2b: Incineroar|Intimidate|boost
|-unboost|p1a: Talonflame|atk|1
|-unboost|p1b: Basculegion|atk|1
|move|p1a: Talonflame|Brave Bird|p2a: Staraptor
|-supereffective|p2a: Staraptor|1
|-damage|p2a: Staraptor|41/100
|-damage|p1a: Talonflame|28/100|[from] Recoil
|-damage|p1a: Talonflame|18/100|[from] item: Life Orb
|move|p2a: Staraptor|Close Combat|p1a: Talonflame
|-resisted|p1a: Talonflame|1
|-damage|p1a: Talonflame|0 fnt
|-boost|p2a: Staraptor|def|1
|-boost|p2a: Staraptor|spd|1
|faint|p1a: Talonflame
|move|p1b: Basculegion|Hex|p2b: Incineroar
|-resisted|p2b: Incineroar|1
|-damage|p2b: Incineroar|31/100
|-enditem|p2b: Incineroar|Sitrus Berry|[eat]
|-heal|p2b: Incineroar|55/100|[from] item: Sitrus Berry
|
|-weather|Sandstorm|[upkeep]
|-damage|p2a: Staraptor|34/100|[from] Sandstorm
|-damage|p1b: Basculegion|81/100|[from] Sandstorm
|-damage|p2b: Incineroar|50/100y|[from] Sandstorm
|upkeep
|
|t:|1783607086
|switch|p1a: Raichu|Raichu, L50, F, shiny|100/100
|turn|5
|inactive|zaharba has 30 seconds left.
|
|t:|1783607116
|switch|p2b: Sinistcha|Sinistcha, L50|93/100
|-heal|p2a: Staraptor|59/100|[from] ability: Hospitality|[of] p2b: Sinistcha
|move|p1a: Raichu|Fake Out|p2a: Staraptor
|-damage|p2a: Staraptor|56/100
|cant|p2a: Staraptor|flinch
|move|p1b: Basculegion|Muddy Water|p2a: Staraptor|[spread] p2b
|-miss|p1b: Basculegion|p2a: Staraptor
|-resisted|p2b: Sinistcha|1
|-damage|p2b: Sinistcha|73/100
|
|-weather|Sandstorm|[upkeep]
|-damage|p1a: Raichu|94/100|[from] Sandstorm
|-damage|p2a: Staraptor|50/100y|[from] Sandstorm
|-damage|p1b: Basculegion|74/100|[from] Sandstorm
|-damage|p2b: Sinistcha|67/100|[from] Sandstorm
|upkeep
|turn|6
|
|t:|1783607140
|switch|p1a: Tyranitar|Tyranitar, L50, F|99/100
|switch|p2b: Incineroar|Incineroar, L50, M|50/100y
|-ability|p2b: Incineroar|Intimidate|boost
|-unboost|p1a: Tyranitar|atk|1
|-unboost|p1b: Basculegion|atk|1
|move|p2a: Staraptor|Roost|p2a: Staraptor
|-heal|p2a: Staraptor|100/100
|-singleturn|p2a: Staraptor|move: Roost
|move|p1b: Basculegion|Hex|p2b: Incineroar
|-resisted|p2b: Incineroar|1
|-damage|p2b: Incineroar|32/100
|
|-weather|none
|upkeep
|turn|7
|inactive|zaharba has 30 seconds left.
|inactive|JackoPopXLR has 30 seconds left.
|
|t:|1783607171
|move|p2b: Incineroar|Fake Out|p1a: Tyranitar
|-resisted|p1a: Tyranitar|1
|-damage|p1a: Tyranitar|94/100
|move|p2a: Staraptor|Dual Wingbeat|p1b: Basculegion
|-damage|p1b: Basculegion|45/100
|-damage|p1b: Basculegion|15/100
|-hitcount|p1b: Basculegion|2
|cant|p1a: Tyranitar|flinch
|move|p1b: Basculegion|Hex|p2b: Incineroar
|-resisted|p2b: Incineroar|1
|-damage|p2b: Incineroar|11/100
|
|upkeep
|turn|8
|
|t:|1783607191
|move|p1b: Basculegion|Protect|p1b: Basculegion
|-singleturn|p1b: Basculegion|Protect
|move|p2a: Staraptor|Close Combat|p1a: Tyranitar
|-supereffective|p1a: Tyranitar|2
|-damage|p1a: Tyranitar|0 fnt
|-boost|p2a: Staraptor|def|1
|-boost|p2a: Staraptor|spd|1
|faint|p1a: Tyranitar
|move|p2b: Incineroar|Darkest Lariat|p1b: Basculegion
|-activate|p1b: Basculegion|move: Protect
|
|upkeep
|
|t:|1783607201
|switch|p1a: Raichu|Raichu, L50, F, shiny|94/100
|turn|9
|
|t:|1783607212
|detailschange|p1a: Raichu|Raichu-Mega-Y, L50, F, shiny
|-mega|p1a: Raichu|Raichu|Raichunite Y
|move|p1a: Raichu|Zap Cannon|p2a: Staraptor
|-supereffective|p2a: Staraptor|1
|-damage|p2a: Staraptor|40/100
|-status|p2a: Staraptor|par
|move|p1b: Basculegion|Hex|p2a: Staraptor
|-damage|p2a: Staraptor|0 fnt
|faint|p2a: Staraptor
|move|p2b: Incineroar|Parting Shot|p1a: Raichu
|-unboost|p1a: Raichu|atk|1
|-unboost|p1a: Raichu|spa|1
|
|t:|1783607222
|switch|p2b: Sinistcha|Sinistcha, L50|67/100|[from] Parting Shot
|
|upkeep
|
|t:|1783607225
|switch|p2a: Incineroar|Incineroar, L50, M|11/100
|-ability|p2a: Incineroar|Intimidate|boost
|-unboost|p1a: Raichu|atk|1
|-unboost|p1b: Basculegion|atk|1
|turn|10
|
|t:|1783607245
|move|p1a: Raichu|Upper Hand|p2a: Incineroar
|-supereffective|p2a: Incineroar|1
|-damage|p2a: Incineroar|0 fnt
|faint|p2a: Incineroar
|move|p1b: Basculegion|Hex|p2b: Sinistcha
|-supereffective|p2b: Sinistcha|1
|-damage|p2b: Sinistcha|0 fnt
|faint|p2b: Sinistcha
|
|win|zaharba
||JackoPopXLR is ready for game 3.
||zaharba is ready for game 3.
|uhtml|next|Next: Game 3 of 3
|l|☆JackoPopXLR
|player|p2|
