|j|☆LetThatSizzleSpeak
|j|☆lindsey453
|html|LetThatSizzleSpeaklindsey453    
|uhtml|bestof|Game 1 of a best-of-3
|t:|1757817501
|gametype|doubles
|player|p1|LetThatSizzleSpeak|hiker-gen4|1205
|player|p2|lindsey453|101|1307
|gen|9
|tier|[Gen 9] VGC 2025 Reg H (Bo3)
|rated|
|rule|Species Clause: Limit one of each Pokémon
|rule|Item Clause: Limit 1 of each item
|clearpoke
|poke|p1|Lilligant-Hisui, L50, F|
|poke|p1|Sylveon, L50, F|
|poke|p1|Indeedee-F, L50, F|
|poke|p1|Torkoal, L50, M|
|poke|p1|Tatsugiri-Droopy, L50, M|
|poke|p1|Dondozo, L50, F|
|poke|p2|Annihilape, L50, F|
|poke|p2|Archaludon, L50, M|
|poke|p2|Oranguru, L50, F|
|poke|p2|Electabuzz, L50, F|
|poke|p2|Ursaluna-Bloodmoon, L50, M|
|poke|p2|Incineroar, L50, M|
|teampreview|4
|showteam|p1|Lilligant-Hisui||FocusSash|Chlorophyll|AfterYou,SolarBlade,CloseCombat,SleepPowder|||F|||50|,,,,,Ghost]Sylveon||ChoiceSpecs|Pixilate|HyperVoice,HyperBeam,TeraBlast,ShadowBall|||F|||50|,,,,,Fire]Indeedee-F||SafetyGoggles|PsychicSurge|Psychic,FollowMe,TrickRoom,Protect|||F|||50|,,,,,Normal]Torkoal||Charcoal|Drought|Eruption,WeatherBall,EarthPower,Protect|||M|||50|,,,,,Fire]Tatsugiri-Droopy||ChoiceScarf|Commander|IcyWind,MuddyWater,DracoMeteor,TeraBlast|||M|||50|,,,,,Fire]Dondozo||Leftovers|Unaware|OrderUp,Earthquake,BodyPress,Protect|||F|||50|,,,,,Grass
|showteam|p2|Annihilape||SitrusBerry|Defiant|BulkUp,RageFist,DrainPunch,Protect|||F|||50|,,,,,Grass]Archaludon||PowerHerb|Sturdy|ElectroShot,Snarl,AuraSphere,FlashCannon|||M|||50|,,,,,Electric]Oranguru||MentalHerb|InnerFocus|Instruct,TrickRoom,Imprison,FoulPlay|||F|||50|,,,,,Fairy]Electabuzz||Eviolite|VitalSpirit|FollowMe,Thunderbolt,Taunt,EerieImpulse|||F|||50|,,,,,Ghost]Ursaluna-Bloodmoon||LifeOrb|MindsEye|HyperVoice,BloodMoon,EarthPower,Protect|||M|||50|,,,,,Normal]Incineroar||AssaultVest|Intimidate|FlareBlitz,Uturn,FakeOut,KnockOff|||M|||50|,,,,,Grass
|inactive|Battle timer is ON: inactive players will automatically lose when time's up. (requested by lindsey453)
|inactive|LetThatSizzleSpeak has 60 seconds left.
|inactive|lindsey453 has 60 seconds left.
|inactive|lindsey453 has 30 seconds left.
|
|t:|1757817566
|teamsize|p1|4
|teamsize|p2|4
|start
|switch|p1a: Torkoal|Torkoal, L50, M|100/100
|switch|p1b: Lilligant|Lilligant-Hisui, L50, F|100/100
|switch|p2a: Electabuzz|Electabuzz, L50, F|100/100
|switch|p2b: Ursaluna|Ursaluna-Bloodmoon, L50, M|100/100
|-weather|SunnyDay|[from] ability: Drought|[of] p1a: Torkoal
|turn|1
|
|t:|1757817586
|move|p2b: Ursaluna|Protect|p2b: Ursaluna
|-singleturn|p2b: Ursaluna|Protect
|move|p1a: Torkoal|Protect|p1a: Torkoal
|-singleturn|p1a: Torkoal|Protect
|move|p1b: Lilligant|Solar Blade||[still]
|-prepare|p1b: Lilligant|Solar Blade
|-anim|p1b: Lilligant|Solar Blade|p2a: Electabuzz
|-damage|p2a: Electabuzz|56/100
|move|p2a: Electabuzz|Taunt|p1b: Lilligant
|-start|p1b: Lilligant|move: Taunt
|
|-weather|SunnyDay|[upkeep]
|upkeep
|turn|2
|inactive|LetThatSizzleSpeak has 30 seconds left.
|inactive|lindsey453 has 30 seconds left.
|inactive|lindsey453 has 20 seconds left.
|
|t:|1757817621
|-terastallize|p2b: Ursaluna|Normal
|move|p2a: Electabuzz|Follow Me|p2a: Electabuzz
|-singleturn|p2a: Electabuzz|move: Follow Me
|move|p1b: Lilligant|Solar Blade||[still]
|-prepare|p1b: Lilligant|Solar Blade
|-anim|p1b: Lilligant|Solar Blade|p2a: Electabuzz
|-crit|p2a: Electabuzz
|-damage|p2a: Electabuzz|0 fnt
|faint|p2a: Electabuzz
|move|p2b: Ursaluna|Hyper Voice|p1a: Torkoal|[spread] p1a,p1b
|-damage|p1a: Torkoal|0 fnt
|-damage|p1b: Lilligant|3/100
|faint|p1a: Torkoal
|-damage|p2b: Ursaluna|90/100|[from] item: Life Orb
|
|-weather|SunnyDay|[upkeep]
|upkeep
|
|t:|1757817639
|switch|p2a: Incineroar|Incineroar, L50, M|100/100
|switch|p1a: Tatsugiri|Tatsugiri-Droopy, L50, M|100/100
|-ability|p2a: Incineroar|Intimidate|boost
|-unboost|p1a: Tatsugiri|atk|1
|-unboost|p1b: Lilligant|atk|1
|turn|3
|inactive|lindsey453 has 30 seconds left.
|
|t:|1757817669
|switch|p1b: Dondozo|Dondozo, L50, F|100/100
|-activate|p1a: Tatsugiri|ability: Commander|[of] p1b: Dondozo
|-boost|p1b: Dondozo|atk|2
|-boost|p1b: Dondozo|spa|2
|-boost|p1b: Dondozo|spe|2
|-boost|p1b: Dondozo|def|2
|-boost|p1b: Dondozo|spd|2
|move|p2b: Ursaluna|Protect|p2b: Ursaluna
|-singleturn|p2b: Ursaluna|Protect
|move|p2a: Incineroar|U-turn|p1b: Dondozo
|-damage|p1b: Dondozo|93/100
|
|t:|1757817671
|switch|p2a: Oranguru|Oranguru, L50, F|100/100|[from] U-turn
|
|-weather|SunnyDay|[upkeep]
|-heal|p1b: Dondozo|99/100|[from] item: Leftovers
|upkeep
|turn|4
|
|t:|1757817691
|switch|p2b: Incineroar|Incineroar, L50, M|100/100
|-ability|p2b: Incineroar|Intimidate|boost
|-unboost|p1a: Tatsugiri|atk|1
|-unboost|p1b: Dondozo|atk|1
|move|p1b: Dondozo|Body Press|p2b: Incineroar
|-supereffective|p2b: Incineroar
|-damage|p2b: Incineroar|15/100
|move|p2a: Oranguru|Trick Room|p2a: Oranguru
|-fieldstart|move: Trick Room|[of] p2a: Oranguru
|
|-weather|SunnyDay|[upkeep]
|-heal|p1b: Dondozo|100/100|[from] item: Leftovers
|upkeep
|turn|5
|inactive|lindsey453 has 30 seconds left.
|
|t:|1757817720
|switch|p2a: Ursaluna|Ursaluna-Bloodmoon, L50, M, tera:Normal|90/100
|move|p2b: Incineroar|U-turn|p1b: Dondozo
|-damage|p1b: Dondozo|94/100
|
|t:|1757817724
|switch|p2b: Oranguru|Oranguru, L50, F|100/100|[from] U-turn
|move|p1b: Dondozo|Body Press|p2b: Oranguru
|-damage|p2b: Oranguru|62/100
|
|-weather|none
|-heal|p1b: Dondozo|99/100|[from] item: Leftovers
|upkeep
|turn|6
|
|t:|1757817733
|move|p1b: Dondozo|Protect|p1b: Dondozo
|-singleturn|p1b: Dondozo|Protect
|move|p2a: Ursaluna|Blood Moon|p1b: Dondozo
|-activate|p1b: Dondozo|move: Protect
|move|p2b: Oranguru|Instruct|p2a: Ursaluna
|-singleturn|p2a: Ursaluna|move: Instruct|[of] p2b: Oranguru
|move|p2a: Ursaluna|Blood Moon|p1b: Dondozo
|-activate|p1b: Dondozo|move: Protect
|-hint|Some effects can force a Pokemon to use Blood Moon again in a row.
|
|-heal|p1b: Dondozo|100/100|[from] item: Leftovers
|upkeep
|turn|7
|
|t:|1757817753
|move|p2a: Ursaluna|Hyper Voice|p1a: Tatsugiri|[spread] p1b
|-miss|p2a: Ursaluna|p1a: Tatsugiri
|-damage|p1b: Dondozo|76/100
|-damage|p2a: Ursaluna|80/100|[from] item: Life Orb
|move|p2b: Oranguru|Instruct|p2a: Ursaluna
|-singleturn|p2a: Ursaluna|move: Instruct|[of] p2b: Oranguru
|move|p2a: Ursaluna|Hyper Voice|p1b: Dondozo|[spread] p1b
|-miss|p2a: Ursaluna|p1a: Tatsugiri
|-damage|p1b: Dondozo|51/100
|-damage|p2a: Ursaluna|70/100|[from] item: Life Orb
|move|p1b: Dondozo|Body Press|p2a: Ursaluna
|-supereffective|p2a: Ursaluna
|-damage|p2a: Ursaluna|7/100
|
|-heal|p1b: Dondozo|57/100|[from] item: Leftovers
|upkeep
|turn|8
|
|t:|1757817775
|switch|p2a: Incineroar|Incineroar, L50, M|15/100
|-ability|p2a: Incineroar|Intimidate|boost
|-unboost|p1a: Tatsugiri|atk|1
|-unboost|p1b: Dondozo|atk|1
|move|p2b: Oranguru|Foul Play|p1b: Dondozo
|-damage|p1b: Dondozo|51/100
|move|p1b: Dondozo|Earthquake|p2b: Oranguru|[spread] p2a,p2b
|-miss|p1b: Dondozo|p1a: Tatsugiri
|-supereffective|p2a: Incineroar
|-crit|p2b: Oranguru
|-damage|p2a: Incineroar|0 fnt
|-damage|p2b: Oranguru|38/100
|faint|p2a: Incineroar
|
|-heal|p1b: Dondozo|57/100|[from] item: Leftovers
|-fieldend|move: Trick Room
|upkeep
|
|t:|1757817778
|switch|p2a: Ursaluna|Ursaluna-Bloodmoon, L50, M, tera:Normal|7/100
|turn|9
|
|t:|1757817793
|move|p2a: Ursaluna|Protect|p2a: Ursaluna
|-singleturn|p2a: Ursaluna|Protect
|move|p1b: Dondozo|Body Press|p2b: Oranguru
|-damage|p2b: Oranguru|0 fnt
|faint|p2b: Oranguru
|
|-heal|p1b: Dondozo|63/100|[from] item: Leftovers
|upkeep
|turn|10
|-message|lindsey453 forfeited.
|
|win|LetThatSizzleSpeak
||lindsey453 is ready for game 2.
||LetThatSizzleSpeak is ready for game 2.
|uhtml|next|Next: Game 2 of 3
|j| Trestkon
