|j|☆alexandromolgaard
|j|☆testdigi
|html|alexandromolgaardtestdigi    
|uhtml|bestof|Game 1 of a best-of-3
|t:|1782475461
|gametype|doubles
|player|p1|alexandromolgaard|backpacker|1097
|player|p2|testdigi|1|1052
|gen|9
|tier|[Gen 9 Champions] VGC 2026 Reg M-B (Bo3)
|rated|
|rule|Species Clause: Limit one of each Pokémon
|rule|Item Clause: Limit 1 of each item
|clearpoke
|poke|p1|Meowstic, L50, M|
|poke|p1|Musharna, L50, M|
|poke|p1|Drampa, L50, F|
|poke|p1|Klefki, L50, M|
|poke|p1|Clawitzer, L50, M|
|poke|p1|Aggron, L50, M|
|poke|p2|Hydreigon, L50, F|
|poke|p2|Garchomp, L50, F|
|poke|p2|Metagross, L50, shiny|
|poke|p2|Grimmsnarl, L50, M, shiny|
|poke|p2|Charizard, L50, F, shiny|
|poke|p2|Toxapex, L50, M, shiny|
|teampreview|4
|showteam|p1|Meowstic||MentalHerb|Prankster|FakeOut,HelpingHand,RainDance,PsychicTerrain|Calm||M|||50|]Musharna||Leftovers|Telepathy|ExpandingForce,Moonblast,EnergyBall,TrickRoom|Modest||M|||50|]Drampa||Drampanite|CloudNine|HyperVoice,Thunder,Surf,Protect|Quiet||F|||50|]Klefki||OccaBerry|Prankster|FoulPlay,MagnetRise,MistyTerrain,TrickRoom|Relaxed||M|||50|]Clawitzer||MysticWater|MegaLauncher|WaterPulse,TerrainPulse,AuraSphere,HealPulse|Quiet||M|||50|]Aggron||Aggronite|Sturdy|IronHead,Earthquake,BodyPress,Protect|Brave||M|||50|
|showteam|p2|Hydreigon||ChoiceScarf|Levitate|HeatWave,DarkPulse,DracoMeteor,Snarl|Modest||F|||50|]Garchomp||SitrusBerry|RoughSkin|Protect,RockSlide,DragonClaw,Earthquake|Adamant||F|||50|]Metagross||Metagrossite|ClearBody|Protect,HammerArm,BulletPunch,IronHead|Serious|||||50|]Grimmsnarl||RoseliBerry|Prankster|FakeOut,LightScreen,Reflect,PartingShot|Sassy||M|||50|]Charizard||CharizarditeY|Blaze|Protect,HeatWave,SolarBeam,WeatherBall|Timid||F|||50|]Toxapex||Leftovers|Regenerator|Infestation,Toxic,BanefulBunker,WideGuard|Bold||M|||50|
|
|t:|1782475511
|teamsize|p1|4
|teamsize|p2|4
|start
|switch|p1a: Meowstic|Meowstic, L50, M|100/100
|switch|p1b: Clawitzer|Clawitzer, L50, M|100/100
|switch|p2a: Metagross|Metagross, L50, shiny|100/100
|switch|p2b: Grimmsnarl|Grimmsnarl, L50, M, shiny|100/100
|turn|1
|
|t:|1782475537
|detailschange|p2a: Metagross|Metagross-Mega, L50, shiny
|-mega|p2a: Metagross|Metagross|Metagrossite
|move|p1a: Meowstic|Fake Out|p2b: Grimmsnarl
|-damage|p2b: Grimmsnarl|95/100
|cant|p2b: Grimmsnarl|flinch
|move|p2a: Metagross|Iron Head|p1a: Meowstic
|-damage|p1a: Meowstic|42/100
|move|p1b: Clawitzer|Water Pulse|p2a: Metagross
|-damage|p2a: Metagross|47/100
|
|upkeep
|turn|2
|
|t:|1782475558
|switch|p2a: Hydreigon|Hydreigon, L50, F|100/100
|move|p1a: Meowstic|Psychic Terrain|p1a: Meowstic
|-fieldstart|move: Psychic Terrain
|move|p2b: Grimmsnarl|Light Screen|p2b: Grimmsnarl
|-sidestart|p2: testdigi|move: Light Screen
|move|p1b: Clawitzer|Water Pulse|p2a: Hydreigon
|-resisted|p2a: Hydreigon|1
|-damage|p2a: Hydreigon|77/100
|-start|p2a: Hydreigon|confusion
|
|upkeep
|turn|3
|
|t:|1782475579
|switch|p2b: Toxapex|Toxapex, L50, M, shiny|100/100
|move|p1a: Meowstic|Helping Hand|p1b: Clawitzer
|-singleturn|p1b: Clawitzer|Helping Hand|[of] p1a: Meowstic
|-activate|p2a: Hydreigon|confusion
|move|p2a: Hydreigon|Snarl|p1a: Meowstic|[spread] p1a
|-miss|p2a: Hydreigon|p1b: Clawitzer
|-supereffective|p1a: Meowstic|1
|-damage|p1a: Meowstic|0 fnt
|faint|p1a: Meowstic
|move|p1b: Clawitzer|Aura Sphere|p2a: Hydreigon
|-supereffective|p2a: Hydreigon|1
|-damage|p2a: Hydreigon|0 fnt
|faint|p2a: Hydreigon
|
|upkeep
|
|t:|1782475596
|switch|p2a: Metagross|Metagross-Mega, L50, shiny|47/100
|switch|p1a: Musharna|Musharna, L50, M|100/100
|turn|4
|
|t:|1782475617
|switch|p2b: Grimmsnarl|Grimmsnarl, L50, M, shiny|95/100
|move|p2a: Metagross|Hammer Arm|p1b: Clawitzer
|-damage|p1b: Clawitzer|39/100
|-unboost|p2a: Metagross|spe|1
|move|p1b: Clawitzer|Water Pulse|p2a: Metagross
|-damage|p2a: Metagross|12/100
|move|p1a: Musharna|Trick Room|p1a: Musharna
|-fieldstart|move: Trick Room|[of] p1a: Musharna
|
|upkeep
|turn|5
|
|t:|1782475637
|move|p2b: Grimmsnarl|Reflect|p2b: Grimmsnarl
|-sidestart|p2: testdigi|Reflect
|move|p1a: Musharna|Moonblast|p2b: Grimmsnarl
|-supereffective|p2b: Grimmsnarl|1
|-enditem|p2b: Grimmsnarl|Roseli Berry|[eat]
|-enditem|p2b: Grimmsnarl|Roseli Berry|[weaken]
|-damage|p2b: Grimmsnarl|74/100
|move|p1b: Clawitzer|Water Pulse|p2a: Metagross
|-damage|p2a: Metagross|0 fnt
|faint|p2a: Metagross
|
|upkeep
|
|t:|1782475641
|switch|p2a: Toxapex|Toxapex, L50, M, shiny|100/100
|turn|6
|
|t:|1782475675
|move|p2a: Toxapex|Baneful Bunker|p2a: Toxapex
|-singleturn|p2a: Toxapex|move: Protect
|move|p2b: Grimmsnarl|Light Screen||[still]
|-fail|p2b: Grimmsnarl
|move|p1a: Musharna|Moonblast|p2b: Grimmsnarl
|-supereffective|p2b: Grimmsnarl|1
|-damage|p2b: Grimmsnarl|34/100
|move|p1b: Clawitzer|Terrain Pulse|p2a: Toxapex
|-activate|p2a: Toxapex|move: Protect
|
|-sideend|p2: testdigi|move: Light Screen
|-fieldend|move: Psychic Terrain
|upkeep
|turn|7
|
|t:|1782475714
|move|p2b: Grimmsnarl|Light Screen|p2b: Grimmsnarl
|-sidestart|p2: testdigi|move: Light Screen
|move|p1a: Musharna|Expanding Force|p2a: Toxapex
|-supereffective|p2a: Toxapex|1
|-damage|p2a: Toxapex|61/100
|move|p2a: Toxapex|Infestation|p1a: Musharna
|-supereffective|p1a: Musharna|1
|-damage|p1a: Musharna|94/100
|-activate|p1a: Musharna|move: Infestation|[of] p2a: Toxapex
|move|p1b: Clawitzer|Water Pulse|p2b: Grimmsnarl
|-damage|p2b: Grimmsnarl|0 fnt
|faint|p2b: Grimmsnarl
|
|-heal|p1a: Musharna|100/100|[from] item: Leftovers
|-heal|p2a: Toxapex|66/100|[from] item: Leftovers
|-damage|p1a: Musharna|87/100|[from] move: Infestation|[partiallytrapped]
|upkeep
|turn|8
|-message|testdigi forfeited.
|
|win|alexandromolgaard
