|j|☆taka89
|j|☆spellbreakvgc
|html|taka89spellbreakvgc    
|uhtml|bestof|Game 2 of a best-of-3
|t:|1756815562
|gametype|doubles
|player|p1|taka89|clerk-boss|1133
|player|p2|spellbreakvgc|lance|1212
|gen|9
|tier|[Gen 9] VGC 2025 Reg H (Bo3)
|rated|
|rule|Species Clause: Limit one of each Pokémon
|rule|Item Clause: Limit 1 of each item
|clearpoke
|poke|p1|Flamigo, L50, M|
|poke|p1|Porygon2, L50|
|poke|p1|Ursaluna, L50, M|
|poke|p1|Archaludon, L50, M|
|poke|p1|Tyranitar, L50, F|
|poke|p1|Incineroar, L50, M|
|poke|p2|Garchomp, L50, F|
|poke|p2|Weezing-Galar, L50, M|
|poke|p2|Archaludon, L50, M|
|poke|p2|Gholdengo, L50|
|poke|p2|Talonflame, L50, F|
|poke|p2|Annihilape, L50, F|
|teampreview|4
|showteam|p1|Flamigo||ChoiceScarf|Scrappy|BraveBird,DualWingbeat,CloseCombat,Uturn|||M|||50|,,,,,Grass]Porygon2||Eviolite|Download|Thunderbolt,TeraBlast,TrickRoom,Protect||||||50|,,,,,Flying]Ursaluna||FlameOrb|Guts|Facade,Earthquake,HeadlongRush,Protect|||M|||50|,,,,,Ghost]Archaludon||AssaultVest|Stamina|ElectroShot,DarkPulse,BodyPress,DracoMeteor|||M|||50|,,,,,Grass]Tyranitar||FocusSash|SandStream|RockSlide,LowKick,KnockOff,Protect|||F|||50|,,,,,Flying]Incineroar||PasshoBerry|Intimidate|KnockOff,FlareBlitz,FakeOut,PartingShot|||M|||50|,,,,,Ghost
|showteam|p2|Garchomp||LifeOrb|RoughSkin|DragonClaw,Earthquake,StompingTantrum,Protect|||F|||50|,,,,,Ground]Weezing-Galar||FocusSash|NeutralizingGas|Protect,SludgeBomb,Taunt,StrangeSteam|||M|||50|,,,,,Flying]Archaludon||PowerHerb|Sturdy|ElectroShot,Thunderbolt,DracoMeteor,Protect|||M|||50|,,,,,Electric]Gholdengo||ChoiceSpecs|GoodasGold|ShadowBall,DazzlingGleam,PowerGem,MakeItRain||||||50|,,,,,Fairy]Talonflame||CovertCloak|GaleWings|Tailwind,DualWingbeat,WillOWisp,FlareBlitz|||F|||50|,,,,,Stellar]Annihilape||AssaultVest|Defiant|CloseCombat,RageFist,FinalGambit,IcePunch|||F|||50|,,,,,Grass
|inactive|Battle timer is ON: inactive players will automatically lose when time's up. (requested by taka89)
|inactive|spellbreakvgc has 60 seconds left.
|inactive|spellbreakvgc has 30 seconds left.
|
|t:|1756815630
|teamsize|p1|4
|teamsize|p2|4
|start
|switch|p1a: Winglade|Flamigo, L50, M|100/100
|switch|p1b: Balthizard|Ursaluna, L50, M, shiny|100/100
|switch|p2a: Weezing|Weezing-Galar, L50, M|100/100
|switch|p2b: Annihilape|Annihilape, L50, F|100/100
|-ability|p2a: Weezing|Neutralizing Gas
|turn|1
|inactive|taka89 has 30 seconds left.
|inactive|spellbreakvgc has 30 seconds left.
|inactive|spellbreakvgc has 20 seconds left.
|inactive|spellbreakvgc has 15 seconds left.
|
|t:|1756815673
|switch|p2b: Archaludon|Archaludon, L50, M|100/100
|move|p1a: Winglade|Brave Bird|p2b: Archaludon
|-resisted|p2b: Archaludon
|-damage|p2b: Archaludon|74/100
|-damage|p1a: Winglade|91/100|[from] Recoil
|move|p2a: Weezing|Strange Steam|p1a: Winglade
|-supereffective|p1a: Winglade
|-damage|p1a: Winglade|0 fnt
|faint|p1a: Winglade
|move|p1b: Balthizard|Earthquake|p2a: Weezing|[spread] p2a,p2b
|-supereffective|p2a: Weezing
|-supereffective|p2b: Archaludon
|-damage|p2a: Weezing|7/100
|-damage|p2b: Archaludon|0 fnt
|faint|p2b: Archaludon
|
|-status|p1b: Balthizard|brn|[from] item: Flame Orb
|upkeep
|inactive|spellbreakvgc has 30 seconds left.
|
|t:|1756815702
|switch|p1a: swatchling|Porygon2, L50|100/100
|switch|p2b: Gholdengo|Gholdengo, L50|100/100
|turn|2
|inactive|taka89 has 30 seconds left.
|
|t:|1756815736
|-terastallize|p2a: Weezing|Flying
|move|p1a: swatchling|Protect|p1a: swatchling
|-singleturn|p1a: swatchling|Protect
|move|p2b: Gholdengo|Make It Rain|p1b: Balthizard|[spread] p1b
|-activate|p1a: swatchling|move: Protect
|-damage|p1b: Balthizard|38/100 brn
|-unboost|p2b: Gholdengo|spa|1
|move|p2a: Weezing|Taunt|p1a: swatchling
|-activate|p1a: swatchling|move: Protect
|move|p1b: Balthizard|Earthquake|p2a: Weezing|[spread] p2b
|-activate|p1a: swatchling|move: Protect
|-immune|p2a: Weezing
|-supereffective|p2b: Gholdengo
|-damage|p2b: Gholdengo|53/100
|
|-damage|p1b: Balthizard|32/100 brn|[from] brn
|upkeep
|turn|3
|inactive|taka89 has 30 seconds left.
|inactive|taka89 has 20 seconds left.
|inactive|taka89 has 15 seconds left.
|inactive|taka89 has 10 seconds left.
|
|t:|1756815783
|move|p1b: Balthizard|Protect|p1b: Balthizard
|-singleturn|p1b: Balthizard|Protect
|move|p2b: Gholdengo|Make It Rain|p1b: Balthizard|[spread] p1a
|-activate|p1b: Balthizard|move: Protect
|-damage|p1a: swatchling|72/100
|-unboost|p2b: Gholdengo|spa|1
|move|p2a: Weezing|Taunt|p1a: swatchling
|-start|p1a: swatchling|move: Taunt
|move|p1a: swatchling|Tera Blast|p2a: Weezing
|-damage|p2a: Weezing|0 fnt
|faint|p2a: Weezing
|-end|p2a: Weezing|ability: Neutralizing Gas
|-ability|p1a: swatchling|Download|boost
|-boost|p1a: swatchling|spa|1
|
|-damage|p1b: Balthizard|25/100 brn|[from] brn
|upkeep
|
|t:|1756815795
|switch|p2a: Annihilape|Annihilape, L50, F|100/100
|turn|4
|inactive|taka89 has 30 seconds left.
|inactive|taka89 has 20 seconds left.
|
|t:|1756815831
|move|p1b: Balthizard|Protect||[still]
|-fail|p1b: Balthizard
|move|p2a: Annihilape|Ice Punch|p1b: Balthizard
|-supereffective|p1b: Balthizard
|-damage|p1b: Balthizard|0 fnt
|faint|p1b: Balthizard
|move|p2b: Gholdengo|Make It Rain|p1a: swatchling
|-damage|p1a: swatchling|47/100
|-unboost|p2b: Gholdengo|spa|1
|move|p1a: swatchling|Thunderbolt|p2a: Annihilape
|-damage|p2a: Annihilape|76/100
|
|upkeep
|
|t:|1756815845
|switch|p1b: zapper|Tyranitar, L50, F, shiny|100/100
|-weather|Sandstorm|[from] ability: Sand Stream|[of] p1b: zapper
|turn|5
|inactive|spellbreakvgc has 30 seconds left.
|
|t:|1756815872
|-terastallize|p1a: swatchling|Flying
|move|p1b: zapper|Protect|p1b: zapper
|-singleturn|p1b: zapper|Protect
|move|p2a: Annihilape|Ice Punch|p1b: zapper
|-activate|p1b: zapper|move: Protect
|move|p2b: Gholdengo|Make It Rain|p1b: zapper|[spread] p1a
|-activate|p1b: zapper|move: Protect
|-damage|p1a: swatchling|30/100
|-unboost|p2b: Gholdengo|spa|1
|move|p1a: swatchling|Tera Blast|p2a: Annihilape|[anim] Tera Blast Flying
|-supereffective|p2a: Annihilape
|-damage|p2a: Annihilape|18/100
|
|-weather|Sandstorm|[upkeep]
|-damage|p2a: Annihilape|12/100|[from] Sandstorm
|-damage|p1a: swatchling|24/100|[from] Sandstorm
|-end|p1a: swatchling|move: Taunt
|upkeep
|turn|6
|inactive|taka89 has 30 seconds left.
|inactive|taka89 has 20 seconds left.
|inactive|taka89 has 15 seconds left.
|inactive|taka89 has 10 seconds left.
|
|t:|1756815921
|move|p1b: zapper|Protect||[still]
|-fail|p1b: zapper
|move|p2a: Annihilape|Close Combat|p1b: zapper
|-supereffective|p1b: zapper
|-enditem|p1b: zapper|Focus Sash
|-damage|p1b: zapper|1/100
|-unboost|p2a: Annihilape|def|1
|-unboost|p2a: Annihilape|spd|1
|move|p2b: Gholdengo|Make It Rain|p1b: zapper|[spread] p1a,p1b
|-supereffective|p1b: zapper
|-damage|p1a: swatchling|11/100
|-damage|p1b: zapper|0 fnt
|-unboost|p2b: Gholdengo|spa|1
|faint|p1b: zapper
|move|p1a: swatchling|Trick Room|p1a: swatchling
|-fieldstart|move: Trick Room|[of] p1a: swatchling
|
|-weather|Sandstorm|[upkeep]
|-damage|p1a: swatchling|5/100|[from] Sandstorm
|-damage|p2a: Annihilape|6/100|[from] Sandstorm
|upkeep
|turn|7
|inactive|taka89 has 30 seconds left.
|-message|taka89 forfeited.
|
|win|spellbreakvgc
|raw|taka89's rating: 1133 → 1114(-19 for losing)
|raw|spellbreakvgc's rating: 1212 → 1231(+19 for winning)
|l|☆spellbreakvgc
|player|p2|
