|j|☆Prepucio Santos
|j|☆AnnoyingFish
|html|Prepucio SantosAnnoyingFish    
|uhtml|bestof|Game 1 of a best-of-3
|t:|1784311718
|gametype|doubles
|player|p1|Prepucio Santos|striker|1244
|player|p2|AnnoyingFish|preschooler|1210
|gen|9
|tier|[Gen 9 Champions] VGC 2026 Reg M-B (Bo3)
|rated|
|rule|Species Clause: Limit one of each Pokémon
|rule|Item Clause: Limit 1 of each item
|clearpoke
|poke|p1|Incineroar, L50, M|
|poke|p1|Sinistcha-Masterpiece, L50, shiny|
|poke|p1|Floette-Eternal, L50, F|
|poke|p1|Kingambit, L50, M|
|poke|p1|Sneasler, L50, M|
|poke|p1|Delphox, L50, F, shiny|
|poke|p2|Garchomp, L50, M|
|poke|p2|Venusaur, L50, M|
|poke|p2|Incineroar, L50, M|
|poke|p2|Charizard, L50, F|
|poke|p2|Toxapex, L50, F|
|poke|p2|Annihilape, L50, M|
|teampreview|4
|showteam|p1|Incineroar||SitrusBerry|Intimidate|FakeOut,PartingShot,ThroatChop,FlareBlitz|Careful||M|||50|]Sinistcha-Masterpiece||KasibBerry|Hospitality|MatchaGotcha,LifeDew,RagePowder,TrickRoom|Bold|||||50|]Floette-Eternal||Floettite|FlowerVeil|Moonblast,DazzlingGleam,CalmMind,Protect|Modest||F|||50|]Kingambit||BlackGlasses|Defiant|KowtowCleave,SuckerPunch,SwordsDance,Protect|Adamant||M|||50|]Sneasler||FocusSash|PoisonTouch|FakeOut,CloseCombat,DireClaw,QuickGuard|Jolly||M|||50|]Delphox||Delphoxite|Blaze|HeatWave,Psyshock,NastyPlot,Protect|Timid||F|||50|
|showteam|p2|Garchomp||ChoiceScarf|RoughSkin|Earthquake,RockSlide,DragonClaw,StompingTantrum|Adamant||M|||50|]Venusaur||LifeOrb|Chlorophyll|SludgeBomb,SolarBeam,EarthPower,Protect|Modest||M|||50|]Incineroar||SitrusBerry|Intimidate|FakeOut,FlareBlitz,ThroatChop,PartingShot|Impish||M|||50|]Charizard||CharizarditeY|Blaze|HeatWave,WeatherBall,Protect,HelpingHand|Modest||F|||50|]Toxapex||Leftovers|Regenerator|Infestation,Toxic,WideGuard,BanefulBunker|Impish||F|||50|]Annihilape||FocusSash|Defiant|CloseCombat,PhantomForce,RockTomb,Protect|Jolly||M|||50|
|inactive|Battle timer is ON: inactive players will automatically lose when time's up. (requested by Prepucio Santos)
|
|t:|1784311782
|teamsize|p1|4
|teamsize|p2|4
|start
|switch|p1a: Sneasler|Sneasler, L50, M|100/100
|switch|p1b: Delphox|Delphox, L50, F, shiny|100/100
|switch|p2a: Charizard|Charizard, L50, F|100/100
|switch|p2b: Annihilape|Annihilape, L50, M|100/100
|turn|1
|inactive|Prepucio Santos has 30 seconds left.
|inactive|AnnoyingFish has 30 seconds left.
|
|t:|1784311816
|switch|p2a: Incineroar|Incineroar, L50, M|100/100
|-ability|p2a: Incineroar|Intimidate|boost
|-unboost|p1a: Sneasler|atk|1
|-unboost|p1b: Delphox|atk|1
|detailschange|p1b: Delphox|Delphox-Mega, L50, F, shiny
|-mega|p1b: Delphox|Delphox|Delphoxite
|move|p2b: Annihilape|Protect|p2b: Annihilape
|-singleturn|p2b: Annihilape|Protect
|move|p1b: Delphox|Psyshock|p2b: Annihilape
|-activate|p2b: Annihilape|move: Protect
|move|p1a: Sneasler|Dire Claw|p2b: Annihilape
|-activate|p2b: Annihilape|move: Protect
|
|upkeep
|turn|2
|inactive|AnnoyingFish has 30 seconds left.
|inactive|AnnoyingFish has 20 seconds left.
|inactive|AnnoyingFish has 15 seconds left.
|inactive|AnnoyingFish has 10 seconds left.
|
|t:|1784311863
|move|p2a: Incineroar|Fake Out|p1a: Sneasler
|-damage|p1a: Sneasler|82/100
|move|p1b: Delphox|Heat Wave|p2b: Annihilape|[spread] p2a,p2b
|-resisted|p2a: Incineroar|1
|-damage|p2a: Incineroar|80/100
|-damage|p2b: Annihilape|60/100
|cant|p1a: Sneasler|flinch
|move|p2b: Annihilape|Phantom Force||[still]
|-prepare|p2b: Annihilape|Phantom Force
|
|upkeep
|turn|3
|inactive|AnnoyingFish has 30 seconds left.
|inactive|AnnoyingFish has 20 seconds left.
|
|t:|1784311901
|switch|p1b: Kingambit|Kingambit, L50, M|100/100
|switch|p2a: Toxapex|Toxapex, L50, F|100/100
|move|p1a: Sneasler|Close Combat|p2a: Toxapex
|-resisted|p2a: Toxapex|1
|-damage|p2a: Toxapex|85/100
|-unboost|p1a: Sneasler|def|1
|-unboost|p1a: Sneasler|spd|1
|move|p2b: Annihilape|Phantom Force|p1a: Sneasler|[from] lockedmove
|-damage|p1a: Sneasler|0 fnt
|faint|p1a: Sneasler
|
|-heal|p2a: Toxapex|91/100|[from] item: Leftovers
|upkeep
|
|t:|1784311910
|switch|p1a: Delphox|Delphox-Mega, L50, F, shiny|100/100
|turn|4
|inactive|AnnoyingFish has 30 seconds left.
|inactive|AnnoyingFish has 20 seconds left.
|
|t:|1784311950
|switch|p2b: Incineroar|Incineroar, L50, M|80/100
|-ability|p2b: Incineroar|Intimidate|boost
|-unboost|p1a: Delphox|atk|1
|-unboost|p1b: Kingambit|atk|1
|-ability|p1b: Kingambit|Defiant|boost
|-boost|p1b: Kingambit|atk|2
|move|p1a: Delphox|Nasty Plot|p1a: Delphox
|-boost|p1a: Delphox|spa|2
|move|p1b: Kingambit|Swords Dance|p1b: Kingambit
|-boost|p1b: Kingambit|atk|2
|move|p2a: Toxapex|Infestation|p1a: Delphox
|-damage|p1a: Delphox|97/100
|-activate|p1a: Delphox|move: Infestation|[of] p2a: Toxapex
|
|-heal|p2a: Toxapex|97/100|[from] item: Leftovers
|-damage|p1a: Delphox|85/100|[from] move: Infestation|[partiallytrapped]
|upkeep
|turn|5
|inactive|AnnoyingFish has 30 seconds left.
|inactive|AnnoyingFish has 20 seconds left.
|inactive|AnnoyingFish has 15 seconds left.
|
|t:|1784311993
|move|p2b: Incineroar|Fake Out|p1b: Kingambit
|-resisted|p1b: Kingambit|1
|-damage|p1b: Kingambit|96/100
|move|p1a: Delphox|Psyshock|p2a: Toxapex
|-supereffective|p2a: Toxapex|1
|-damage|p2a: Toxapex|0 fnt
|faint|p2a: Toxapex
|cant|p1b: Kingambit|flinch
|
|-end|p1a: Delphox|Infestation|[partiallytrapped]|[silent]
|upkeep
|
|t:|1784312008
|switch|p2a: Charizard|Charizard, L50, F|100/100
|turn|6
|inactive|AnnoyingFish has 30 seconds left.
|inactive|AnnoyingFish has 20 seconds left.
|
|t:|1784312048
|move|p2a: Charizard|Helping Hand|p2b: Incineroar
|-singleturn|p2b: Incineroar|Helping Hand|[of] p2a: Charizard
|move|p1b: Kingambit|Sucker Punch||[still]
|-fail|p1b: Kingambit
|move|p1a: Delphox|Heat Wave|p2a: Charizard|[spread] p2a,p2b
|-resisted|p2a: Charizard|1
|-resisted|p2b: Incineroar|1
|-damage|p2a: Charizard|53/100
|-damage|p2b: Incineroar|45/100
|-enditem|p2b: Incineroar|Sitrus Berry|[eat]
|-heal|p2b: Incineroar|70/100|[from] item: Sitrus Berry
|move|p2b: Incineroar|Flare Blitz|p1b: Kingambit
|-supereffective|p1b: Kingambit|1
|-damage|p1b: Kingambit|0 fnt
|faint|p1b: Kingambit
|-damage|p2b: Incineroar|37/100|[from] Recoil
|
|upkeep
|
|t:|1784312055
|switch|p1b: Incineroar|Incineroar, L50, M|100/100
|-ability|p1b: Incineroar|Intimidate|boost
|-unboost|p2a: Charizard|atk|1
|-unboost|p2b: Incineroar|atk|1
|turn|7
|inactive|AnnoyingFish has 30 seconds left.
|inactive|AnnoyingFish has 20 seconds left.
|
|t:|1784312091
|switch|p2b: Annihilape|Annihilape, L50, M|60/100
|move|p2a: Charizard|Protect|p2a: Charizard
|-singleturn|p2a: Charizard|Protect
|move|p1b: Incineroar|Fake Out|p2b: Annihilape
|-immune|p2b: Annihilape
|move|p1a: Delphox|Heat Wave|p2b: Annihilape|[spread] p2b
|-activate|p2a: Charizard|move: Protect
|-damage|p2b: Annihilape|0 fnt
|faint|p2b: Annihilape
|
|upkeep
|
|t:|1784312101
|switch|p2b: Incineroar|Incineroar, L50, M|37/100
|-ability|p2b: Incineroar|Intimidate|boost
|-unboost|p1a: Delphox|atk|1
|-unboost|p1b: Incineroar|atk|1
|turn|8
|inactive|AnnoyingFish has 30 seconds left.
|
|t:|1784312128
|move|p2a: Charizard|Helping Hand|p2b: Incineroar
|-singleturn|p2b: Incineroar|Helping Hand|[of] p2a: Charizard
|move|p1a: Delphox|Protect|p1a: Delphox
|-singleturn|p1a: Delphox|Protect
|move|p1b: Incineroar|Throat Chop|p2b: Incineroar
|-resisted|p2b: Incineroar|1
|-damage|p2b: Incineroar|28/100
|-start|p2b: Incineroar|Throat Chop|[silent]
|move|p2b: Incineroar|Throat Chop|p1a: Delphox
|-activate|p1a: Delphox|move: Protect
|
|upkeep
|turn|9
|
|t:|1784312151
|move|p2a: Charizard|Helping Hand|p2b: Incineroar
|-singleturn|p2b: Incineroar|Helping Hand|[of] p2a: Charizard
|move|p1a: Delphox|Heat Wave|p2b: Incineroar|[spread] p2a,p2b
|-resisted|p2a: Charizard|1
|-resisted|p2b: Incineroar|1
|-damage|p2a: Charizard|6/100
|-damage|p2b: Incineroar|0 fnt
|faint|p2b: Incineroar
|move|p1b: Incineroar|Flare Blitz|p2a: Charizard
|-resisted|p2a: Charizard|1
|-damage|p2a: Charizard|0 fnt
|faint|p2a: Charizard
|-damage|p1b: Incineroar|98/100|[from] Recoil
|
|win|Prepucio Santos
||AnnoyingFish is ready for game 2.
||Prepucio Santos is ready for game 2.
|uhtml|next|Next: Game 2 of 3
