|j|☆Bellsproutfanwill
|j|☆Realfrytki
|html|BellsproutfanwillRealfrytki    
|uhtml|bestof|Game 2 of a best-of-3
|t:|1756122590
|gametype|doubles
|player|p1|Bellsproutfanwill|101|1273
|player|p2|Realfrytki|veteranf|1389
|gen|9
|tier|[Gen 9] VGC 2025 Reg H (Bo3)
|rated|
|rule|Species Clause: Limit one of each Pokémon
|rule|Item Clause: Limit 1 of each item
|clearpoke
|poke|p1|Torkoal, L50, F|
|poke|p1|Oranguru, L50, F|
|poke|p1|Hariyama, L50, F|
|poke|p1|Sinistcha, L50|
|poke|p1|Annihilape, L50, M|
|poke|p1|Ursaluna-Bloodmoon, L50, M|
|poke|p2|Volcarona, L50, F|
|poke|p2|Rillaboom, L50, F|
|poke|p2|Dragonite, L50, F|
|poke|p2|Kingambit, L50, M|
|poke|p2|Sneasler, L50, M|
|poke|p2|Electabuzz, L50, M|
|teampreview|4
|showteam|p1|Torkoal||Charcoal|Drought|Eruption,HeatWave,BodyPress,Protect|||F|||50|,,,,,Fire]Oranguru||MentalHerb|InnerFocus|Instruct,TrickRoom,Encore,Taunt|||F|||50|,,,,,Fairy]Hariyama||FlameOrb|Guts|DrainPunch,ThunderPunch,BulkUp,FakeOut|||F|||50|,,,,,Electric]Sinistcha||FocusSash|Hospitality|MatchaGotcha,ShadowBall,RagePowder,TrickRoom||||||50|,,,,,Normal]Annihilape||ChoiceScarf|Defiant|RageFist,Uturn,FinalGambit,Taunt|||M|||50|,,,,,Grass]Ursaluna-Bloodmoon||ThroatSpray|MindsEye|HyperVoice,EarthPower,BloodMoon,Protect|||M|||50|,,,,,Ghost
|showteam|p2|Volcarona||Leftovers|FlameBody|HeatWave,TeraBlast,QuiverDance,Protect|||F|||50|,,,,,Fairy]Rillaboom||MiracleSeed|GrassySurge|WoodHammer,GrassyGlide,FakeOut,HighHorsepower|||F|||50|,,,,,Fire]Dragonite||LoadedDice|Multiscale|ScaleShot,ExtremeSpeed,Haze,Protect|||F|||50|,,,,,Steel]Kingambit||AssaultVest|Defiant|KowtowCleave,SuckerPunch,IronHead,TeraBlast|||M|||50|,,,,,Flying]Sneasler||FocusSash|Unburden|CloseCombat,DireClaw,Coaching,FakeOut|||M|||50|,,,,,Stellar]Electabuzz||Eviolite|VitalSpirit|Thunderbolt,FollowMe,Taunt,Protect|||M|||50|,,,,,Ghost
|inactive|Battle timer is ON: inactive players will automatically lose when time's up. (requested by Bellsproutfanwill)
|
|t:|1756122632
|teamsize|p1|4
|teamsize|p2|4
|start
|switch|p1a: Oranguru|Oranguru, L50, F|100/100
|switch|p1b: Hariyama|Hariyama, L50, F|100/100
|switch|p2a: Rillaboom|Rillaboom, L50, F|100/100
|switch|p2b: Volcarona|Volcarona, L50, F|100/100
|-fieldstart|move: Grassy Terrain|[from] ability: Grassy Surge|[of] p2a: Rillaboom
|turn|1
|inactive|Bellsproutfanwill has 30 seconds left.
|inactive|Bellsproutfanwill has 20 seconds left.
|inactive|Bellsproutfanwill has 15 seconds left.
|
|t:|1756122674
|move|p2a: Rillaboom|Fake Out|p1b: Hariyama
|-crit|p1b: Hariyama
|-damage|p1b: Hariyama|74/100
|cant|p1b: Hariyama|flinch
|move|p2b: Volcarona|Quiver Dance|p2b: Volcarona
|-boost|p2b: Volcarona|spa|1
|-boost|p2b: Volcarona|spd|1
|-boost|p2b: Volcarona|spe|1
|move|p1a: Oranguru|Trick Room|p1a: Oranguru
|-fieldstart|move: Trick Room|[of] p1a: Oranguru
|
|-heal|p1b: Hariyama|81/100|[from] Grassy Terrain
|-status|p1b: Hariyama|brn|[from] item: Flame Orb
|upkeep
|turn|2
|
|t:|1756122698
|move|p2b: Volcarona|Protect|p2b: Volcarona
|-singleturn|p2b: Volcarona|Protect
|move|p1b: Hariyama|Bulk Up|p1b: Hariyama
|-boost|p1b: Hariyama|atk|1
|-boost|p1b: Hariyama|def|1
|move|p1a: Oranguru|Encore|p2b: Volcarona
|-activate|p2b: Volcarona|move: Protect
|move|p2a: Rillaboom|Wood Hammer|p1b: Hariyama
|-crit|p1b: Hariyama
|-damage|p1b: Hariyama|0 fnt
|faint|p1b: Hariyama
|-damage|p2a: Rillaboom|71/100|[from] Recoil
|
|-heal|p2a: Rillaboom|77/100|[from] Grassy Terrain
|upkeep
|
|t:|1756122714
|switch|p1b: Torkoal|Torkoal, L50, F|100/100
|-weather|SunnyDay|[from] ability: Drought|[of] p1b: Torkoal
|turn|3
|
|t:|1756122732
|-terastallize|p1b: Torkoal|Fire
|-terastallize|p2a: Rillaboom|Fire
|move|p1b: Torkoal|Eruption|p2b: Volcarona|[spread] p2a,p2b
|-resisted|p2a: Rillaboom
|-damage|p2a: Rillaboom|18/100
|-damage|p2b: Volcarona|25/100
|move|p1a: Oranguru|Instruct|p1b: Torkoal
|-singleturn|p1b: Torkoal|move: Instruct|[of] p1a: Oranguru
|move|p1b: Torkoal|Eruption|p2a: Rillaboom|[spread] p2a,p2b
|-resisted|p2a: Rillaboom
|-damage|p2a: Rillaboom|0 fnt
|-damage|p2b: Volcarona|0 fnt
|faint|p2a: Rillaboom
|faint|p2b: Volcarona
|
|-weather|SunnyDay|[upkeep]
|upkeep
|
|t:|1756122746
|switch|p2a: Kingambit|Kingambit, L50, M|100/100
|switch|p2b: Dragonite|Dragonite, L50, F|100/100
|turn|4
|
|t:|1756122757
|move|p2b: Dragonite|Extreme Speed|p1b: Torkoal
|-damage|p1b: Torkoal|77/100
|move|p2a: Kingambit|Sucker Punch|p1b: Torkoal
|-damage|p1b: Torkoal|48/100
|move|p1b: Torkoal|Heat Wave|p2a: Kingambit|[spread] p2a,p2b
|-supereffective|p2a: Kingambit
|-resisted|p2b: Dragonite
|-damage|p2a: Kingambit|6/100
|-damage|p2b: Dragonite|83/100
|-status|p2a: Kingambit|brn
|move|p1a: Oranguru|Instruct|p1b: Torkoal
|-singleturn|p1b: Torkoal|move: Instruct|[of] p1a: Oranguru
|move|p1b: Torkoal|Heat Wave|p2a: Kingambit|[spread] p2a
|-miss|p1b: Torkoal|p2b: Dragonite
|-supereffective|p2a: Kingambit
|-damage|p2a: Kingambit|0 fnt
|faint|p2a: Kingambit
|
|-weather|SunnyDay|[upkeep]
|-heal|p1b: Torkoal|54/100|[from] Grassy Terrain
|upkeep
|turn|5
|inactive|Realfrytki has 30 seconds left.
|
|t:|1756122788
|move|p2b: Dragonite|Protect|p2b: Dragonite
|-singleturn|p2b: Dragonite|Protect
|move|p1b: Torkoal|Heat Wave|p2b: Dragonite
|-activate|p2b: Dragonite|move: Protect
|move|p1a: Oranguru|Encore|p2b: Dragonite
|-activate|p2b: Dragonite|move: Protect
|
|-weather|SunnyDay|[upkeep]
|-heal|p1b: Torkoal|60/100|[from] Grassy Terrain
|-fieldend|move: Trick Room
|-fieldend|move: Grassy Terrain
|upkeep
|turn|6
|
|t:|1756122800
|move|p1b: Torkoal|Protect|p1b: Torkoal
|-singleturn|p1b: Torkoal|Protect
|move|p2b: Dragonite|Scale Shot|p1a: Oranguru
|-damage|p1a: Oranguru|86/100
|-damage|p1a: Oranguru|74/100
|-damage|p1a: Oranguru|61/100
|-damage|p1a: Oranguru|47/100
|-crit|p1a: Oranguru
|-damage|p1a: Oranguru|26/100
|-hitcount|p1a: Oranguru|5
|-unboost|p2b: Dragonite|def|1
|-boost|p2b: Dragonite|spe|1
|move|p1a: Oranguru|Trick Room|p1a: Oranguru
|-fieldstart|move: Trick Room|[of] p1a: Oranguru
|
|-weather|SunnyDay|[upkeep]
|upkeep
|turn|7
|
|t:|1756122823
|move|p2b: Dragonite|Extreme Speed|p1a: Oranguru
|-damage|p1a: Oranguru|0 fnt
|faint|p1a: Oranguru
|move|p1b: Torkoal|Heat Wave|p2b: Dragonite
|-resisted|p2b: Dragonite
|-damage|p2b: Dragonite|33/100
|
|-weather|none
|upkeep
|
|t:|1756122832
|switch|p1a: Sinistcha|Sinistcha, L50|100/100
|-heal|p1b: Torkoal|85/100|[from] ability: Hospitality|[of] p1a: Sinistcha
|turn|8
|
|t:|1756122838
|move|p2b: Dragonite|Protect|p2b: Dragonite
|-singleturn|p2b: Dragonite|Protect
|move|p1b: Torkoal|Heat Wave|p2b: Dragonite
|-activate|p2b: Dragonite|move: Protect
|move|p1a: Sinistcha|Shadow Ball|p2b: Dragonite
|-activate|p2b: Dragonite|move: Protect
|
|upkeep
|turn|9
|
|t:|1756122849
|move|p1b: Torkoal|Eruption|p2b: Dragonite
|-resisted|p2b: Dragonite
|-damage|p2b: Dragonite|0 fnt
|faint|p2b: Dragonite
|
|win|Bellsproutfanwill
|raw|Bellsproutfanwill's rating: 1273 → 1306(+33 for winning)
|raw|Realfrytki's rating: 1389 → 1363(-26 for losing)
