|j|☆Sunnymight
|j|☆PatoGafas
|html|SunnymightPatoGafas    
|uhtml|bestof|Game 1 of a best-of-3
|t:|1757804301
|gametype|doubles
|player|p1|Sunnymight|170|1188
|player|p2|PatoGafas|swimmer-gen4dp|1169
|gen|9
|tier|[Gen 9] VGC 2025 Reg H (Bo3)
|rated|
|rule|Species Clause: Limit one of each Pokémon
|rule|Item Clause: Limit 1 of each item
|clearpoke
|poke|p1|Maushold-Four, L50|
|poke|p1|Pelipper, L50, F|
|poke|p1|Annihilape, L50, M|
|poke|p1|Archaludon, L50, F|
|poke|p1|Grimmsnarl, L50, M|
|poke|p1|Sinistcha, L50|
|poke|p2|Ursaluna-Bloodmoon, L50, M|
|poke|p2|Porygon2, L50|
|poke|p2|Amoonguss, L50, F|
|poke|p2|Incineroar, L50, M|
|poke|p2|Dragapult, L50, M|
|poke|p2|Sneasler, L50, F|
|teampreview|4
|showteam|p1|Maushold-Four||SafetyGoggles|FriendGuard|Taunt,BeatUp,FollowMe,Protect||||||50|,,,,,Ghost]Pelipper||FocusSash|Drizzle|Protect,Tailwind,WeatherBall,Hurricane|||F|||50|,,,,,Ground]Annihilape||ChoiceScarf|Defiant|RockSlide,RageFist,FinalGambit,CloseCombat|||M|||50|,,,,,Dragon]Archaludon||AssaultVest|Stamina|DracoMeteor,ElectroShot,BodyPress,Snarl|||F|||50|,,,,,Bug]Grimmsnarl||LightClay|Prankster|Reflect,LightScreen,FoulPlay,ThunderWave|||M|||50|,,,,,Ghost]Sinistcha||SitrusBerry|Hospitality|LifeDew,TrickRoom,StrengthSap,MatchaGotcha||||||50|,,,,,Dragon
|showteam|p2|Ursaluna-Bloodmoon||AssaultVest|MindsEye|BloodMoon,HyperVoice,EarthPower,VacuumWave|||M|||50|,,,,,Normal]Porygon2||Eviolite|Trace|IceBeam,Thunderbolt,Recover,TrickRoom||||||50|,,,,,Ghost]Amoonguss||CovertCloak|Regenerator|Spore,RagePowder,PollenPuff,SludgeBomb|||F|||50|,,,,,Water]Incineroar||SafetyGoggles|Intimidate|KnockOff,FakeOut,PartingShot,FlareBlitz|||M|||50|,,,,,Ghost]Dragapult||ChoiceBand|ClearBody|DragonDarts,Outrage,PhantomForce,Uturn|||M|||50|,,,,,Dragon]Sneasler||FocusSash|PoisonTouch|CloseCombat,DireClaw,ThroatChop,FakeOut|||F|||50|,,,,,Dark
|inactive|Battle timer is ON: inactive players will automatically lose when time's up. (requested by PatoGafas)
|
|t:|1757804332
|teamsize|p1|4
|teamsize|p2|4
|start
|switch|p1a: Annihilape|Annihilape, L50, M|100/100
|switch|p1b: Maushold|Maushold-Four, L50|100/100
|switch|p2a: Dragapult|Dragapult, L50, M|100/100
|switch|p2b: Porygon2|Porygon2, L50|100/100
|-ability|p2b: Porygon2|Friend Guard|Trace|[from] ability: Trace|[of] p1b: Maushold
|turn|1
|inactive|Sunnymight has 30 seconds left.
|inactive|Sunnymight has 20 seconds left.
|
|t:|1757804369
|move|p2a: Dragapult|U-turn|p1a: Annihilape
|-resisted|p1a: Annihilape
|-damage|p1a: Annihilape|93/100
|
|t:|1757804374
|switch|p2a: Ursaluna|Ursaluna-Bloodmoon, L50, M|100/100|[from] U-turn
|move|p1b: Maushold|Beat Up|p1a: Annihilape
|-damage|p1a: Annihilape|91/100
|-damage|p1a: Annihilape|89/100
|-damage|p1a: Annihilape|87/100
|-damage|p1a: Annihilape|85/100
|-hitcount|p1a: Annihilape|4
|move|p1a: Annihilape|Rage Fist|p2a: Ursaluna
|-immune|p2a: Ursaluna
|move|p2b: Porygon2|Trick Room|p2b: Porygon2
|-fieldstart|move: Trick Room|[of] p2b: Porygon2
|
|upkeep
|turn|2
|inactive|PatoGafas has 30 seconds left.
|inactive|PatoGafas has 20 seconds left.
|
|t:|1757804412
|switch|p2b: Amoonguss|Amoonguss, L50, F|100/100
|switch|p1a: Archaludon|Archaludon, L50, F|100/100
|move|p1b: Maushold|Protect|p1b: Maushold
|-singleturn|p1b: Maushold|Protect
|move|p2a: Ursaluna|Hyper Voice|p1b: Maushold|[spread] p1a
|-activate|p1b: Maushold|move: Protect
|-resisted|p1a: Archaludon
|-damage|p1a: Archaludon|87/100
|-ability|p1a: Archaludon|Stamina|boost
|-boost|p1a: Archaludon|def|1
|
|upkeep
|turn|3
|
|t:|1757804435
|-terastallize|p1a: Archaludon|Bug
|move|p1b: Maushold|Follow Me|p1b: Maushold
|-singleturn|p1b: Maushold|move: Follow Me
|move|p2b: Amoonguss|Spore|p1b: Maushold
|-activate|p1b: Maushold|item: Safety Goggles|Spore
|move|p2a: Ursaluna|Blood Moon|p1b: Maushold
|-damage|p1b: Maushold|0 fnt
|faint|p1b: Maushold
|move|p1a: Archaludon|Snarl|p2b: Amoonguss|[spread] p2a,p2b
|-damage|p2a: Ursaluna|92/100
|-damage|p2b: Amoonguss|90/100
|-unboost|p2a: Ursaluna|spa|1
|
|upkeep
|
|t:|1757804450
|switch|p1b: Annihilape|Annihilape, L50, M|85/100
|turn|4
|
|t:|1757804480
|move|p2b: Amoonguss|Spore|p1a: Archaludon
|-status|p1a: Archaludon|slp|[from] move: Spore
|move|p2a: Ursaluna|Hyper Voice|p1b: Annihilape|[spread] p1a,p1b
|-damage|p1a: Archaludon|66/100 slp
|-damage|p1b: Annihilape|60/100
|-ability|p1a: Archaludon|Stamina|boost
|-boost|p1a: Archaludon|def|1
|cant|p1a: Archaludon|slp
|move|p1b: Annihilape|Rage Fist|p2b: Amoonguss
|-damage|p2b: Amoonguss|0 fnt
|faint|p2b: Amoonguss
|
|upkeep
|
|t:|1757804494
|switch|p2b: Dragapult|Dragapult, L50, M|100/100
|turn|5
|
|t:|1757804504
|switch|p2b: Porygon2|Porygon2, L50|100/100
|-ability|p2b: Porygon2|Stamina|Trace|[from] ability: Trace|[of] p1a: Archaludon
|move|p2a: Ursaluna|Blood Moon|p1b: Annihilape
|-damage|p1b: Annihilape|6/100
|cant|p1a: Archaludon|slp
|move|p1b: Annihilape|Rage Fist|p2b: Porygon2
|-immune|p2b: Porygon2
|
|-fieldend|move: Trick Room
|upkeep
|turn|6
|inactive|PatoGafas has 30 seconds left.
|
|t:|1757804533
|switch|p1b: Pelipper|Pelipper, L50, F, shiny|100/100
|-weather|RainDance|[from] ability: Drizzle|[of] p1b: Pelipper
|switch|p2a: Dragapult|Dragapult, L50, M|100/100
|cant|p1a: Archaludon|slp
|move|p2b: Porygon2|Ice Beam|p1b: Pelipper
|-damage|p1b: Pelipper|63/100
|
|-weather|RainDance|[upkeep]
|upkeep
|turn|7
|inactive|Sunnymight has 30 seconds left.
|
|t:|1757804561
|-terastallize|p2a: Dragapult|Dragon
|move|p2a: Dragapult|Dragon Darts|p1a: Archaludon
|-damage|p1a: Archaludon|44/100 slp
|-ability|p1a: Archaludon|Stamina|boost
|-boost|p1a: Archaludon|def|1
|-anim|p2a: Dragapult|Dragon Darts|p1b: Pelipper
|-damage|p1b: Pelipper|0 fnt
|faint|p1b: Pelipper
|-curestatus|p1a: Archaludon|slp|[msg]
|move|p1a: Archaludon|Snarl|p2b: Porygon2|[spread] p2a,p2b
|-crit|p2a: Dragapult
|-damage|p2a: Dragapult|74/100
|-damage|p2b: Porygon2|94/100
|-unboost|p2b: Porygon2|spa|1
|-ability|p2b: Porygon2|Stamina|boost
|-boost|p2b: Porygon2|def|1
|move|p2b: Porygon2|Ice Beam|p1a: Archaludon
|-damage|p1a: Archaludon|31/100
|-ability|p1a: Archaludon|Stamina|boost
|-boost|p1a: Archaludon|def|1
|
|-weather|RainDance|[upkeep]
|upkeep
|
|t:|1757804568
|switch|p1b: Annihilape|Annihilape, L50, M|6/100
|turn|8
|
|t:|1757804589
|move|p2a: Dragapult|Dragon Darts|p1a: Archaludon
|-damage|p1a: Archaludon|17/100
|-ability|p1a: Archaludon|Stamina|boost
|-boost|p1a: Archaludon|def|1
|-anim|p2a: Dragapult|Dragon Darts|p1b: Annihilape
|-damage|p1b: Annihilape|0 fnt
|faint|p1b: Annihilape
|move|p1a: Archaludon|Body Press|p2a: Dragapult
|-damage|p2a: Dragapult|0 fnt
|faint|p2a: Dragapult
|move|p2b: Porygon2|Ice Beam|p1a: Archaludon
|-damage|p1a: Archaludon|3/100
|-ability|p1a: Archaludon|Stamina|boost
|-boost|p1a: Archaludon|def|1
|
|-weather|RainDance|[upkeep]
|upkeep
|
|t:|1757804601
|switch|p2a: Ursaluna|Ursaluna-Bloodmoon, L50, M|92/100
|turn|9
|-message|Sunnymight forfeited.
|
|win|PatoGafas
