|j|вҳҶbrowe
|j|вҳҶpanqueca25
|html|browepanqueca25    
|uhtml|bestof|Game 2 of a best-of-3
|t:|1757798767
|gametype|doubles
|player|p1|browe|shadowtriad|1153
|player|p2|panqueca25|170|1189
|gen|9
|tier|[Gen 9] VGC 2025 Reg H (Bo3)
|rated|
|rule|Species Clause: Limit one of each PokГ©mon
|rule|Item Clause: Limit 1 of each item
|clearpoke
|poke|p1|Indeedee-F, L50, F|
|poke|p1|Hatterene, L50, F|
|poke|p1|Gallade, L50, M|
|poke|p1|Ursaluna, L50, M|
|poke|p1|Lilligant-Hisui, L50, F|
|poke|p1|Torkoal, L50, M|
|poke|p2|Gholdengo, L50|
|poke|p2|Incineroar, L50, F|
|poke|p2|Porygon2, L50|
|poke|p2|Ursaluna, L50, F|
|poke|p2|Primarina, L50, F|
|poke|p2|Amoonguss, L50, F|
|teampreview|4
|showteam|p1|Indeedee-F||PsychicSeed|PsychicSurge|TrickRoom,FollowMe,HelpingHand,DazzlingGleam|||F|||50|,,,,,Fire]Hatterene||LifeOrb|MagicBounce|ExpandingForce,TrickRoom,DazzlingGleam,Protect|||F|||50|,,,,,Psychic]Gallade||ClearAmulet|Sharpness|PsychoCut,TrickRoom,SacredSword,WideGuard|||M|||50|,,,,,Grass]Ursaluna||FlameOrb|Guts|HeadlongRush,Facade,SwordsDance,Protect|||M|||50|,,,,,Ghost]Lilligant-Hisui||FocusSash|Chlorophyll|SolarBlade,SleepPowder,CloseCombat,AfterYou|||F|||50|,,,,,Ghost]Torkoal||ChoiceSpecs|Drought|Eruption,HeatWave,WeatherBall,EarthPower|||M|||50|,,,,,Fire
|showteam|p2|Gholdengo||Leftovers|GoodasGold|MakeItRain,ShadowBall,NastyPlot,Protect||||||50|,,,,,Water]Incineroar||SafetyGoggles|Intimidate|FlareBlitz,KnockOff,PartingShot,FakeOut|||F|||50|,,,,,Ghost]Porygon2||Eviolite|Download|TeraBlast,IceBeam,TrickRoom,Recover||||||50|,,,,,Fighting]Ursaluna||FlameOrb|Guts|Facade,HeadlongRush,Earthquake,Protect|||F|||50|,,,,,Ghost]Primarina||SitrusBerry|LiquidVoice|HyperVoice,Moonblast,Haze,Protect|||F|||50|,,,,,Poison]Amoonguss||CovertCloak|Regenerator|Spore,RagePowder,PollenPuff,ClearSmog|||F|||50|,,,,,Water
|inactive|Battle timer is ON: inactive players will automatically lose when time's up. (requested by panqueca25)
|
|t:|1757798776
|teamsize|p1|4
|teamsize|p2|4
|start
|switch|p1a: зҙ«з«Ҫи¶…еҸҜж„ӣ|Indeedee-F, L50, F, shiny|100/100
|switch|p1b: зҙ«з«ҪиҰӘиЎӣйҡҠ|Gallade, L50, M, shiny|100/100
|switch|p2a: Gholdengo|Gholdengo, L50|100/100
|switch|p2b: Primarina|Primarina, L50, F|100/100
|-fieldstart|move: Psychic Terrain|[from] ability: Psychic Surge|[of] p1a: зҙ«з«Ҫи¶…еҸҜж„ӣ
|-enditem|p1a: зҙ«з«Ҫи¶…еҸҜж„ӣ|Psychic Seed
|-boost|p1a: зҙ«з«Ҫи¶…еҸҜж„ӣ|spd|1|[from] item: Psychic Seed
|turn|1
|
|t:|1757798786
|move|p1a: зҙ«з«Ҫи¶…еҸҜж„ӣ|Helping Hand|p1b: зҙ«з«ҪиҰӘиЎӣйҡҠ
|-singleturn|p1b: зҙ«з«ҪиҰӘиЎӣйҡҠ|Helping Hand|[of] p1a: зҙ«з«Ҫи¶…еҸҜж„ӣ
|move|p2a: Gholdengo|Nasty Plot|p2a: Gholdengo
|-boost|p2a: Gholdengo|spa|2
|move|p1b: зҙ«з«ҪиҰӘиЎӣйҡҠ|Psycho Cut|p2a: Gholdengo
|-resisted|p2a: Gholdengo
|-damage|p2a: Gholdengo|50/100
|move|p2b: Primarina|Moonblast|p1b: зҙ«з«ҪиҰӘиЎӣйҡҠ
|-supereffective|p1b: зҙ«з«ҪиҰӘиЎӣйҡҠ
|-damage|p1b: зҙ«з«ҪиҰӘиЎӣйҡҠ|26/100
|
|-heal|p2a: Gholdengo|57/100|[from] item: Leftovers
|upkeep
|turn|2
|
|t:|1757798804
|move|p2a: Gholdengo|Protect|p2a: Gholdengo
|-singleturn|p2a: Gholdengo|Protect
|move|p1b: зҙ«з«ҪиҰӘиЎӣйҡҠ|Wide Guard|p1b: зҙ«з«ҪиҰӘиЎӣйҡҠ
|-singleturn|p1b: зҙ«з«ҪиҰӘиЎӣйҡҠ|Wide Guard
|move|p2b: Primarina|Hyper Voice|p1a: зҙ«з«Ҫи¶…еҸҜж„ӣ|[spread] 
|-activate|p1a: зҙ«з«Ҫи¶…еҸҜж„ӣ|move: Wide Guard
|-activate|p1b: зҙ«з«ҪиҰӘиЎӣйҡҠ|move: Wide Guard
|move|p1a: зҙ«з«Ҫи¶…еҸҜж„ӣ|Trick Room|p1a: зҙ«з«Ҫи¶…еҸҜж„ӣ
|-fieldstart|move: Trick Room|[of] p1a: зҙ«з«Ҫи¶…еҸҜж„ӣ
|
|-heal|p2a: Gholdengo|63/100|[from] item: Leftovers
|upkeep
|turn|3
|
|t:|1757798816
|move|p1a: зҙ«з«Ҫи¶…еҸҜж„ӣ|Helping Hand|p1b: зҙ«з«ҪиҰӘиЎӣйҡҠ
|-singleturn|p1b: зҙ«з«ҪиҰӘиЎӣйҡҠ|Helping Hand|[of] p1a: зҙ«з«Ҫи¶…еҸҜж„ӣ
|move|p2b: Primarina|Hyper Voice|p1b: зҙ«з«ҪиҰӘиЎӣйҡҠ|[spread] p1a,p1b
|-damage|p1a: зҙ«з«Ҫи¶…еҸҜж„ӣ|84/100
|-damage|p1b: зҙ«з«ҪиҰӘиЎӣйҡҠ|0 fnt
|faint|p1b: зҙ«з«ҪиҰӘиЎӣйҡҠ
|move|p2a: Gholdengo|Nasty Plot|p2a: Gholdengo
|-boost|p2a: Gholdengo|spa|2
|
|-heal|p2a: Gholdengo|69/100|[from] item: Leftovers
|upkeep
|
|t:|1757798822
|switch|p1b: еӨӘжЁӮе·ҙжҲҲж–Ҝ|Torkoal, L50, M, shiny|100/100
|-weather|SunnyDay|[from] ability: Drought|[of] p1b: еӨӘжЁӮе·ҙжҲҲж–Ҝ
|turn|4
|
|t:|1757798840
|-terastallize|p1b: еӨӘжЁӮе·ҙжҲҲж–Ҝ|Fire
|move|p1a: зҙ«з«Ҫи¶…еҸҜж„ӣ|Helping Hand|p1b: еӨӘжЁӮе·ҙжҲҲж–Ҝ
|-singleturn|p1b: еӨӘжЁӮе·ҙжҲҲж–Ҝ|Helping Hand|[of] p1a: зҙ«з«Ҫи¶…еҸҜж„ӣ
|move|p2a: Gholdengo|Protect|p2a: Gholdengo
|-singleturn|p2a: Gholdengo|Protect
|move|p1b: еӨӘжЁӮе·ҙжҲҲж–Ҝ|Eruption|p2b: Primarina|[spread] p2b
|-activate|p2a: Gholdengo|move: Protect
|-resisted|p2b: Primarina
|-damage|p2b: Primarina|19/100
|-enditem|p2b: Primarina|Sitrus Berry|[eat]
|-heal|p2b: Primarina|43/100|[from] item: Sitrus Berry
|move|p2b: Primarina|Hyper Voice|p1b: еӨӘжЁӮе·ҙжҲҲж–Ҝ|[spread] p1a,p1b
|-supereffective|p1b: еӨӘжЁӮе·ҙжҲҲж–Ҝ
|-damage|p1a: зҙ«з«Ҫи¶…еҸҜж„ӣ|75/100
|-damage|p1b: еӨӘжЁӮе·ҙжҲҲж–Ҝ|65/100
|
|-weather|SunnyDay|[upkeep]
|-heal|p2a: Gholdengo|75/100|[from] item: Leftovers
|upkeep
|turn|5
|
|t:|1757798857
|-terastallize|p2a: Gholdengo|Water
|move|p1a: зҙ«з«Ҫи¶…еҸҜж„ӣ|Helping Hand|p1b: еӨӘжЁӮе·ҙжҲҲж–Ҝ
|-singleturn|p1b: еӨӘжЁӮе·ҙжҲҲж–Ҝ|Helping Hand|[of] p1a: зҙ«з«Ҫи¶…еҸҜж„ӣ
|move|p2b: Primarina|Protect|p2b: Primarina
|-singleturn|p2b: Primarina|Protect
|move|p1b: еӨӘжЁӮе·ҙжҲҲж–Ҝ|Eruption|p2b: Primarina|[spread] p2a
|-activate|p2b: Primarina|move: Protect
|-resisted|p2a: Gholdengo
|-damage|p2a: Gholdengo|13/100
|move|p2a: Gholdengo|Make It Rain|p1a: зҙ«з«Ҫи¶…еҸҜж„ӣ|[spread] p1a,p1b
|-resisted|p1b: еӨӘжЁӮе·ҙжҲҲж–Ҝ
|-damage|p1a: зҙ«з«Ҫи¶…еҸҜж„ӣ|0 fnt
|-damage|p1b: еӨӘжЁӮе·ҙжҲҲж–Ҝ|0 fnt
|-unboost|p2a: Gholdengo|spa|1
|faint|p1a: зҙ«з«Ҫи¶…еҸҜж„ӣ
|faint|p1b: еӨӘжЁӮе·ҙжҲҲж–Ҝ
|
|-weather|SunnyDay|[upkeep]
|-heal|p2a: Gholdengo|19/100|[from] item: Leftovers
|-fieldend|move: Psychic Terrain
|upkeep
|
|t:|1757798868
|switch|p1b: зҙ«з«ҪеҘҪеҸҜж„ӣ|Lilligant-Hisui, L50, F, shiny|100/100
|turn|6
|
|t:|1757798873
|move|p2b: Primarina|Moonblast|p1b: зҙ«з«ҪеҘҪеҸҜж„ӣ
|-supereffective|p1b: зҙ«з«ҪеҘҪеҸҜж„ӣ
|-enditem|p1b: зҙ«з«ҪеҘҪеҸҜж„ӣ|Focus Sash
|-damage|p1b: зҙ«з«ҪеҘҪеҸҜж„ӣ|1/100
|move|p2a: Gholdengo|Make It Rain|p1b: зҙ«з«ҪеҘҪеҸҜж„ӣ
|-damage|p1b: зҙ«з«ҪеҘҪеҸҜж„ӣ|0 fnt
|-unboost|p2a: Gholdengo|spa|1
|faint|p1b: зҙ«з«ҪеҘҪеҸҜж„ӣ
|
|win|panqueca25
|raw|browe's rating: 1153 → 1131(-22 for losing)
|raw|panqueca25's rating: 1189 → 1211(+22 for winning)
|l|вҳҶpanqueca25
|player|p2|
