|j|☆360pk
|j|☆TR Setter
|html|360pkTR Setter    
|uhtml|bestof|Game 2 of a best-of-3
|t:|1756049921
|gametype|doubles
|player|p1|360pk|266|1378
|player|p2|TR Setter|zinzolin|1335
|gen|9
|tier|[Gen 9] VGC 2025 Reg H (Bo3)
|rated|
|rule|Species Clause: Limit one of each Pokémon
|rule|Item Clause: Limit 1 of each item
|clearpoke
|poke|p1|Baxcalibur, L50, F|
|poke|p1|Kingambit, L50, M|
|poke|p1|Volcarona, L50, M|
|poke|p1|Dondozo, L50, M|
|poke|p1|Sneasler, L50, F|
|poke|p1|Rillaboom, L50, M|
|poke|p2|Indeedee-F, L50, F|
|poke|p2|Hatterene, L50, F|
|poke|p2|Gallade, L50, M|
|poke|p2|Annihilape, L50, M|
|poke|p2|Torkoal, L50, M|
|poke|p2|Kingambit, L50, M|
|teampreview|4
|showteam|p1|Baxcalibur||LoadedDice|ThermalExchange|Protect,IcicleSpear,ScaleShot,IceShard|||F|||50|,,,,,Ghost]Kingambit||SafetyGoggles|Defiant|Protect,KowtowCleave,SuckerPunch,SwordsDance|||M|||50|,,,,,Ghost]Volcarona||CovertCloak|FlameBody|HeatWave,TeraBlast,QuiverDance,RagePowder|||M|||50|,,,,,Fairy]Dondozo||Leftovers|Unaware|Protect,Liquidation,Yawn,Fissure|||M|||50|,,,,,Poison]Sneasler||FocusSash|Unburden|Protect,CloseCombat,DireClaw,Coaching|||F|||50|,,,,,Stellar]Rillaboom||AssaultVest|GrassySurge|WoodHammer,GrassyGlide,FakeOut,HighHorsepower|||M|||50|,,,,,Water
|showteam|p2|Indeedee-F||PsychicSeed|PsychicSurge|HelpingHand,Psychic,TrickRoom,FollowMe|||F|||50|,,,,,Grass]Hatterene||LifeOrb|MagicBounce|ExpandingForce,DazzlingGleam,TrickRoom,Protect|||F|||50|,,,,,Fire]Gallade||ClearAmulet|Sharpness|PsychoCut,SacredSword,WideGuard,TrickRoom|||M|||50|,,,,,Steel]Annihilape||ChoiceScarf|Defiant|FinalGambit,CloseCombat,RageFist,Uturn|||M|||50|,,,,,Grass]Torkoal||Charcoal|Drought|Eruption,WeatherBall,Protect,EarthPower|||M|||50|,,,,,Fire]Kingambit||SafetyGoggles|Defiant|SuckerPunch,KowtowCleave,LowKick,Protect|||M|||50|,,,,,Dark
|inactive|Battle timer is ON: inactive players will automatically lose when time's up. (requested by 360pk)
|inactive|TR Setter has 60 seconds left.
|
|t:|1756049969
|teamsize|p1|4
|teamsize|p2|4
|start
|switch|p1a: Baxcalibur|Baxcalibur, L50, F|100/100
|switch|p1b: Sneasler|Sneasler, L50, F|100/100
|switch|p2a: Annihilape|Annihilape, L50, M|100/100
|switch|p2b: Indeedee|Indeedee-F, L50, F|100/100
|-fieldstart|move: Psychic Terrain|[from] ability: Psychic Surge|[of] p2b: Indeedee
|-enditem|p2b: Indeedee|Psychic Seed
|-boost|p2b: Indeedee|spd|1|[from] item: Psychic Seed
|turn|1
|
|t:|1756049989
|-terastallize|p1a: Baxcalibur|Ghost
|move|p2a: Annihilape|U-turn|p1b: Sneasler
|-resisted|p1b: Sneasler
|-crit|p1b: Sneasler
|-damage|p1b: Sneasler|87/100
|
|t:|1756049998
|switch|p2a: Torkoal|Torkoal, L50, M|100/100|[from] U-turn
|-weather|SunnyDay|[from] ability: Drought|[of] p2a: Torkoal
|move|p1b: Sneasler|Close Combat|p2b: Indeedee
|-damage|p2b: Indeedee|34/100
|-unboost|p1b: Sneasler|def|1
|-unboost|p1b: Sneasler|spd|1
|move|p1a: Baxcalibur|Icicle Spear|p2b: Indeedee
|-damage|p2b: Indeedee|19/100
|-damage|p2b: Indeedee|3/100
|-crit|p2b: Indeedee
|-damage|p2b: Indeedee|0 fnt
|faint|p2b: Indeedee
|-hitcount|p2: Indeedee|3
|
|-weather|SunnyDay|[upkeep]
|upkeep
|
|t:|1756050011
|switch|p2b: Annihilape|Annihilape, L50, M|100/100
|turn|2
|
|t:|1756050020
|move|p1a: Baxcalibur|Protect|p1a: Baxcalibur
|-singleturn|p1a: Baxcalibur|Protect
|move|p2b: Annihilape|Rage Fist|p1a: Baxcalibur
|-activate|p1a: Baxcalibur|move: Protect
|move|p1b: Sneasler|Dire Claw|p2a: Torkoal
|-damage|p2a: Torkoal|69/100
|-status|p2a: Torkoal|psn
|move|p2a: Torkoal|Weather Ball|p1b: Sneasler
|-damage|p1b: Sneasler|0 fnt
|faint|p1b: Sneasler
|
|-weather|SunnyDay|[upkeep]
|-damage|p2a: Torkoal|57/100 psn|[from] psn
|upkeep
|
|t:|1756050037
|switch|p1b: Rillaboom|Rillaboom, L50, M|100/100
|-fieldstart|move: Grassy Terrain|[from] ability: Grassy Surge|[of] p1b: Rillaboom
|turn|3
|
|t:|1756050048
|move|p2b: Annihilape|Rage Fist|p1a: Baxcalibur
|-supereffective|p1a: Baxcalibur
|-crit|p1a: Baxcalibur
|-damage|p1a: Baxcalibur|40/100
|move|p1a: Baxcalibur|Icicle Spear|p2a: Torkoal
|-resisted|p2a: Torkoal
|-damage|p2a: Torkoal|51/100 psn
|-resisted|p2a: Torkoal
|-crit|p2a: Torkoal
|-damage|p2a: Torkoal|42/100 psn
|-resisted|p2a: Torkoal
|-damage|p2a: Torkoal|36/100 psn
|-resisted|p2a: Torkoal
|-damage|p2a: Torkoal|31/100 psn
|-resisted|p2a: Torkoal
|-damage|p2a: Torkoal|25/100 psn
|-hitcount|p2a: Torkoal|5
|move|p1b: Rillaboom|High Horsepower|p2a: Torkoal
|-supereffective|p2a: Torkoal
|-damage|p2a: Torkoal|0 fnt
|faint|p2a: Torkoal
|
|-weather|SunnyDay|[upkeep]
|-heal|p1a: Baxcalibur|46/100|[from] Grassy Terrain
|upkeep
|
|t:|1756050057
|switch|p2a: Gallade|Gallade, L50, M|100/100
|turn|4
|
|t:|1756050078
|-terastallize|p2a: Gallade|Steel
|move|p1a: Baxcalibur|Ice Shard|p2a: Gallade
|-resisted|p2a: Gallade
|-damage|p2a: Gallade|85/100
|move|p2b: Annihilape|Rage Fist|p1b: Rillaboom
|-damage|p1b: Rillaboom|82/100
|move|p1b: Rillaboom|Wood Hammer|p2a: Gallade
|-resisted|p2a: Gallade
|-damage|p2a: Gallade|35/100
|-damage|p1b: Rillaboom|68/100|[from] Recoil
|move|p2a: Gallade|Sacred Sword|p1b: Rillaboom
|-damage|p1b: Rillaboom|0 fnt
|faint|p1b: Rillaboom
|
|-weather|SunnyDay|[upkeep]
|-heal|p1a: Baxcalibur|53/100|[from] Grassy Terrain
|-heal|p2a: Gallade|41/100|[from] Grassy Terrain
|upkeep
|
|t:|1756050082
|switch|p1b: Kingambit|Kingambit, L50, M|100/100
|turn|5
|inactive|TR Setter has 30 seconds left.
|
|t:|1756050113
|move|p1b: Kingambit|Sucker Punch|p2a: Gallade
|-damage|p2a: Gallade|0 fnt
|faint|p2a: Gallade
|move|p2b: Annihilape|Rage Fist|p1a: Baxcalibur
|-supereffective|p1a: Baxcalibur
|-damage|p1a: Baxcalibur|11/100
|move|p1a: Baxcalibur|Icicle Spear|p2b: Annihilape
|-damage|p2b: Annihilape|85/100
|-damage|p2b: Annihilape|67/100
|-damage|p2b: Annihilape|52/100
|-damage|p2b: Annihilape|36/100
|-hitcount|p2b: Annihilape|4
|
|-weather|none
|-heal|p2b: Annihilape|42/100|[from] Grassy Terrain
|-heal|p1a: Baxcalibur|17/100|[from] Grassy Terrain
|upkeep
|turn|6
|
|t:|1756050128
|move|p1a: Baxcalibur|Ice Shard|p2b: Annihilape
|-damage|p2b: Annihilape|14/100
|move|p1b: Kingambit|Sucker Punch|p2b: Annihilape
|-damage|p2b: Annihilape|0 fnt
|faint|p2b: Annihilape
|
|win|360pk
|raw|360pk's rating: 1378 → 1396(+18 for winning)
|raw|TR Setter's rating: 1335 → 1317(-18 for losing)
