|j|☆DJGrooves213
|j|☆Refanner
|html|DJGrooves213Refanner    
|uhtml|bestof|Game 1 of a best-of-3
|t:|1756736492
|gametype|doubles
|player|p1|DJGrooves213|kieran|1147
|player|p2|Refanner|102|1167
|gen|9
|tier|[Gen 9] VGC 2025 Reg H (Bo3)
|rated|
|rule|Species Clause: Limit one of each Pokémon
|rule|Item Clause: Limit 1 of each item
|clearpoke
|poke|p1|Crawdaunt, L50, M|
|poke|p1|Murkrow, L50, M|
|poke|p1|Garchomp, L50, M|
|poke|p1|Gholdengo, L50|
|poke|p1|Gardevoir, L50, M|
|poke|p1|Rillaboom, L50, M|
|poke|p2|Garchomp, L50, F|
|poke|p2|Incineroar, L50, M|
|poke|p2|Tyranitar, L50, M|
|poke|p2|Gholdengo, L50|
|poke|p2|Primarina, L50, M|
|poke|p2|Talonflame, L50, M|
|teampreview|4
|showteam|p1|Crawdaunt||LifeOrb|Adaptability|KnockOff,Crabhammer,AquaJet,Protect|||M|||50|,,,,,Water]Murkrow||Eviolite|Prankster|ThunderWave,Tailwind,Taunt,BraveBird|||M|||50|,,,,,Ghost]Garchomp||ClearAmulet|RoughSkin|SwordsDance,Protect,DragonClaw,StompingTantrum|||M|||50|,,,,,Steel]Gholdengo||Leftovers|GoodasGold|NastyPlot,MakeItRain,ShadowBall,Protect||||||50|,,,,,Water]Gardevoir||ThroatSpray|Trace|Taunt,Moonblast,PsychicNoise,Protect|||M|||50|,,,,,Steel]Rillaboom||AssaultVest|GrassySurge|Uturn,FakeOut,GrassyGlide,WoodHammer|||M|||50|,,,,,Fire
|showteam|p2|Garchomp||LifeOrb|RoughSkin|Earthquake,DragonClaw,StompingTantrum,Protect|||F|||50|,,,,,Fire]Incineroar||SitrusBerry|Intimidate|FlareBlitz,KnockOff,PartingShot,FakeOut|||M|||50|,,,,,Grass]Tyranitar||AssaultVest|SandStream|KnockOff,RockSlide,TeraBlast,LowKick|||M|||50|,,,,,Flying]Gholdengo||Leftovers|GoodasGold|MakeItRain,ShadowBall,NastyPlot,Protect||||||50|,,,,,Flying]Primarina||MagoBerry|LiquidVoice|HyperVoice,Moonblast,CalmMind,Protect|||M|||50|,,,,,Poison]Talonflame||CovertCloak|GaleWings|BraveBird,Tailwind,WillOWisp,Taunt|||M|||50|,,,,,Flying
|
|t:|1756736548
|teamsize|p1|4
|teamsize|p2|4
|start
|switch|p1a: Murkrow|Murkrow, L50, M, shiny|100/100
|switch|p1b: Crawdaunt|Crawdaunt, L50, M, shiny|100/100
|switch|p2a: Gholdengo|Gholdengo, L50|100/100
|switch|p2b: Incineroar|Incineroar, L50, M|100/100
|-ability|p2b: Incineroar|Intimidate|boost
|-unboost|p1a: Murkrow|atk|1
|-unboost|p1b: Crawdaunt|atk|1
|turn|1
|
|t:|1756736614
|-terastallize|p1a: Murkrow|Ghost
|move|p2b: Incineroar|Fake Out|p1b: Crawdaunt
|-damage|p1b: Crawdaunt|84/100
|move|p1a: Murkrow|Tailwind|p1a: Murkrow
|-sidestart|p1: DJGrooves213|move: Tailwind
|cant|p1b: Crawdaunt|flinch
|move|p2a: Gholdengo|Nasty Plot|p2a: Gholdengo
|-boost|p2a: Gholdengo|spa|2
|
|upkeep
|turn|2
|
|t:|1756736633
|move|p2a: Gholdengo|Protect|p2a: Gholdengo
|-singleturn|p2a: Gholdengo|Protect
|move|p1a: Murkrow|Brave Bird|p2a: Gholdengo
|-activate|p2a: Gholdengo|move: Protect
|move|p1b: Crawdaunt|Crabhammer|p2a: Gholdengo
|-activate|p2a: Gholdengo|move: Protect
|move|p2b: Incineroar|Parting Shot|p1b: Crawdaunt
|-unboost|p1b: Crawdaunt|atk|1
|-unboost|p1b: Crawdaunt|spa|1
|
|t:|1756736643
|switch|p2b: Talonflame|Talonflame, L50, M|100/100|[from] Parting Shot
|
|upkeep
|turn|3
|
|t:|1756736650
|switch|p1b: Gholdengo|Gholdengo, L50, shiny|100/100
|move|p1a: Murkrow|Taunt|p2b: Talonflame
|-start|p2b: Talonflame|move: Taunt
|cant|p2b: Talonflame|move: Taunt|Tailwind
|move|p2a: Gholdengo|Make It Rain|p1a: Murkrow|[spread] p1a,p1b
|-resisted|p1b: Gholdengo
|-damage|p1a: Murkrow|0 fnt
|-damage|p1b: Gholdengo|56/100
|-unboost|p2a: Gholdengo|spa|1
|faint|p1a: Murkrow
|
|-heal|p1b: Gholdengo|62/100|[from] item: Leftovers
|upkeep
|
|t:|1756736655
|switch|p1a: Crawdaunt|Crawdaunt, L50, M, shiny|84/100
|turn|4
|
|t:|1756736666
|switch|p2b: Incineroar|Incineroar, L50, M|100/100
|-ability|p2b: Incineroar|Intimidate|boost
|-unboost|p1a: Crawdaunt|atk|1
|-unboost|p1b: Gholdengo|atk|1
|move|p2a: Gholdengo|Protect|p2a: Gholdengo
|-singleturn|p2a: Gholdengo|Protect
|move|p1a: Crawdaunt|Knock Off|p2a: Gholdengo
|-activate|p2a: Gholdengo|move: Protect
|move|p1b: Gholdengo|Nasty Plot|p1b: Gholdengo
|-boost|p1b: Gholdengo|spa|2
|
|-heal|p1b: Gholdengo|68/100|[from] item: Leftovers
|-sideend|p1: DJGrooves213|move: Tailwind
|upkeep
|turn|5
|
|t:|1756736719
|switch|p1a: Garchomp|Garchomp, L50, M, shiny|100/100
|-terastallize|p2a: Gholdengo|Flying
|move|p2a: Gholdengo|Shadow Ball|p1b: Gholdengo
|-supereffective|p1b: Gholdengo
|-damage|p1b: Gholdengo|0 fnt
|faint|p1b: Gholdengo
|move|p2b: Incineroar|Knock Off|p1a: Garchomp
|-damage|p1a: Garchomp|59/100
|-damage|p2b: Incineroar|88/100|[from] ability: Rough Skin|[of] p1a: Garchomp
|-enditem|p1a: Garchomp|Clear Amulet|[from] move: Knock Off|[of] p2b: Incineroar
|
|upkeep
|
|t:|1756736726
|switch|p1b: Crawdaunt|Crawdaunt, L50, M, shiny|84/100
|turn|6
|
|t:|1756736745
|move|p2a: Gholdengo|Protect|p2a: Gholdengo
|-singleturn|p2a: Gholdengo|Protect
|move|p1a: Garchomp|Stomping Tantrum|p2b: Incineroar
|-supereffective|p2b: Incineroar
|-damage|p2b: Incineroar|10/100
|-enditem|p2b: Incineroar|Sitrus Berry|[eat]
|-heal|p2b: Incineroar|35/100|[from] item: Sitrus Berry
|move|p2b: Incineroar|Parting Shot|p1a: Garchomp
|-unboost|p1a: Garchomp|atk|1
|-unboost|p1a: Garchomp|spa|1
|
|t:|1756736755
|switch|p2b: Talonflame|Talonflame, L50, M|100/100|[from] Parting Shot
|move|p1b: Crawdaunt|Crabhammer|p2b: Talonflame|[miss]
|-miss|p1b: Crawdaunt|p2b: Talonflame
|
|upkeep
|turn|7
|-message|DJGrooves213 forfeited.
|
|win|Refanner
|l|☆DJGrooves213
|player|p1|
||Refanner is ready for game 2.
||DJGrooves213 is ready for game 2.
|uhtml|next|Next: Game 2 of 3
