|j|☆Rantix D Red
|j|☆ironstandseternal
|html|Rantix D Redironstandseternal    
|uhtml|bestof|Game 1 of a best-of-3
|t:|1757193170
|gametype|doubles
|player|p1|Rantix D Red|n|1088
|player|p2|ironstandseternal|flint|1195
|gen|9
|tier|[Gen 9] VGC 2025 Reg H (Bo3)
|rated|
|rule|Species Clause: Limit one of each Pokémon
|rule|Item Clause: Limit 1 of each item
|clearpoke
|poke|p1|Dragonite, L50, M|
|poke|p1|Ursaluna-Bloodmoon, L50, M|
|poke|p1|Talonflame, L50, M|
|poke|p1|Gholdengo, L50|
|poke|p1|Indeedee, L50, M|
|poke|p1|Sneasler, L50, M|
|poke|p2|Rillaboom, L50, M|
|poke|p2|Dragonite, L50, M|
|poke|p2|Sneasler, L50, M|
|poke|p2|Ninetales-Alola, L50, F|
|poke|p2|Kingambit, L50, M|
|poke|p2|Volcarona, L50, M|
|teampreview|4
|showteam|p1|Dragonite||LoadedDice|Multiscale|IceSpinner,ScaleShot,Haze,Protect|||M|||50|,,,,,Fairy]Ursaluna-Bloodmoon||LifeOrb|MindsEye|BloodMoon,HyperVoice,EarthPower,Protect|||M|||50|,,,,,Water]Talonflame||CovertCloak|GaleWings|DualWingbeat,WillOWisp,Tailwind,FlareBlitz|||M|||50|,,,,,Fairy]Gholdengo||Leftovers|GoodasGold|MakeItRain,NastyPlot,ShadowBall,Protect||||||50|,,,,,Water]Indeedee||ChoiceScarf|PsychicSurge|ExpandingForce,Psychic,Trick,TeraBlast|||M|||50|,,,,,Ground]Sneasler||PsychicSeed|Unburden|FakeOut,DireClaw,Protect,CloseCombat|||M|||50|,,,,,Ghost
|showteam|p2|Rillaboom||AssaultVest|GrassySurge|WoodHammer,GrassyGlide,HighHorsepower,FakeOut|||M|||50|,,,,,Fire]Dragonite||LoadedDice|Multiscale|Protect,ScaleShot,LowKick,Haze|||M|||50|,,,,,Fairy]Sneasler||WhiteHerb|Unburden|Protect,DireClaw,CloseCombat,Coaching|||M|||50|,,,,,Ghost]Ninetales-Alola||ChoiceSpecs|SnowWarning|Blizzard,IcyWind,Moonblast,FreezeDry|||F|||50|,,,,,Ghost]Kingambit||SafetyGoggles|Defiant|Protect,KowtowCleave,SuckerPunch,SwordsDance|||M|||50|,,,,,Dark]Volcarona||CovertCloak|FlameBody|StruggleBug,RagePowder,Overheat,WillOWisp|||M|||50|,,,,,Fairy
|inactive|Battle timer is ON: inactive players will automatically lose when time's up. (requested by Rantix D Red)
|inactive|Rantix D Red has 60 seconds left.
|inactive|ironstandseternal has 60 seconds left.
|inactive|ironstandseternal has 30 seconds left.
|
|t:|1757193267
|teamsize|p1|4
|teamsize|p2|4
|start
|switch|p1a: Talonflame|Talonflame, L50, M|100/100
|switch|p1b: Ursaluna|Ursaluna-Bloodmoon, L50, M|100/100
|switch|p2a: Dragonite|Dragonite, L50, M|100/100
|switch|p2b: Rillaboom|Rillaboom, L50, M|100/100
|-fieldstart|move: Grassy Terrain|[from] ability: Grassy Surge|[of] p2b: Rillaboom
|turn|1
|inactive|Rantix D Red has 30 seconds left.
|inactive|Rantix D Red has 20 seconds left.
|inactive|Rantix D Red has 15 seconds left.
|inactive|ironstandseternal has 30 seconds left.
|
|t:|1757193310
|switch|p1b: Gholdengo|Gholdengo, L50|100/100
|-terastallize|p1a: Talonflame|Fairy
|move|p2b: Rillaboom|Fake Out|p1b: Gholdengo
|-immune|p1b: Gholdengo
|move|p1a: Talonflame|Will-O-Wisp|p2a: Dragonite
|-status|p2a: Dragonite|brn
|move|p2a: Dragonite|Scale Shot|p1a: Talonflame
|-immune|p1a: Talonflame
|
|-damage|p2a: Dragonite|95/100 brn|[from] brn
|upkeep
|turn|2
|inactive|Rantix D Red has 30 seconds left.
|inactive|ironstandseternal has 30 seconds left.
|inactive|Rantix D Red has 20 seconds left.
|inactive|Rantix D Red has 15 seconds left.
|
|t:|1757193353
|-terastallize|p2b: Rillaboom|Fire
|move|p1a: Talonflame|Will-O-Wisp|p2b: Rillaboom
|-immune|p2b: Rillaboom
|move|p1b: Gholdengo|Shadow Ball|p2a: Dragonite
|-damage|p2a: Dragonite|50/100 brn
|move|p2a: Dragonite|Scale Shot|p1b: Gholdengo
|-resisted|p1b: Gholdengo
|-damage|p1b: Gholdengo|97/100
|-resisted|p1b: Gholdengo
|-damage|p1b: Gholdengo|93/100
|-resisted|p1b: Gholdengo
|-damage|p1b: Gholdengo|90/100
|-resisted|p1b: Gholdengo
|-damage|p1b: Gholdengo|86/100
|-hitcount|p1b: Gholdengo|4
|-unboost|p2a: Dragonite|def|1
|-boost|p2a: Dragonite|spe|1
|move|p2b: Rillaboom|High Horsepower|p1b: Gholdengo
|-supereffective|p1b: Gholdengo
|-damage|p1b: Gholdengo|20/100
|
|-heal|p1b: Gholdengo|27/100|[from] Grassy Terrain
|-heal|p1b: Gholdengo|33/100|[from] item: Leftovers
|-damage|p2a: Dragonite|44/100 brn|[from] brn
|upkeep
|turn|3
|inactive|ironstandseternal has 30 seconds left.
|
|t:|1757193385
|move|p1b: Gholdengo|Protect|p1b: Gholdengo
|-singleturn|p1b: Gholdengo|Protect
|move|p1a: Talonflame|Dual Wingbeat|p2b: Rillaboom
|-damage|p2b: Rillaboom|85/100
|-damage|p2b: Rillaboom|69/100
|-hitcount|p2b: Rillaboom|2
|move|p2a: Dragonite|Low Kick|p1a: Talonflame
|-resisted|p1a: Talonflame
|-damage|p1a: Talonflame|95/100
|move|p2b: Rillaboom|High Horsepower|p1b: Gholdengo
|-activate|p1b: Gholdengo|move: Protect
|
|-heal|p1a: Talonflame|100/100|[from] Grassy Terrain
|-heal|p1b: Gholdengo|39/100|[from] Grassy Terrain
|-heal|p1b: Gholdengo|45/100|[from] item: Leftovers
|-heal|p2b: Rillaboom|76/100|[from] Grassy Terrain
|-damage|p2a: Dragonite|38/100 brn|[from] brn
|upkeep
|turn|4
|inactive|Rantix D Red has 30 seconds left.
|inactive|ironstandseternal has 30 seconds left.
|inactive|Rantix D Red has 20 seconds left.
|
|t:|1757193421
|switch|p1b: Ursaluna|Ursaluna-Bloodmoon, L50, M|100/100
|move|p1a: Talonflame|Tailwind|p1a: Talonflame
|-sidestart|p1: Rantix D Red|move: Tailwind
|move|p2a: Dragonite|Scale Shot|p1b: Ursaluna
|-damage|p1b: Ursaluna|95/100
|-damage|p1b: Ursaluna|89/100
|-damage|p1b: Ursaluna|83/100
|-damage|p1b: Ursaluna|77/100
|-damage|p1b: Ursaluna|72/100
|-hitcount|p1b: Ursaluna|5
|-unboost|p2a: Dragonite|def|1
|-boost|p2a: Dragonite|spe|1
|move|p2b: Rillaboom|High Horsepower|p1b: Ursaluna
|-damage|p1b: Ursaluna|47/100
|
|-heal|p1b: Ursaluna|53/100|[from] Grassy Terrain
|-heal|p2b: Rillaboom|82/100|[from] Grassy Terrain
|-damage|p2a: Dragonite|32/100 brn|[from] brn
|upkeep
|turn|5
|inactive|ironstandseternal has 30 seconds left.
|
|t:|1757193456
|switch|p1a: Indeedee|Indeedee, L50, M|100/100
|-fieldstart|move: Psychic Terrain|[from] ability: Psychic Surge|[of] p1a: Indeedee
|move|p2a: Dragonite|Scale Shot|p1b: Ursaluna
|-damage|p1b: Ursaluna|47/100
|-crit|p1b: Ursaluna
|-damage|p1b: Ursaluna|39/100
|-damage|p1b: Ursaluna|34/100
|-damage|p1b: Ursaluna|29/100
|-damage|p1b: Ursaluna|24/100
|-hitcount|p1b: Ursaluna|5
|-unboost|p2a: Dragonite|def|1
|-boost|p2a: Dragonite|spe|1
|move|p1b: Ursaluna|Earth Power|p2b: Rillaboom
|-supereffective|p2b: Rillaboom
|-damage|p2b: Rillaboom|0 fnt
|faint|p2b: Rillaboom
|-damage|p1b: Ursaluna|14/100|[from] item: Life Orb
|
|-damage|p2a: Dragonite|26/100 brn|[from] brn
|upkeep
|
|t:|1757193479
|switch|p2b: Volcarona|Volcarona, L50, M|100/100
|turn|6
|inactive|Rantix D Red has 30 seconds left.
|inactive|Rantix D Red has 20 seconds left.
|
|t:|1757193516
|move|p2a: Dragonite|Protect|p2a: Dragonite
|-singleturn|p2a: Dragonite|Protect
|move|p1a: Indeedee|Expanding Force|p2a: Dragonite|[spread] p2b
|-activate|p2a: Dragonite|move: Protect
|-damage|p2b: Volcarona|52/100
|move|p1b: Ursaluna|Blood Moon|p2b: Volcarona
|-damage|p2b: Volcarona|0 fnt
|faint|p2b: Volcarona
|-damage|p1b: Ursaluna|4/100|[from] item: Life Orb
|
|-damage|p2a: Dragonite|20/100 brn|[from] brn
|upkeep
|
|t:|1757193525
|switch|p2b: Ninetales|Ninetales-Alola, L50, F|100/100
|-weather|Snowscape|[from] ability: Snow Warning|[of] p2b: Ninetales
|turn|7
|inactive|Rantix D Red has 30 seconds left.
|
|t:|1757193554
|move|p1a: Indeedee|Expanding Force|p2a: Dragonite|[spread] p2a,p2b
|-damage|p2a: Dragonite|0 fnt
|-damage|p2b: Ninetales|34/100
|faint|p2a: Dragonite
|move|p2b: Ninetales|Blizzard|p1a: Indeedee|[spread] p1a,p1b
|-supereffective|p1b: Ursaluna
|-damage|p1a: Indeedee|31/100
|-damage|p1b: Ursaluna|0 fnt
|faint|p1b: Ursaluna
|
|-weather|Snowscape|[upkeep]
|-sideend|p1: Rantix D Red|move: Tailwind
|upkeep
|
|t:|1757193577
|switch|p1b: Gholdengo|Gholdengo, L50|45/100
|turn|8
|
|t:|1757193581
|move|p1a: Indeedee|Expanding Force|p2b: Ninetales
|-damage|p2b: Ninetales|0 fnt
|faint|p2b: Ninetales
|
|win|Rantix D Red
||ironstandseternal is ready for game 2.
|inactive|Rantix D Red has 30 seconds to confirm battle start!
||Rantix D Red is ready for game 2.
|uhtml|next|Next: Game 2 of 3
|l|☆Rantix D Red
|player|p1|
