|j|‽ajin22
|j|☆kethhhhhh
|html|ajin22kethhhhhh    
|uhtml|bestof|Game 3 of a best-of-3
|t:|1784948724
|gametype|doubles
|player|p1|ajin22|2|1079
|player|p2|kethhhhhh|lady|1043
|gen|9
|tier|[Gen 9 Champions] VGC 2026 Reg M-B (Bo3)
|rated|
|rule|Species Clause: Limit one of each Pokémon
|rule|Item Clause: Limit 1 of each item
|clearpoke
|poke|p1|Raichu, L50, M|
|poke|p1|Gholdengo, L50|
|poke|p1|Garchomp, L50, F|
|poke|p1|Incineroar, L50, F|
|poke|p1|Milotic, L50, F|
|poke|p1|Whimsicott, L50, M|
|poke|p2|Milotic, L50, M|
|poke|p2|Lopunny, L50, F|
|poke|p2|Clefable, L50, M|
|poke|p2|Kingambit, L50, F|
|poke|p2|Meowstic, L50, M|
|poke|p2|Farigiraf, L50, F|
|teampreview|4
|showteam|p1|Raichu||RaichuniteY|LightningRod|ZapCannon,FocusBlast,Protect,FakeOut|Timid||M|||50|]Gholdengo||SpellTag|GoodasGold|NastyPlot,ShadowBall,Protect,MakeItRain|Modest|||||50|]Garchomp||LifeOrb|RoughSkin|Earthquake,RockSlide,Protect,DragonClaw|Adamant||F|||50|]Incineroar||SitrusBerry|Intimidate|FakeOut,FlareBlitz,DarkestLariat,PartingShot|Impish||F|||50|]Milotic||Leftovers|Competitive|Coil,HydroPump,Hypnosis,Recover|Calm||F|||50|]Whimsicott||FocusSash|Prankster|Tailwind,Moonblast,Encore,Protect|Timid||M|||50|
|showteam|p2|Milotic||Leftovers|Competitive|Scald,IceBeam,MuddyWater,Protect|Modest||M|||50|]Lopunny||Lopunnite|Limber|FakeOut,IcePunch,CloseCombat,Protect|Jolly||F|||50|]Clefable||MentalHerb|MagicGuard|StealthRock,FollowMe,HealPulse,Protect|Impish||M|||50|]Kingambit||LifeOrb|Defiant|KowtowCleave,IronHead,SuckerPunch,Protect|Adamant||F|||50|]Meowstic||FocusSash|Prankster|RainDance,ThunderWave,FakeOut,Protect|Timid||M|||50|]Farigiraf||SitrusBerry|ArmorTail|TrickRoom,TwinBeam,Thunderbolt,HelpingHand|Quiet||F|||50|
|inactive|Battle timer is ON: inactive players will automatically lose when time's up. (requested by ajin22)
|
|t:|1784948762
|teamsize|p1|4
|teamsize|p2|4
|start
|switch|p1a: Raichu|Raichu, L50, M|100/100
|switch|p1b: Whimsicott|Whimsicott, L50, M|100/100
|switch|p2a: Lopunny|Lopunny, L50, F|100/100
|switch|p2b: Milotic|Milotic, L50, M|100/100
|turn|1
|inactive|kethhhhhh has 30 seconds left.
|
|t:|1784948794
|detailschange|p2a: Lopunny|Lopunny-Mega, L50, F
|-mega|p2a: Lopunny|Lopunny|Lopunnite
|move|p1b: Whimsicott|Protect|p1b: Whimsicott
|-singleturn|p1b: Whimsicott|Protect
|move|p1a: Raichu|Protect|p1a: Raichu
|-singleturn|p1a: Raichu|Protect
|move|p2a: Lopunny|Fake Out|p1a: Raichu
|-activate|p1a: Raichu|move: Protect
|move|p2b: Milotic|Ice Beam|p1b: Whimsicott
|-activate|p1b: Whimsicott|move: Protect
|
|upkeep
|turn|2
|
|t:|1784948812
|detailschange|p1a: Raichu|Raichu-Mega-Y, L50, M
|-mega|p1a: Raichu|Raichu|Raichunite Y
|move|p2a: Lopunny|Protect|p2a: Lopunny
|-singleturn|p2a: Lopunny|Protect
|move|p1b: Whimsicott|Tailwind|p1b: Whimsicott
|-sidestart|p1: ajin22|move: Tailwind
|move|p1a: Raichu|Focus Blast|p2a: Lopunny
|-activate|p2a: Lopunny|move: Protect
|move|p2b: Milotic|Ice Beam|p1b: Whimsicott
|-supereffective|p1b: Whimsicott|1
|-enditem|p1b: Whimsicott|Focus Sash
|-damage|p1b: Whimsicott|1/100
|-status|p1b: Whimsicott|frz
|
|upkeep
|turn|3
|
|t:|1784948828
|switch|p2a: Clefable|Clefable, L50, M|100/100
|move|p1a: Raichu|Focus Blast|p2a: Clefable
|-resisted|p2a: Clefable|1
|-damage|p2a: Clefable|79/100
|-unboost|p2a: Clefable|spd|1
|cant|p1b: Whimsicott|frz
|move|p2b: Milotic|Scald|p1a: Raichu
|-damage|p1a: Raichu|44/100
|
|upkeep
|turn|4
|
|t:|1784948843
|move|p1a: Raichu|Protect|p1a: Raichu
|-singleturn|p1a: Raichu|Protect
|move|p2a: Clefable|Follow Me|p2a: Clefable
|-singleturn|p2a: Clefable|move: Follow Me
|cant|p1b: Whimsicott|frz
|move|p2b: Milotic|Scald|p1a: Raichu
|-activate|p1a: Raichu|move: Protect
|
|upkeep
|turn|5
|
|t:|1784948855
|switch|p1a: Milotic|Milotic, L50, F|100/100
|-curestatus|p1b: Whimsicott|frz|[msg]
|move|p1b: Whimsicott|Protect|p1b: Whimsicott
|-singleturn|p1b: Whimsicott|Protect
|move|p2a: Clefable|Follow Me|p2a: Clefable
|-singleturn|p2a: Clefable|move: Follow Me
|move|p2b: Milotic|Scald|p1a: Milotic
|-resisted|p1a: Milotic|1
|-damage|p1a: Milotic|88/100
|-status|p1a: Milotic|brn
|
|-heal|p1a: Milotic|94/100 brn|[from] item: Leftovers
|-damage|p1a: Milotic|88/100 brn|[from] brn
|-sideend|p1: ajin22|move: Tailwind
|upkeep
|turn|6
|
|t:|1784948873
|move|p1b: Whimsicott|Tailwind|p1b: Whimsicott
|-sidestart|p1: ajin22|move: Tailwind
|move|p1a: Milotic|Coil|p1a: Milotic
|-boost|p1a: Milotic|atk|1
|-boost|p1a: Milotic|def|1
|-boost|p1a: Milotic|accuracy|1
|move|p2b: Milotic|Muddy Water|p1a: Milotic|[spread] p1a,p1b
|-resisted|p1a: Milotic|1
|-resisted|p1b: Whimsicott|1
|-damage|p1a: Milotic|78/100 brn
|-damage|p1b: Whimsicott|0 fnt
|faint|p1b: Whimsicott
|move|p2a: Clefable|Stealth Rock|p1a: Milotic
|-sidestart|p1: ajin22|move: Stealth Rock
|
|-heal|p1a: Milotic|84/100 brn|[from] item: Leftovers
|-damage|p1a: Milotic|78/100 brn|[from] brn
|upkeep
|
|t:|1784948881
|switch|p1b: Raichu|Raichu-Mega-Y, L50, M|44/100
|-damage|p1b: Raichu|32/100|[from] Stealth Rock
|turn|7
|
|t:|1784948887
|move|p1b: Raichu|Fake Out|p2b: Milotic
|-damage|p2b: Milotic|90/100
|move|p2a: Clefable|Follow Me|p2a: Clefable
|-singleturn|p2a: Clefable|move: Follow Me
|move|p1a: Milotic|Hypnosis|p2a: Clefable
|-status|p2a: Clefable|slp|[from] move: Hypnosis
|cant|p2b: Milotic|flinch
|
|-heal|p1a: Milotic|84/100 brn|[from] item: Leftovers
|-heal|p2b: Milotic|96/100|[from] item: Leftovers
|-damage|p1a: Milotic|78/100 brn|[from] brn
|upkeep
|turn|8
|
|t:|1784948906
|cant|p2a: Clefable|slp
|move|p1b: Raichu|Zap Cannon|p2b: Milotic
|-supereffective|p2b: Milotic|1
|-damage|p2b: Milotic|0 fnt
|faint|p2b: Milotic
|move|p1a: Milotic|Hydro Pump|p2a: Clefable
|-damage|p2a: Clefable|30/100 slp
|
|-heal|p1a: Milotic|84/100 brn|[from] item: Leftovers
|-damage|p1a: Milotic|78/100 brn|[from] brn
|upkeep
|
|t:|1784948913
|switch|p2b: Kingambit|Kingambit, L50, F|100/100
|turn|9
|
|t:|1784948925
|cant|p2a: Clefable|slp
|move|p2b: Kingambit|Sucker Punch|p1b: Raichu
|-crit|p1b: Raichu
|-damage|p1b: Raichu|0 fnt
|faint|p1b: Raichu
|-damage|p2b: Kingambit|90/100|[from] item: Life Orb
|move|p1a: Milotic|Coil|p1a: Milotic
|-boost|p1a: Milotic|atk|1
|-boost|p1a: Milotic|def|1
|-boost|p1a: Milotic|accuracy|1
|
|-heal|p1a: Milotic|84/100 brn|[from] item: Leftovers
|-damage|p1a: Milotic|78/100 brn|[from] brn
|-sideend|p1: ajin22|move: Tailwind
|upkeep
|
|t:|1784948928
|switch|p1b: Garchomp|Garchomp, L50, F|100/100
|-damage|p1b: Garchomp|93/100|[from] Stealth Rock
|turn|10
|
|t:|1784948941
|move|p2b: Kingambit|Sucker Punch||[still]
|-fail|p2b: Kingambit
|move|p1b: Garchomp|Earthquake|p2a: Clefable|[spread] p1a,p2a,p2b
|-supereffective|p2b: Kingambit|1
|-damage|p1a: Milotic|55/100 brn
|-damage|p2a: Clefable|0 fnt
|-damage|p2b: Kingambit|17/100
|faint|p2a: Clefable
|-damage|p1b: Garchomp|84/100|[from] item: Life Orb
|move|p1a: Milotic|Recover|p1a: Milotic
|-heal|p1a: Milotic|100/100 brn
|
|-damage|p1a: Milotic|94/100 brn|[from] brn
|upkeep
|
|t:|1784948946
|switch|p2a: Lopunny|Lopunny-Mega, L50, F|100/100
|turn|11
|inactive|kethhhhhh has 30 seconds left.
|
|t:|1784948972
|move|p2b: Kingambit|Protect|p2b: Kingambit
|-singleturn|p2b: Kingambit|Protect
|move|p2a: Lopunny|Ice Punch|p1b: Garchomp
|-supereffective|p1b: Garchomp|2
|-damage|p1b: Garchomp|0 fnt
|-damage|p2a: Lopunny|88/100|[from] ability: Rough Skin|[of] p1b: Garchomp
|faint|p1b: Garchomp
|move|p1a: Milotic|Hypnosis|p2a: Lopunny
|-status|p2a: Lopunny|slp|[from] move: Hypnosis
|
|-heal|p1a: Milotic|100/100 brn|[from] item: Leftovers
|-damage|p1a: Milotic|94/100 brn|[from] brn
|upkeep
|turn|12
|
|t:|1784948988
|cant|p2a: Lopunny|slp
|move|p1a: Milotic|Hydro Pump|p2b: Kingambit
|-damage|p2b: Kingambit|0 fnt
|faint|p2b: Kingambit
|
|-heal|p1a: Milotic|100/100 brn|[from] item: Leftovers
|-damage|p1a: Milotic|94/100 brn|[from] brn
|upkeep
|turn|13
|
|t:|1784948994
|cant|p2a: Lopunny|slp
|move|p1a: Milotic|Hydro Pump|p2a: Lopunny
|-damage|p2a: Lopunny|33/100 slp
|
|-heal|p1a: Milotic|100/100 brn|[from] item: Leftovers
|-damage|p1a: Milotic|94/100 brn|[from] brn
|upkeep
|turn|14
|
|t:|1784948999
|-curestatus|p2a: Lopunny|slp|[msg]
|move|p2a: Lopunny|Close Combat|p1a: Milotic
|-damage|p1a: Milotic|62/100 brn
|-unboost|p2a: Lopunny|def|1
|-unboost|p2a: Lopunny|spd|1
|move|p1a: Milotic|Hydro Pump|p2a: Lopunny
|-damage|p2a: Lopunny|0 fnt
|faint|p2a: Lopunny
|
|win|ajin22
|raw|ajin22's rating: 1079 → 1104(+25 for winning)
|raw|kethhhhhh's rating: 1043 → 1028(-15 for losing)
|l|☆kethhhhhh
|player|p2|
