|j|☆priviteran
|j|☆Alecat
|html|priviteranAlecat    
|uhtml|bestof|Game 2 of a best-of-3
|t:|1757761669
|gametype|doubles
|player|p1|priviteran|169|1076
|player|p2|Alecat|scientistf|1040
|gen|9
|tier|[Gen 9] VGC 2025 Reg H (Bo3)
|rated|
|rule|Species Clause: Limit one of each Pokémon
|rule|Item Clause: Limit 1 of each item
|clearpoke
|poke|p1|Gholdengo, L50|
|poke|p1|Incineroar, L50, F|
|poke|p1|Amoonguss, L50, M|
|poke|p1|Garchomp, L50, M|
|poke|p1|Kilowattrel, L50, M|
|poke|p1|Tyranitar, L50, F|
|poke|p2|Sneasler, L50, M|
|poke|p2|Magmar, L50, F|
|poke|p2|Rillaboom, L50, F|
|poke|p2|Espathra, L50, M|
|poke|p2|Kingambit, L50, M|
|poke|p2|Arcanine-Hisui, L50, F|
|teampreview|4
|showteam|p1|Gholdengo||MetalCoat|GoodasGold|MakeItRain,NastyPlot,ShadowBall,Protect||||||50|,,,,,Flying]Incineroar||SafetyGoggles|Intimidate|FakeOut,FlareBlitz,PartingShot,KnockOff|||F|||50|,,,,,Grass]Amoonguss||SitrusBerry|Regenerator|Spore,RagePowder,PollenPuff,Protect|||M|||50|,,,,,Water]Garchomp||LifeOrb|RoughSkin|DragonClaw,StompingTantrum,Earthquake,Protect|||M|||50|,,,,,Fire]Kilowattrel||CovertCloak|Competitive|AirSlash,Tailwind,Thunderbolt,Protect|||M|||50|,,,,,Fairy]Tyranitar||AssaultVest|SandStream|RockSlide,KnockOff,LowKick,TeraBlast|||F|||50|,,,,,Flying
|showteam|p2|Sneasler||FocusSash|Unburden|FakeOut,CloseCombat,DireClaw,Coaching|||M|||50|,,,,,Ghost]Magmar||Eviolite|VitalSpirit|FollowMe,HeatWave,Taunt,Protect|||F|||50|,,,,,Dragon]Rillaboom||AssaultVest|GrassySurge|FakeOut,WoodHammer,GrassyGlide,HighHorsepower|||F|||50|,,,,,Fire]Espathra||GrassySeed|SpeedBoost|StoredPower,TeraBlast,CalmMind,Protect|||M|||50|,,,,,Fighting]Kingambit||SafetyGoggles|Defiant|KowtowCleave,SuckerPunch,SwordsDance,Protect|||M|||50|,,,,,Dark]Arcanine-Hisui||LoadedDice|Intimidate|FlareBlitz,RockBlast,ExtremeSpeed,Protect|||F|||50|,,,,,Ghost
|inactive|Battle timer is ON: inactive players will automatically lose when time's up. (requested by Alecat)
|
|t:|1757761694
|teamsize|p1|4
|teamsize|p2|4
|start
|switch|p1a: Incineroar|Incineroar, L50, F|100/100
|switch|p1b: Gholdengo|Gholdengo, L50|100/100
|switch|p2a: Kingambit|Kingambit, L50, M|100/100
|switch|p2b: Magmar|Magmar, L50, F|100/100
|-ability|p1a: Incineroar|Intimidate|boost
|-unboost|p2a: Kingambit|atk|1
|-ability|p2a: Kingambit|Defiant|boost
|-boost|p2a: Kingambit|atk|2
|-unboost|p2b: Magmar|atk|1
|turn|1
|
|t:|1757761718
|switch|p1b: Garchomp|Garchomp, L50, M|100/100
|move|p2b: Magmar|Heat Wave|p1b: Garchomp|[spread] p1a
|-miss|p2b: Magmar|p1b: Garchomp
|-resisted|p1a: Incineroar
|-damage|p1a: Incineroar|88/100
|move|p1a: Incineroar|Knock Off|p2b: Magmar
|-damage|p2b: Magmar|50/100
|-enditem|p2b: Magmar|Eviolite|[from] move: Knock Off|[of] p1a: Incineroar
|move|p2a: Kingambit|Kowtow Cleave|p1b: Garchomp
|-damage|p1b: Garchomp|31/100
|-damage|p2a: Kingambit|88/100|[from] ability: Rough Skin|[of] p1b: Garchomp
|
|upkeep
|turn|2
|inactive|Alecat has 30 seconds left.
|inactive|priviteran has 30 seconds left.
|inactive|Alecat has 20 seconds left.
|
|t:|1757761758
|switch|p1b: Amoonguss|Amoonguss, L50, M|100/100
|switch|p2b: Rillaboom|Rillaboom, L50, F|100/100
|-fieldstart|move: Grassy Terrain|[from] ability: Grassy Surge|[of] p2b: Rillaboom
|-terastallize|p2a: Kingambit|Dark
|move|p1a: Incineroar|Flare Blitz|p2a: Kingambit
|-damage|p2a: Kingambit|47/100
|-status|p2a: Kingambit|brn
|-damage|p1a: Incineroar|74/100|[from] Recoil
|move|p2a: Kingambit|Kowtow Cleave|p1a: Incineroar
|-resisted|p1a: Incineroar
|-damage|p1a: Incineroar|51/100
|
|-heal|p1a: Incineroar|57/100|[from] Grassy Terrain
|-heal|p2a: Kingambit|53/100 brn|[from] Grassy Terrain
|-damage|p2a: Kingambit|47/100 brn|[from] brn
|upkeep
|turn|3
|inactive|priviteran has 30 seconds left.
|
|t:|1757761792
|move|p2b: Rillaboom|Fake Out|p1a: Incineroar
|-damage|p1a: Incineroar|43/100
|cant|p1a: Incineroar|flinch
|move|p2a: Kingambit|Swords Dance|p2a: Kingambit
|-boost|p2a: Kingambit|atk|2
|move|p1b: Amoonguss|Pollen Puff|p1a: Incineroar
|-heal|p1a: Incineroar|93/100
|
|-heal|p1a: Incineroar|99/100|[from] Grassy Terrain
|-heal|p2a: Kingambit|53/100 brn|[from] Grassy Terrain
|-damage|p2a: Kingambit|47/100 brn|[from] brn
|upkeep
|turn|4
|
|t:|1757761810
|switch|p2b: Magmar|Magmar, L50, F|50/100
|move|p2a: Kingambit|Protect|p2a: Kingambit
|-singleturn|p2a: Kingambit|Protect
|move|p1a: Incineroar|Flare Blitz|p2a: Kingambit
|-activate|p2a: Kingambit|move: Protect
|move|p1b: Amoonguss|Pollen Puff|p2a: Kingambit
|-activate|p2a: Kingambit|move: Protect
|
|-heal|p2b: Magmar|56/100|[from] Grassy Terrain
|-heal|p1a: Incineroar|100/100|[from] Grassy Terrain
|-heal|p2a: Kingambit|53/100 brn|[from] Grassy Terrain
|-damage|p2a: Kingambit|47/100 brn|[from] brn
|upkeep
|turn|5
|inactive|priviteran has 30 seconds left.
|
|t:|1757761843
|move|p2b: Magmar|Follow Me|p2b: Magmar
|-singleturn|p2b: Magmar|move: Follow Me
|move|p1b: Amoonguss|Rage Powder|p1b: Amoonguss
|-singleturn|p1b: Amoonguss|move: Rage Powder
|move|p1a: Incineroar|Flare Blitz|p2b: Magmar
|-resisted|p2b: Magmar
|-damage|p2b: Magmar|14/100
|-damage|p1a: Incineroar|89/100|[from] Recoil
|move|p2a: Kingambit|Kowtow Cleave|p1a: Incineroar
|-resisted|p1a: Incineroar
|-damage|p1a: Incineroar|53/100
|
|-heal|p2b: Magmar|20/100|[from] Grassy Terrain
|-heal|p1a: Incineroar|59/100|[from] Grassy Terrain
|-heal|p2a: Kingambit|53/100 brn|[from] Grassy Terrain
|-damage|p2a: Kingambit|47/100 brn|[from] brn
|upkeep
|turn|6
|
|t:|1757761858
|move|p2b: Magmar|Follow Me|p2b: Magmar
|-singleturn|p2b: Magmar|move: Follow Me
|move|p1a: Incineroar|Flare Blitz|p2b: Magmar
|-resisted|p2b: Magmar
|-damage|p2b: Magmar|0 fnt
|faint|p2b: Magmar
|-damage|p1a: Incineroar|53/100|[from] Recoil
|move|p2a: Kingambit|Kowtow Cleave|p1a: Incineroar
|-resisted|p1a: Incineroar
|-damage|p1a: Incineroar|11/100
|move|p1b: Amoonguss|Pollen Puff|p1a: Incineroar
|-heal|p1a: Incineroar|61/100
|
|-heal|p1a: Incineroar|67/100|[from] Grassy Terrain
|-heal|p2a: Kingambit|53/100 brn|[from] Grassy Terrain
|-damage|p2a: Kingambit|47/100 brn|[from] brn
|-fieldend|move: Grassy Terrain
|upkeep
|
|t:|1757761878
|switch|p2b: Rillaboom|Rillaboom, L50, F|100/100
|-fieldstart|move: Grassy Terrain|[from] ability: Grassy Surge|[of] p2b: Rillaboom
|turn|7
|
|t:|1757761895
|switch|p1a: Garchomp|Garchomp, L50, M|31/100
|move|p2b: Rillaboom|Fake Out|p1a: Garchomp
|-damage|p1a: Garchomp|17/100
|-damage|p2b: Rillaboom|88/100|[from] ability: Rough Skin|[of] p1a: Garchomp
|move|p2a: Kingambit|Kowtow Cleave|p1a: Garchomp
|-damage|p1a: Garchomp|0 fnt
|-damage|p2a: Kingambit|35/100 brn|[from] ability: Rough Skin|[of] p1a: Garchomp
|faint|p1a: Garchomp
|move|p1b: Amoonguss|Pollen Puff|p2a: Kingambit
|-supereffective|p2a: Kingambit
|-damage|p2a: Kingambit|0 fnt
|faint|p2a: Kingambit
|
|-heal|p2b: Rillaboom|94/100|[from] Grassy Terrain
|upkeep
|
|t:|1757761911
|switch|p1a: Incineroar|Incineroar, L50, F|67/100
|switch|p2a: Espathra|Espathra, L50, M, shiny|100/100
|-ability|p1a: Incineroar|Intimidate|boost
|-unboost|p2a: Espathra|atk|1
|-unboost|p2b: Rillaboom|atk|1
|-enditem|p2a: Espathra|Grassy Seed
|-boost|p2a: Espathra|def|1|[from] item: Grassy Seed
|turn|8
|
|t:|1757761928
|move|p2a: Espathra|Protect|p2a: Espathra
|-singleturn|p2a: Espathra|Protect
|move|p2b: Rillaboom|High Horsepower|p1a: Incineroar
|-supereffective|p1a: Incineroar
|-damage|p1a: Incineroar|25/100
|move|p1a: Incineroar|Knock Off|p2a: Espathra
|-activate|p2a: Espathra|move: Protect
|move|p1b: Amoonguss|Spore|p2a: Espathra
|-activate|p2a: Espathra|move: Protect
|
|-heal|p2b: Rillaboom|99/100|[from] Grassy Terrain
|-heal|p1a: Incineroar|31/100|[from] Grassy Terrain
|-ability|p2a: Espathra|Speed Boost|boost
|-boost|p2a: Espathra|spe|1
|upkeep
|turn|9
|
|t:|1757761953
|-terastallize|p1a: Incineroar|Grass
|move|p2a: Espathra|Stored Power|p1b: Amoonguss
|-supereffective|p1b: Amoonguss
|-damage|p1b: Amoonguss|67/100
|move|p2b: Rillaboom|High Horsepower|p1a: Incineroar
|-resisted|p1a: Incineroar
|-damage|p1a: Incineroar|20/100
|move|p1a: Incineroar|Flare Blitz|p2a: Espathra
|-damage|p2a: Espathra|62/100
|-status|p2a: Espathra|brn
|-damage|p1a: Incineroar|8/100|[from] Recoil
|move|p1b: Amoonguss|Spore||[still]
|-fail|p1b: Amoonguss
|
|-heal|p2a: Espathra|68/100 brn|[from] Grassy Terrain
|-heal|p2b: Rillaboom|100/100|[from] Grassy Terrain
|-heal|p1a: Incineroar|14/100|[from] Grassy Terrain
|-heal|p1b: Amoonguss|73/100|[from] Grassy Terrain
|-damage|p2a: Espathra|62/100 brn|[from] brn
|-ability|p2a: Espathra|Speed Boost|boost
|-boost|p2a: Espathra|spe|1
|upkeep
|turn|10
|inactive|priviteran has 30 seconds left.
|
|t:|1757761982
|switch|p1a: Gholdengo|Gholdengo, L50|100/100
|move|p2a: Espathra|Calm Mind|p2a: Espathra
|-boost|p2a: Espathra|spa|1
|-boost|p2a: Espathra|spd|1
|move|p2b: Rillaboom|Wood Hammer|p1a: Gholdengo
|-resisted|p1a: Gholdengo
|-damage|p1a: Gholdengo|73/100
|-damage|p2b: Rillaboom|93/100|[from] Recoil
|move|p1b: Amoonguss|Pollen Puff|p2a: Espathra
|-supereffective|p2a: Espathra
|-damage|p2a: Espathra|29/100 brn
|
|-heal|p2a: Espathra|35/100 brn|[from] Grassy Terrain
|-heal|p1a: Gholdengo|80/100|[from] Grassy Terrain
|-heal|p2b: Rillaboom|99/100|[from] Grassy Terrain
|-heal|p1b: Amoonguss|79/100|[from] Grassy Terrain
|-damage|p2a: Espathra|29/100 brn|[from] brn
|-ability|p2a: Espathra|Speed Boost|boost
|-boost|p2a: Espathra|spe|1
|upkeep
|turn|11
|inactive|priviteran has 30 seconds left.
|inactive|Alecat has 30 seconds left.
|
|t:|1757762013
|move|p2a: Espathra|Protect|p2a: Espathra
|-singleturn|p2a: Espathra|Protect
|move|p1a: Gholdengo|Shadow Ball|p2b: Rillaboom
|-damage|p2b: Rillaboom|69/100
|move|p2b: Rillaboom|High Horsepower|p1a: Gholdengo
|-supereffective|p1a: Gholdengo
|-damage|p1a: Gholdengo|34/100
|move|p1b: Amoonguss|Pollen Puff|p2b: Rillaboom
|-supereffective|p2b: Rillaboom
|-damage|p2b: Rillaboom|40/100
|
|-heal|p2a: Espathra|35/100 brn|[from] Grassy Terrain
|-heal|p1a: Gholdengo|41/100|[from] Grassy Terrain
|-heal|p2b: Rillaboom|46/100|[from] Grassy Terrain
|-heal|p1b: Amoonguss|85/100|[from] Grassy Terrain
|-damage|p2a: Espathra|29/100 brn|[from] brn
|-fieldend|move: Grassy Terrain
|-ability|p2a: Espathra|Speed Boost|boost
|-boost|p2a: Espathra|spe|1
|upkeep
|turn|12
|
|t:|1757762035
|switch|p1a: Incineroar|Incineroar, L50, F, tera:Grass|14/100
|-ability|p1a: Incineroar|Intimidate|boost
|-unboost|p2a: Espathra|atk|1
|-unboost|p2b: Rillaboom|atk|1
|move|p2a: Espathra|Stored Power|p1a: Incineroar
|-damage|p1a: Incineroar|0 fnt
|faint|p1a: Incineroar
|move|p2b: Rillaboom|High Horsepower|p1b: Amoonguss
|-damage|p1b: Amoonguss|69/100
|move|p1b: Amoonguss|Pollen Puff|p2a: Espathra
|-supereffective|p2a: Espathra
|-crit|p2a: Espathra
|-damage|p2a: Espathra|0 fnt
|faint|p2a: Espathra
|
|upkeep
|
|t:|1757762044
|switch|p1a: Gholdengo|Gholdengo, L50|41/100
|turn|13
|
|t:|1757762052
|move|p1a: Gholdengo|Shadow Ball|p2b: Rillaboom
|-damage|p2b: Rillaboom|14/100
|move|p2b: Rillaboom|High Horsepower|p1a: Gholdengo
|-supereffective|p1a: Gholdengo
|-damage|p1a: Gholdengo|6/100
|move|p1b: Amoonguss|Pollen Puff|p2b: Rillaboom
|-supereffective|p2b: Rillaboom
|-damage|p2b: Rillaboom|0 fnt
|faint|p2b: Rillaboom
|
|win|priviteran
||priviteran is ready for game 3.
||Alecat is ready for game 3.
|uhtml|next|Next: Game 3 of 3
|l|☆priviteran
|player|p1|
