|j|☆Sticky55
|j|☆echofire
|html|Sticky55echofire    
|uhtml|bestof|Game 1 of a best-of-3
|t:|1782502554
|gametype|doubles
|player|p1|Sticky55|169|1265
|player|p2|echofire|emma-lza|1349
|gen|9
|tier|[Gen 9 Champions] VGC 2026 Reg M-B (Bo3)
|rated|
|rule|Species Clause: Limit one of each Pokémon
|rule|Item Clause: Limit 1 of each item
|clearpoke
|poke|p1|Blaziken, L50, M|
|poke|p1|Sneasler, L50, M|
|poke|p1|Aerodactyl, L50, M|
|poke|p1|Sinistcha, L50|
|poke|p1|Kingambit, L50, M|
|poke|p1|Floette-Eternal, L50, F|
|poke|p2|Swampert, L50, M, shiny|
|poke|p2|Archaludon, L50, F, shiny|
|poke|p2|Pelipper, L50, M, shiny|
|poke|p2|Metagross, L50, shiny|
|poke|p2|Sinistcha-Masterpiece, L50, shiny|
|poke|p2|Grimmsnarl, L50, M, shiny|
|teampreview|4
|showteam|p1|Blaziken||LifeOrb|SpeedBoost|FlareBlitz,CloseCombat,Protect,RockSlide|Adamant||M|||50|]Sneasler||WhiteHerb|Unburden|DireClaw,CloseCombat,Protect,FakeOut|Adamant||M|||50|]Aerodactyl||Aerodactylite|Unnerve|IceFang,Tailwind,DualWingbeat,RockSlide|Jolly||M|||50|]Sinistcha||SitrusBerry|Hospitality|MatchaGotcha,Protect,TrickRoom,RagePowder|Bold|||||50|]Kingambit||BlackGlasses|Defiant|Protect,SuckerPunch,KowtowCleave,SwordsDance|Adamant||M|||50|]Floette-Eternal||Floettite|FlowerVeil|DazzlingGleam,Moonblast,Protect,CalmMind|Modest||F|||50|
|showteam|p2|Swampert||Swampertite|Damp|WaveCrash,Earthquake,IcePunch,Protect|Adamant||M|||50|]Archaludon||Leftovers|Stamina|ElectroShot,DragonPulse,FlashCannon,Protect|Calm||F|||50|]Pelipper||DampRock|Drizzle|Hurricane,Tailwind,WeatherBall,Protect|Calm||M|||50|]Metagross||Metagrossite|ClearBody|MeteorMash,BulletPunch,PsychicFangs,Protect|Adamant|||||50|]Sinistcha-Masterpiece||SitrusBerry|Hospitality|MatchaGotcha,LifeDew,RagePowder,Protect|Bold|||||50|]Grimmsnarl||LightClay|Prankster|SpiritBreak,PartingShot,Reflect,LightScreen|Careful||M|||50|
|inactive|Battle timer is ON: inactive players will automatically lose when time's up. (requested by Sticky55)
|inactive|Sticky55 has 60 seconds left.
|inactive|echofire has 60 seconds left.
|
|t:|1782502612
|teamsize|p1|4
|teamsize|p2|4
|start
|switch|p1a: Sneasler|Sneasler, L50, M|100/100
|switch|p1b: Floette|Floette-Eternal, L50, F|100/100
|switch|p2a: Lil man man|Swampert, L50, M, shiny|100/100
|switch|p2b: Grinch|Grimmsnarl, L50, M, shiny|100/100
|turn|1
|inactive|Sticky55 has 30 seconds left.
|
|t:|1782502646
|detailschange|p1b: Floette|Floette-Mega, L50, F
|-mega|p1b: Floette|Floette|Floettite
|-ability|p1b: Floette|Fairy Aura
|move|p2a: Lil man man|Protect|p2a: Lil man man
|-singleturn|p2a: Lil man man|Protect
|move|p1a: Sneasler|Fake Out|p2b: Grinch
|-crit|p2b: Grinch
|-damage|p2b: Grinch|76/100
|cant|p2b: Grinch|flinch
|move|p1b: Floette|Calm Mind|p1b: Floette
|-boost|p1b: Floette|spa|1
|-boost|p1b: Floette|spd|1
|
|upkeep
|turn|2
|inactive|Sticky55 has 30 seconds left.
|inactive|echofire has 30 seconds left.
|
|t:|1782502677
|detailschange|p2a: Lil man man|Swampert-Mega, L50, M, shiny
|-mega|p2a: Lil man man|Swampert|Swampertite
|move|p1b: Floette|Protect|p1b: Floette
|-singleturn|p1b: Floette|Protect
|move|p2b: Grinch|Parting Shot|p1a: Sneasler
|-unboost|p1a: Sneasler|atk|1
|-unboost|p1a: Sneasler|spa|1
|
|t:|1782502684
|switch|p2b: Jonathan Pepper|Pelipper, L50, M, shiny|100/100|[from] Parting Shot
|-enditem|p1a: Sneasler|White Herb
|-clearnegativeboost|p1a: Sneasler|[silent]
|-weather|RainDance|[from] ability: Drizzle|[of] p2b: Jonathan Pepper
|move|p1a: Sneasler|Close Combat|p2a: Lil man man
|-damage|p2a: Lil man man|43/100
|-unboost|p1a: Sneasler|def|1
|-unboost|p1a: Sneasler|spd|1
|move|p2a: Lil man man|Ice Punch|p1a: Sneasler
|-damage|p1a: Sneasler|14/100
|
|-weather|RainDance|[upkeep]
|upkeep
|turn|3
|inactive|Sticky55 has 30 seconds left.
|
|t:|1782502709
|move|p2a: Lil man man|Protect|p2a: Lil man man
|-singleturn|p2a: Lil man man|Protect
|move|p1a: Sneasler|Close Combat|p2a: Lil man man
|-activate|p2a: Lil man man|move: Protect
|move|p1b: Floette|Moonblast|p2b: Jonathan Pepper
|-damage|p2b: Jonathan Pepper|0 fnt
|faint|p2b: Jonathan Pepper
|
|-weather|RainDance|[upkeep]
|upkeep
|
|t:|1782502719
|switch|p2b: Grinch|Grimmsnarl, L50, M, shiny|76/100
|turn|4
|inactive|Sticky55 has 30 seconds left.
|inactive|Sticky55 has 20 seconds left.
|inactive|Sticky55 has 15 seconds left.
|
|t:|1782502763
|move|p2b: Grinch|Reflect|p2b: Grinch
|-sidestart|p2: echofire|Reflect
|move|p1a: Sneasler|Close Combat|p2a: Lil man man
|-damage|p2a: Lil man man|2/100
|-unboost|p1a: Sneasler|def|1
|-unboost|p1a: Sneasler|spd|1
|move|p2a: Lil man man|Wave Crash|p1b: Floette
|-damage|p1b: Floette|0 fnt
|faint|p1b: Floette
|-damage|p2a: Lil man man|0 fnt|[from] Recoil
|faint|p2a: Lil man man
|
|-weather|RainDance|[upkeep]
|upkeep
|
|t:|1782502784
|switch|p1b: Sinistcha|Sinistcha, L50|100/100
|switch|p2a: Golden Gate|Archaludon, L50, F, shiny|100/100
|-heal|p1a: Sneasler|38/100|[from] ability: Hospitality|[of] p1b: Sinistcha
|turn|5
|inactive|Sticky55 has 30 seconds left.
|inactive|Sticky55 has 20 seconds left.
|inactive|Sticky55 has 15 seconds left.
|
|t:|1782502825
|move|p1b: Sinistcha|Protect|p1b: Sinistcha
|-singleturn|p1b: Sinistcha|Protect
|move|p1a: Sneasler|Dire Claw|p2b: Grinch
|-supereffective|p2b: Grinch|1
|-damage|p2b: Grinch|20/100y
|-status|p2b: Grinch|slp
|move|p2a: Golden Gate|Electro Shot||[still]
|-prepare|p2a: Golden Gate|Electro Shot
|-boost|p2a: Golden Gate|spa|1
|-anim|p2a: Golden Gate|Electro Shot|p1a: Sneasler
|-damage|p1a: Sneasler|0 fnt
|faint|p1a: Sneasler
|cant|p2b: Grinch|slp
|
|-weather|RainDance|[upkeep]
|upkeep
|
|t:|1782502838
|switch|p1a: Kingambit|Kingambit, L50, M|100/100
|turn|6
|
|t:|1782502852
|move|p1b: Sinistcha|Rage Powder|p1b: Sinistcha
|-singleturn|p1b: Sinistcha|move: Rage Powder
|move|p2a: Golden Gate|Electro Shot||[still]
|-prepare|p2a: Golden Gate|Electro Shot
|-boost|p2a: Golden Gate|spa|1
|-anim|p2a: Golden Gate|Electro Shot|p1b: Sinistcha
|-resisted|p1b: Sinistcha|1
|-damage|p1b: Sinistcha|65/100
|-curestatus|p2b: Grinch|slp|[msg]
|move|p2b: Grinch|Spirit Break|p1b: Sinistcha
|-damage|p1b: Sinistcha|39/100
|-unboost|p1b: Sinistcha|spa|1
|-enditem|p1b: Sinistcha|Sitrus Berry|[eat]
|-heal|p1b: Sinistcha|64/100|[from] item: Sitrus Berry
|move|p1a: Kingambit|Swords Dance|p1a: Kingambit
|-boost|p1a: Kingambit|atk|2
|
|-weather|RainDance|[upkeep]
|upkeep
|turn|7
|inactive|Sticky55 has 30 seconds left.
|inactive|echofire has 30 seconds left.
|inactive|Sticky55 has 20 seconds left.
|inactive|Sticky55 has 15 seconds left.
|
|t:|1782502894
|move|p1b: Sinistcha|Rage Powder|p1b: Sinistcha
|-singleturn|p1b: Sinistcha|move: Rage Powder
|move|p2b: Grinch|Light Screen|p2b: Grinch
|-sidestart|p2: echofire|move: Light Screen
|move|p2a: Golden Gate|Electro Shot||[still]
|-prepare|p2a: Golden Gate|Electro Shot
|-boost|p2a: Golden Gate|spa|1
|-anim|p2a: Golden Gate|Electro Shot|p1b: Sinistcha
|-resisted|p1b: Sinistcha|1
|-damage|p1b: Sinistcha|19/100
|move|p1a: Kingambit|Swords Dance|p1a: Kingambit
|-boost|p1a: Kingambit|atk|2
|
|-weather|RainDance|[upkeep]
|upkeep
|turn|8
|inactive|Sticky55 has 30 seconds left.
|inactive|Sticky55 has 20 seconds left.
|inactive|Sticky55 has 15 seconds left.
|inactive|Sticky55 has 10 seconds left.
|inactive|echofire has 30 seconds left.
|inactive|Sticky55 has 5 seconds left.
|
|t:|1782502944
|move|p2a: Golden Gate|Protect|p2a: Golden Gate
|-singleturn|p2a: Golden Gate|Protect
|move|p1b: Sinistcha|Protect|p1b: Sinistcha
|-singleturn|p1b: Sinistcha|Protect
|move|p1a: Kingambit|Protect|p1a: Kingambit
|-singleturn|p1a: Kingambit|Protect
|move|p2b: Grinch|Spirit Break|p1b: Sinistcha
|-activate|p1b: Sinistcha|move: Protect
|
|-weather|RainDance|[upkeep]
|upkeep
|turn|9
|inactive|Sticky55 has 30 seconds left.
|
|t:|1782502973
|move|p2a: Golden Gate|Protect|p2a: Golden Gate
|-singleturn|p2a: Golden Gate|Protect
|move|p1b: Sinistcha|Rage Powder|p1b: Sinistcha
|-singleturn|p1b: Sinistcha|move: Rage Powder
|move|p1a: Kingambit|Sucker Punch|p2b: Grinch
|-resisted|p2b: Grinch|2
|-damage|p2b: Grinch|0 fnt
|faint|p2b: Grinch
|
|-weather|none
|upkeep
|turn|10
|-message|echofire forfeited.
|
|win|Sticky55
|l|☆echofire
|player|p2|
||echofire is ready for game 2.
||Sticky55 is ready for game 2.
|uhtml|next|Next: Game 2 of 3
