|j|☆randomsnore_gam
|j|☆abadanriyi92
|html|randomsnore_gamabadanriyi92    
|uhtml|bestof|Game 2 of a best-of-3
|t:|1784598815
|gametype|doubles
|player|p1|randomsnore_gam|chili|1276
|player|p2|abadanriyi92|colress|1267
|gen|9
|tier|[Gen 9 Champions] VGC 2026 Reg M-B (Bo3)
|rated|
|rule|Species Clause: Limit one of each Pokémon
|rule|Item Clause: Limit 1 of each item
|clearpoke
|poke|p1|Chandelure, L50, M|
|poke|p1|Whimsicott, L50, F|
|poke|p1|Rotom-Wash, L50|
|poke|p1|Garchomp, L50, F|
|poke|p1|Annihilape, L50, M|
|poke|p1|Kingambit, L50, F|
|poke|p2|Venusaur, L50, F|
|poke|p2|Grimmsnarl, L50, M|
|poke|p2|Politoed, L50, F|
|poke|p2|Archaludon, L50, M|
|poke|p2|Kingambit, L50, F|
|poke|p2|Aerodactyl, L50, F|
|teampreview|4
|showteam|p1|Chandelure||Chandelurite|FlashFire|HeatWave,ShadowBall,EnergyBall,Protect|Modest||M|||50|]Whimsicott||FairyFeather|Prankster|Moonblast,Tailwind,SunnyDay,Protect|Timid||F|||50|]Rotom-Wash||Leftovers|Levitate|HydroPump,VoltSwitch,WillOWisp,Protect|Calm|||||50|]Garchomp||LifeOrb|RoughSkin|StompingTantrum,DragonClaw,RockSlide,Protect|Jolly||F|||50|]Annihilape||ChoiceScarf|Defiant|CloseCombat,PhantomForce,Coaching,FirePunch|Jolly||M|||50|]Kingambit||FocusSash|Defiant|SuckerPunch,KowtowCleave,IronHead,Protect|Adamant||F|||50|
|showteam|p2|Venusaur||Venusaurite|Chlorophyll|GigaDrain,SludgeBomb,EarthPower,Protect|Modest||F|||50|]Grimmsnarl||LightClay|Prankster|PartingShot,Reflect,LightScreen,FoulPlay|Relaxed||M|||50|]Politoed||SitrusBerry|Drizzle|WeatherBall,PerishSong,Encore,Protect|Sassy||F|||50|]Archaludon||Leftovers|Stamina|ElectroShot,FlashCannon,DracoMeteor,Protect|Modest||M|||50|]Kingambit||BlackGlasses|Defiant|KowtowCleave,SuckerPunch,SwordsDance,Protect|Brave||F|||50|]Aerodactyl||Aerodactylite|Unnerve|RockSlide,DualWingbeat,Tailwind,Protect|Jolly||F|||50|
|inactive|Battle timer is ON: inactive players will automatically lose when time's up. (requested by randomsnore_gam)
|
|t:|1784598837
|teamsize|p1|4
|teamsize|p2|4
|start
|switch|p1a: Hufflepuff|Whimsicott, L50, F|100/100
|switch|p1b: Checkmate!|Kingambit, L50, F|100/100
|switch|p2a: Grimmsnarl|Grimmsnarl, L50, M|100/100
|switch|p2b: Venusaur|Venusaur, L50, F|100/100
|turn|1
|inactive|abadanriyi92 has 30 seconds left.
|
|t:|1784598862
|detailschange|p2b: Venusaur|Venusaur-Mega, L50, F
|-mega|p2b: Venusaur|Venusaur|Venusaurite
|move|p2a: Grimmsnarl|Reflect|p2a: Grimmsnarl
|-sidestart|p2: abadanriyi92|Reflect
|move|p1a: Hufflepuff|Moonblast|p2a: Grimmsnarl
|-supereffective|p2a: Grimmsnarl|1
|-damage|p2a: Grimmsnarl|15/100
|move|p2b: Venusaur|Earth Power|p1b: Checkmate!
|-supereffective|p1b: Checkmate!|1
|-damage|p1b: Checkmate!|20/100r
|-unboost|p1b: Checkmate!|spd|1
|-ability|p1b: Checkmate!|Defiant|boost
|-boost|p1b: Checkmate!|atk|2
|move|p1b: Checkmate!|Iron Head|p2a: Grimmsnarl
|-supereffective|p2a: Grimmsnarl|1
|-damage|p2a: Grimmsnarl|0 fnt
|faint|p2a: Grimmsnarl
|
|upkeep
|
|t:|1784598878
|switch|p2a: Archaludon|Archaludon, L50, M|100/100
|turn|2
|
|t:|1784598896
|move|p1a: Hufflepuff|Tailwind|p1a: Hufflepuff
|-sidestart|p1: randomsnore_gam|move: Tailwind
|move|p1b: Checkmate!|Kowtow Cleave|p2a: Archaludon
|-damage|p2a: Archaludon|47/100
|-ability|p2a: Archaludon|Stamina|boost
|-boost|p2a: Archaludon|def|1
|move|p2a: Archaludon|Flash Cannon|p1a: Hufflepuff
|-supereffective|p1a: Hufflepuff|1
|-damage|p1a: Hufflepuff|0 fnt
|faint|p1a: Hufflepuff
|move|p2b: Venusaur|Earth Power|p1b: Checkmate!
|-supereffective|p1b: Checkmate!|1
|-damage|p1b: Checkmate!|0 fnt
|faint|p1b: Checkmate!
|
|-heal|p2a: Archaludon|53/100|[from] item: Leftovers
|upkeep
|
|t:|1784598901
|switch|p1a: Woah...|Chandelure, L50, M|100/100
|switch|p1b: CHOMP CHOMP!|Garchomp, L50, F|100/100
|turn|3
|inactive|abadanriyi92 has 30 seconds left.
|
|t:|1784598936
|switch|p2b: Politoed|Politoed, L50, F|100/100
|-weather|RainDance|[from] ability: Drizzle|[of] p2b: Politoed
|detailschange|p1a: Woah...|Chandelure-Mega, L50, M
|-mega|p1a: Woah...|Chandelure|Chandelurite
|move|p1b: CHOMP CHOMP!|Dragon Claw|p2b: Politoed
|-damage|p2b: Politoed|67/100
|-damage|p1b: CHOMP CHOMP!|90/100|[from] item: Life Orb
|move|p1a: Woah...|Shadow Ball|p2b: Politoed
|-damage|p2b: Politoed|28/100
|-enditem|p2b: Politoed|Sitrus Berry|[eat]
|-heal|p2b: Politoed|53/100|[from] item: Sitrus Berry
|move|p2a: Archaludon|Draco Meteor|p1b: CHOMP CHOMP!
|-supereffective|p1b: CHOMP CHOMP!|1
|-damage|p1b: CHOMP CHOMP!|0 fnt
|-unboost|p2a: Archaludon|spa|2
|faint|p1b: CHOMP CHOMP!
|
|-weather|RainDance|[upkeep]
|-heal|p2a: Archaludon|59/100|[from] item: Leftovers
|upkeep
|turn|4
|inactive|abadanriyi92 has 30 seconds left.
|
|t:|1784598963
|move|p1a: Woah...|Shadow Ball|p2a: Archaludon
|-damage|p2a: Archaludon|5/100
|-ability|p2a: Archaludon|Stamina|boost
|-boost|p2a: Archaludon|def|1
|move|p2a: Archaludon|Electro Shot||[still]
|-prepare|p2a: Archaludon|Electro Shot
|-boost|p2a: Archaludon|spa|1
|-anim|p2a: Archaludon|Electro Shot|p1a: Woah...
|-damage|p1a: Woah...|69/100
|move|p2b: Politoed|Perish Song|p2b: Politoed
|-start|p1a: Woah...|perish3|[silent]
|-start|p2a: Archaludon|perish3|[silent]
|-start|p2b: Politoed|perish3|[silent]
|-fieldactivate|move: Perish Song
|
|-weather|RainDance|[upkeep]
|-heal|p2a: Archaludon|11/100|[from] item: Leftovers
|-start|p1a: Woah...|perish3
|-start|p2a: Archaludon|perish3
|-start|p2b: Politoed|perish3
|upkeep
|turn|5
|-message|randomsnore_gam forfeited.
|
|win|abadanriyi92
|raw|randomsnore_gam's rating: 1276 → 1250(-26 for losing)
|raw|abadanriyi92's rating: 1267 → 1293(+26 for winning)
|l|☆randomsnore_gam
|player|p1|
