|j|☆asmrticuno
|j|☆J4MBLERVGC
|html|asmrticunoJ4MBLERVGC    
|uhtml|bestof|Game 1 of a best-of-3
|t:|1783448598
|gametype|doubles
|player|p1|asmrticuno|roughneck-gen4|
|player|p2|J4MBLERVGC|brycenman|
|gen|9
|tier|[Gen 9 Champions] VGC 2026 Reg M-B (Bo3)
|rule|Species Clause: Limit one of each Pokémon
|rule|Item Clause: Limit 1 of each item
|clearpoke
|poke|p1|Pyroar, L50, M|
|poke|p1|Sylveon, L50, F, shiny|
|poke|p1|Manectric, L50, M|
|poke|p1|Gyarados, L50, M, shiny|
|poke|p1|Zoroark-Hisui, L50, F, shiny|
|poke|p1|Whimsicott, L50, F|
|poke|p2|Grimmsnarl, L50, M|
|poke|p2|Pelipper, L50, F|
|poke|p2|Sinistcha, L50|
|poke|p2|Swampert, L50, F|
|poke|p2|Archaludon, L50, F|
|poke|p2|Metagross, L50|
|teampreview|4
|showteam|p1|Pyroar||Pyroarite|Unnerve|HeatWave,Round,WillOWisp,Protect|Timid||M|||50|]Sylveon||FairyFeather|Pixilate|HyperVoice,Round,WeatherBall,Detect|Modest||F|||50|]Manectric||Manectite|LightningRod|VoltSwitch,Snarl,Round,Protect|Timid||M|||50|]Gyarados||Leftovers|Intimidate|Waterfall,PowerWhip,DragonDance,Protect|Adamant||M|||50|]Zoroark-Hisui||ChoiceScarf|Illusion|HyperVoice,Round,BitterMalice,Flamethrower|Modest||F|||50|]Whimsicott||FocusSash|Prankster|Moonblast,Tailwind,SunnyDay,Protect|Timid||F|||50|
|showteam|p2|Grimmsnarl||LightClay|Prankster|FoulPlay,PartingShot,Reflect,LightScreen|Calm||M|||50|]Pelipper||SitrusBerry|Drizzle|Hurricane,WeatherBall,Tailwind,WideGuard|Timid||F|||50|]Sinistcha||CobaBerry|Hospitality|MatchaGotcha,RagePowder,LifeDew,Protect|Bold|||||50|]Swampert||Swampertite|Torrent|WaveCrash,Earthquake,IcePunch,Protect|Adamant||F|||50|]Archaludon||Leftovers|Stamina|ElectroShot,DragonPulse,FlashCannon,Protect|Modest||F|||50|]Metagross||Metagrossite|ClearBody|IronHead,PsychicFangs,BodyPress,Protect|Jolly|||||50|
|j| Draxolotl
|j| Squirly
|
|t:|1783448658
|teamsize|p1|4
|teamsize|p2|4
|start
|switch|p1a: Gyarados|Gyarados, L50, M, shiny|100/100
|switch|p1b: Manectric|Manectric, L50, M|100/100
|switch|p2a: Grimmsnarl|Grimmsnarl, L50, M|100/100
|switch|p2b: Archaludon|Archaludon, L50, F|100/100
|-ability|p1a: Gyarados|Intimidate|boost
|-unboost|p2a: Grimmsnarl|atk|1
|-unboost|p2b: Archaludon|atk|1
|turn|1
|l| Squirly
|
|t:|1783448710
|move|p2b: Archaludon|Protect|p2b: Archaludon
|-singleturn|p2b: Archaludon|Protect
|move|p2a: Grimmsnarl|Reflect|p2a: Grimmsnarl
|-sidestart|p2: J4MBLERVGC|Reflect
|move|p1b: Manectric|Snarl|p2a: Grimmsnarl|[spread] p2a
|-activate|p2b: Archaludon|move: Protect
|-resisted|p2a: Grimmsnarl|2
|-damage|p2a: Grimmsnarl|97/100
|-unboost|p2a: Grimmsnarl|spa|1
|move|p1a: Gyarados|Dragon Dance|p1a: Gyarados
|-boost|p1a: Gyarados|atk|1
|-boost|p1a: Gyarados|spe|1
|
|upkeep
|turn|2
|j| Squirly
|
|t:|1783448729
|move|p2a: Grimmsnarl|Parting Shot|p1a: Gyarados
|-unboost|p1a: Gyarados|atk|1
|-unboost|p1a: Gyarados|spa|1
|
|t:|1783448732
|switch|p2a: Pelipper|Pelipper, L50, F|100/100|[from] Parting Shot
|-weather|RainDance|[from] ability: Drizzle|[of] p2a: Pelipper
|move|p1a: Gyarados|Dragon Dance|p1a: Gyarados
|-boost|p1a: Gyarados|atk|1
|-boost|p1a: Gyarados|spe|1
|move|p1b: Manectric|Snarl|p2a: Pelipper|[spread] p2a,p2b
|-damage|p2a: Pelipper|81/100
|-damage|p2b: Archaludon|89/100
|-unboost|p2a: Pelipper|spa|1
|-unboost|p2b: Archaludon|spa|1
|-ability|p2b: Archaludon|Stamina|boost
|-boost|p2b: Archaludon|def|1
|move|p2b: Archaludon|Electro Shot||[still]
|-activate|p1b: Manectric|ability: Lightning Rod
|-prepare|p2b: Archaludon|Electro Shot
|-boost|p2b: Archaludon|spa|1
|-anim|p2b: Archaludon|Electro Shot|p1b: Manectric
|-ability|p1b: Manectric|Lightning Rod|boost
|-boost|p1b: Manectric|spa|1
|
|-weather|RainDance|[upkeep]
|-heal|p2b: Archaludon|95/100|[from] item: Leftovers
|upkeep
|turn|3
|
|t:|1783448787
|switch|p2a: Swampert|Swampert, L50, F|100/100
|switch|p2b: Grimmsnarl|Grimmsnarl, L50, M|97/100
|move|p1a: Gyarados|Power Whip|p2a: Swampert
|-supereffective|p2a: Swampert|2
|-damage|p2a: Swampert|0 fnt
|faint|p2a: Swampert
|move|p1b: Manectric|Snarl|p2b: Grimmsnarl|[miss]
|-miss|p1b: Manectric|p2b: Grimmsnarl
|
|-weather|RainDance|[upkeep]
|upkeep
|
|t:|1783448809
|switch|p2a: Archaludon|Archaludon, L50, F|95/100
|turn|4
|
|t:|1783448829
|move|p1a: Gyarados|Dragon Dance|p1a: Gyarados
|-boost|p1a: Gyarados|atk|1
|-boost|p1a: Gyarados|spe|1
|move|p1b: Manectric|Snarl|p2b: Grimmsnarl|[spread] p2a,p2b
|-resisted|p2b: Grimmsnarl|2
|-damage|p2a: Archaludon|79/100
|-damage|p2b: Grimmsnarl|95/100
|-unboost|p2a: Archaludon|spa|1
|-unboost|p2b: Grimmsnarl|spa|1
|-ability|p2a: Archaludon|Stamina|boost
|-boost|p2a: Archaludon|def|1
|move|p2a: Archaludon|Dragon Pulse|p1b: Manectric
|-damage|p1b: Manectric|59/100
|move|p2b: Grimmsnarl|Foul Play|p1a: Gyarados
|-damage|p1a: Gyarados|0 fnt
|faint|p1a: Gyarados
|
|-weather|RainDance|[upkeep]
|-heal|p2a: Archaludon|84/100|[from] item: Leftovers
|upkeep
|
|t:|1783448840
|switch|p1a: Sylveon|Sylveon, L50, F, shiny|100/100
|turn|5
|
|t:|1783448863
|move|p2a: Archaludon|Protect|p2a: Archaludon
|-singleturn|p2a: Archaludon|Protect
|move|p2b: Grimmsnarl|Light Screen|p2b: Grimmsnarl
|-sidestart|p2: J4MBLERVGC|move: Light Screen
|move|p1b: Manectric|Round|p2a: Archaludon
|-activate|p2a: Archaludon|move: Protect
|move|p1a: Sylveon|Round|p2a: Archaludon|[from] move: Round
|-activate|p2a: Archaludon|move: Protect
|
|-weather|RainDance|[upkeep]
|-heal|p2a: Archaludon|90/100|[from] item: Leftovers
|upkeep
|turn|6
|j| Supermoon Jamie
|
|t:|1783448899
|move|p1b: Manectric|Round|p2a: Archaludon
|-resisted|p2a: Archaludon|1
|-damage|p2a: Archaludon|83/100
|-ability|p2a: Archaludon|Stamina|boost
|-boost|p2a: Archaludon|def|1
|move|p1a: Sylveon|Round|p2a: Archaludon|[from] move: Round
|-damage|p2a: Archaludon|22/100
|-ability|p2a: Archaludon|Stamina|boost
|-boost|p2a: Archaludon|def|1
|move|p2a: Archaludon|Flash Cannon|p1a: Sylveon
|-supereffective|p1a: Sylveon|1
|-damage|p1a: Sylveon|66/100
|move|p2b: Grimmsnarl|Foul Play|p1b: Manectric
|-damage|p1b: Manectric|22/100
|
|-weather|none
|-heal|p2a: Archaludon|28/100|[from] item: Leftovers
|upkeep
|turn|7
|l| Draxolotl
|
|t:|1783448933
|move|p2a: Archaludon|Protect|p2a: Archaludon
|-singleturn|p2a: Archaludon|Protect
|move|p2b: Grimmsnarl|Parting Shot|p1b: Manectric
|-unboost|p1b: Manectric|atk|1
|-unboost|p1b: Manectric|spa|1
|j| Draxolotl
|
|t:|1783448940
|switch|p2b: Pelipper|Pelipper, L50, F|81/100|[from] Parting Shot
|-weather|RainDance|[from] ability: Drizzle|[of] p2b: Pelipper
|move|p1b: Manectric|Round|p2b: Pelipper
|-damage|p2b: Pelipper|64/100
|move|p1a: Sylveon|Round|p2b: Pelipper|[from] move: Round
|-damage|p2b: Pelipper|0 fnt
|faint|p2b: Pelipper
|
|-weather|RainDance|[upkeep]
|-heal|p2a: Archaludon|34/100|[from] item: Leftovers
|upkeep
|
|t:|1783448948
|switch|p2b: Grimmsnarl|Grimmsnarl, L50, M|95/100
|turn|8
|
|t:|1783448966
|move|p1b: Manectric|Round|p2b: Grimmsnarl
|-damage|p2b: Grimmsnarl|87/100
|move|p1a: Sylveon|Round|p2a: Archaludon|[from] move: Round
|-damage|p2a: Archaludon|0 fnt
|faint|p2a: Archaludon
|move|p2b: Grimmsnarl|Foul Play|p1a: Sylveon
|-resisted|p1a: Sylveon|1
|-damage|p1a: Sylveon|53/100
|
|-weather|RainDance|[upkeep]
|-sideend|p2: J4MBLERVGC|Reflect
|upkeep
|turn|9
|l| Draxolotl
|
|t:|1783448977
|move|p1b: Manectric|Round|p2b: Grimmsnarl
|-damage|p2b: Grimmsnarl|78/100
|move|p1a: Sylveon|Round|p2b: Grimmsnarl|[from] move: Round
|-supereffective|p2b: Grimmsnarl|1
|-damage|p2b: Grimmsnarl|0 fnt
|faint|p2b: Grimmsnarl
|
|win|asmrticuno
||J4MBLERVGC is ready for game 2.
|inactive|asmrticuno has 30 seconds to confirm battle start!
||asmrticuno is ready for game 2.
|uhtml|next|Next: Game 2 of 3
|j| Draxolotl
|l| Draxolotl
|l| Squirly
|j| Draxolotl
|l| Draxolotl
|l| Supermoon Jamie
