|j|☆Cunning63
|j|☆Panexeri
|html|Cunning63Panexeri    
|uhtml|bestof|Game 2 of a best-of-3
|t:|1756933426
|gametype|doubles
|player|p1|Cunning63|palmer|1103
|player|p2|Panexeri|guitarist|1082
|gen|9
|tier|[Gen 9] VGC 2025 Reg H (Bo3)
|rated|
|rule|Species Clause: Limit one of each Pokémon
|rule|Item Clause: Limit 1 of each item
|clearpoke
|poke|p1|Archaludon, L50, F|
|poke|p1|Amoonguss, L50, F|
|poke|p1|Politoed, L50, F|
|poke|p1|Maushold-Four, L50|
|poke|p1|Ursaluna, L50, M|
|poke|p1|Incineroar, L50, M|
|poke|p2|Incineroar, L50, M|
|poke|p2|Amoonguss, L50, F|
|poke|p2|Sneasler, L50, F|
|poke|p2|Gholdengo, L50|
|poke|p2|Porygon2, L50|
|poke|p2|Ursaluna, L50, M|
|teampreview|4
|showteam|p1|Archaludon||PowerHerb|Stamina|ElectroShot,BodyPress,Protect,FlashCannon|||F|||50|,,,,,Grass]Amoonguss||RockyHelmet|Regenerator|Spore,RagePowder,ClearSmog,GigaDrain|||F|||50|,,,,,Water]Politoed||Leftovers|Drizzle|Protect,Encore,MuddyWater,IceBeam|||F|||50|,,,,,Grass]Maushold-Four||FocusSash|FriendGuard|PopulationBomb,FollowMe,Encore,Protect||||||50|,,,,,Ghost]Ursaluna||FlameOrb|Guts|Protect,Facade,HeadlongRush,Earthquake|||M|||50|,,,,,Dragon]Incineroar||SafetyGoggles|Intimidate|FakeOut,FlareBlitz,PartingShot,KnockOff|||M|||50|,,,,,Water
|showteam|p2|Incineroar||SafetyGoggles|Intimidate|FlareBlitz,KnockOff,PartingShot,FakeOut|||M|||50|,,,,,Ghost]Amoonguss||RockyHelmet|Regenerator|Protect,PollenPuff,RagePowder,Spore|||F|||50|,,,,,Water]Sneasler||FocusSash|Unburden|DireClaw,CloseCombat,ThroatChop,Protect|||F|||50|,,,,,Dark]Gholdengo||LifeOrb|GoodasGold|Protect,NastyPlot,MakeItRain,ShadowBall||||||50|,,,,,Dragon]Porygon2||Eviolite|Download|TeraBlast,IceBeam,Recover,TrickRoom||||||50|,,,,,Fighting]Ursaluna||FlameOrb|Guts|Protect,Facade,HeadlongRush,Substitute|||M|||50|,,,,,Ghost
|
|t:|1756933446
|teamsize|p1|4
|teamsize|p2|4
|start
|switch|p1a: Maushold|Maushold-Four, L50|100/100
|switch|p1b: Archaludon|Archaludon, L50, F|100/100
|switch|p2a: Amoonguss|Amoonguss, L50, F, shiny|100/100
|switch|p2b: Porygon2|Porygon2, L50|100/100
|-ability|p2b: Porygon2|Download|boost
|-boost|p2b: Porygon2|spa|1
|turn|1
|
|t:|1756933474
|switch|p1b: Ursaluna|Ursaluna, L50, M|100/100
|move|p2a: Amoonguss|Rage Powder|p2a: Amoonguss
|-singleturn|p2a: Amoonguss|move: Rage Powder
|move|p1a: Maushold|Encore|p2a: Amoonguss
|-start|p2a: Amoonguss|Encore
|move|p2b: Porygon2|Trick Room|p2b: Porygon2
|-fieldstart|move: Trick Room|[of] p2b: Porygon2
|
|-status|p1b: Ursaluna|brn|[from] item: Flame Orb
|upkeep
|turn|2
|
|t:|1756933498
|move|p2a: Amoonguss|Rage Powder|p2a: Amoonguss
|-singleturn|p2a: Amoonguss|move: Rage Powder
|move|p1a: Maushold|Follow Me|p1a: Maushold
|-singleturn|p1a: Maushold|move: Follow Me
|move|p1b: Ursaluna|Facade|p2a: Amoonguss
|-damage|p2a: Amoonguss|2/100
|-damage|p1b: Ursaluna|84/100 brn|[from] item: Rocky Helmet|[of] p2a: Amoonguss
|move|p2b: Porygon2|Ice Beam|p1a: Maushold
|-damage|p1a: Maushold|42/100
|-status|p1a: Maushold|frz
|
|-damage|p1b: Ursaluna|78/100 brn|[from] brn
|upkeep
|turn|3
|
|t:|1756933524
|switch|p2a: Ursaluna|Ursaluna, L50, M, shiny|100/100
|switch|p1a: Incineroar|Incineroar, L50, M|100/100
|-ability|p1a: Incineroar|Intimidate|boost
|-unboost|p2a: Ursaluna|atk|1
|-unboost|p2b: Porygon2|atk|1
|move|p1b: Ursaluna|Protect|p1b: Ursaluna
|-singleturn|p1b: Ursaluna|Protect
|move|p2b: Porygon2|Ice Beam|p1b: Ursaluna
|-activate|p1b: Ursaluna|move: Protect
|
|-damage|p1b: Ursaluna|72/100 brn|[from] brn
|-status|p2a: Ursaluna|brn|[from] item: Flame Orb
|upkeep
|turn|4
|
|t:|1756933554
|-terastallize|p2a: Ursaluna|Ghost
|move|p2a: Ursaluna|Headlong Rush|p1a: Incineroar
|-supereffective|p1a: Incineroar
|-damage|p1a: Incineroar|0 fnt
|-unboost|p2a: Ursaluna|def|1
|-unboost|p2a: Ursaluna|spd|1
|faint|p1a: Incineroar
|move|p1b: Ursaluna|Facade|p2b: Porygon2
|-damage|p2b: Porygon2|23/100
|move|p2b: Porygon2|Ice Beam|p1b: Ursaluna
|-supereffective|p1b: Ursaluna
|-damage|p1b: Ursaluna|10/100 brn
|
|-damage|p2a: Ursaluna|95/100 brn|[from] brn
|-damage|p1b: Ursaluna|4/100 brn|[from] brn
|upkeep
|
|t:|1756933571
|switch|p1a: Archaludon|Archaludon, L50, F|100/100
|turn|5
|
|t:|1756933585
|switch|p2a: Amoonguss|Amoonguss, L50, F, shiny|35/100
|-terastallize|p1a: Archaludon|Grass
|move|p1b: Ursaluna|Facade|p2b: Porygon2
|-crit|p2b: Porygon2
|-damage|p2b: Porygon2|0 fnt
|faint|p2b: Porygon2
|move|p1a: Archaludon|Electro Shot||[still]
|-prepare|p1a: Archaludon|Electro Shot
|-boost|p1a: Archaludon|spa|1
|-enditem|p1a: Archaludon|Power Herb
|-anim|p1a: Archaludon|Electro Shot|p2a: Amoonguss
|-resisted|p2a: Amoonguss
|-damage|p2a: Amoonguss|8/100
|
|-damage|p1b: Ursaluna|0 fnt|[from] brn
|faint|p1b: Ursaluna
|-fieldend|move: Trick Room
|upkeep
|
|t:|1756933603
|switch|p2b: Gholdengo|Gholdengo, L50|100/100
|switch|p1b: Maushold|Maushold-Four, L50|42/100 frz
|turn|6
|
|t:|1756933615
|switch|p2a: Ursaluna|Ursaluna, L50, M, shiny, tera:Ghost|95/100 brn
|cant|p1b: Maushold|frz
|move|p2b: Gholdengo|Nasty Plot|p2b: Gholdengo
|-boost|p2b: Gholdengo|spa|2
|move|p1a: Archaludon|Flash Cannon|p2a: Ursaluna
|-damage|p2a: Ursaluna|42/100 brn
|
|-damage|p2a: Ursaluna|36/100 brn|[from] brn
|upkeep
|turn|7
|
|t:|1756933637
|-curestatus|p1b: Maushold|frz|[msg]
|move|p1b: Maushold|Follow Me|p1b: Maushold
|-singleturn|p1b: Maushold|move: Follow Me
|move|p2b: Gholdengo|Make It Rain|p1a: Archaludon|[spread] p1a,p1b
|-damage|p1a: Archaludon|7/100
|-damage|p1b: Maushold|0 fnt
|-unboost|p2b: Gholdengo|spa|1
|-ability|p1a: Archaludon|Stamina|boost
|-boost|p1a: Archaludon|def|1
|faint|p1b: Maushold
|-damage|p2b: Gholdengo|91/100|[from] item: Life Orb
|move|p1a: Archaludon|Flash Cannon|p2a: Ursaluna
|-damage|p2a: Ursaluna|0 fnt
|faint|p2a: Ursaluna
|
|upkeep
|
|t:|1756933648
|switch|p2a: Amoonguss|Amoonguss, L50, F, shiny|42/100
|turn|8
|-message|Cunning63 forfeited.
|
|win|Panexeri
|raw|Cunning63's rating: 1103 → 1076(-27 for losing)
|raw|Panexeri's rating: 1082 → 1111(+29 for winning)
|l|☆Cunning63
|player|p1|
