|j|☆hexagonfoot
|j|☆ViivNZ
|html|hexagonfootViivNZ    
|uhtml|bestof|Game 2 of a best-of-3
|t:|1756448451
|gametype|doubles
|player|p1|hexagonfoot|caitlin|1162
|player|p2|ViivNZ|pokemaniac|1257
|gen|9
|tier|[Gen 9] VGC 2025 Reg H (Bo3)
|rated|
|rule|Species Clause: Limit one of each Pokémon
|rule|Item Clause: Limit 1 of each item
|clearpoke
|poke|p1|Kingambit, L50, F|
|poke|p1|Primarina, L50, M|
|poke|p1|Sneasler, L50, F|
|poke|p1|Magmar, L50, F|
|poke|p1|Rillaboom, L50, F|
|poke|p1|Dragapult, L50, M|
|poke|p2|Drifblim, L50, F|
|poke|p2|Indeedee, L50, M|
|poke|p2|Dragapult, L50, F|
|poke|p2|Volcarona, L50, M|
|poke|p2|Maushold-Four, L50|
|poke|p2|Sneasler, L50, M|
|teampreview|4
|showteam|p1|Kingambit||BlackGlasses|Defiant|KowtowCleave,SuckerPunch,SwordsDance,Protect|||F|||50|,,,,,Ghost]Primarina||SitrusBerry|LiquidVoice|HyperVoice,Moonblast,Haze,Protect|||M|||50|,,,,,Water]Sneasler||FocusSash|PoisonTouch|CloseCombat,DireClaw,FakeOut,Protect|||F|||50|,,,,,Stellar]Magmar||Eviolite|VitalSpirit|Overheat,WillOWisp,FollowMe,Protect|||F|||50|,,,,,Ghost]Rillaboom||AssaultVest|GrassySurge|WoodHammer,GrassyGlide,HighHorsepower,FakeOut|||F|||50|,,,,,Fire]Dragapult||ChoiceBand|ClearBody|DragonDarts,PhantomForce,TeraBlast,Uturn|||M|||50|,,,,,Ghost
|showteam|p2|Drifblim||PsychicSeed|Unburden|Acrobatics,Tailwind,WillOWisp,StrengthSap|||F|||50|,,,,,Grass]Indeedee||FocusSash|PsychicSurge|ExpandingForce,TeraBlast,TrickRoom,Imprison|||M|||50|,,,,,Ground]Dragapult||ChoiceBand|ClearBody|DragonDarts,PhantomForce,TeraBlast,Uturn|||F|||50|,,,,,Ghost]Volcarona||Leftovers|FlameBody|HeatWave,TeraBlast,QuiverDance,Protect|||M|||50|,,,,,Fairy]Maushold-Four||WideLens|Technician|PopulationBomb,Taunt,FollowMe,Protect||||||50|,,,,,Normal]Sneasler||WhiteHerb|Unburden|CloseCombat,DireClaw,FakeOut,Protect|||M|||50|,,,,,Stellar
|inactive|Battle timer is ON: inactive players will automatically lose when time's up. (requested by hexagonfoot)
|
|t:|1756448476
|teamsize|p1|4
|teamsize|p2|4
|start
|switch|p1a: Magmar|Magmar, L50, F|100/100
|switch|p1b: Kingambit|Kingambit, L50, F|100/100
|switch|p2a: Indeedee|Indeedee, L50, M|100/100
|switch|p2b: Drifblim|Drifblim, L50, F|100/100
|-fieldstart|move: Psychic Terrain|[from] ability: Psychic Surge|[of] p2a: Indeedee
|-enditem|p2b: Drifblim|Psychic Seed
|-boost|p2b: Drifblim|spd|1|[from] item: Psychic Seed
|turn|1
|inactive|ViivNZ has 30 seconds left.
|
|t:|1756448502
|-terastallize|p2a: Indeedee|Ground
|move|p1a: Magmar|Follow Me|p1a: Magmar
|-singleturn|p1a: Magmar|move: Follow Me
|move|p2b: Drifblim|Acrobatics|p1a: Magmar
|-damage|p1a: Magmar|67/100
|move|p2a: Indeedee|Tera Blast|p1a: Magmar|[anim] Tera Blast Ground
|-supereffective|p1a: Magmar
|-damage|p1a: Magmar|8/100
|move|p1b: Kingambit|Swords Dance|p1b: Kingambit
|-boost|p1b: Kingambit|atk|2
|
|upkeep
|turn|2
|inactive|hexagonfoot has 30 seconds left.
|
|t:|1756448529
|move|p1a: Magmar|Follow Me|p1a: Magmar
|-singleturn|p1a: Magmar|move: Follow Me
|move|p2b: Drifblim|Will-O-Wisp|p1a: Magmar
|-immune|p1a: Magmar
|move|p2a: Indeedee|Tera Blast|p1a: Magmar|[anim] Tera Blast Ground
|-supereffective|p1a: Magmar
|-damage|p1a: Magmar|0 fnt
|faint|p1a: Magmar
|move|p1b: Kingambit|Kowtow Cleave|p2b: Drifblim
|-supereffective|p2b: Drifblim
|-damage|p2b: Drifblim|0 fnt
|faint|p2b: Drifblim
|
|upkeep
|
|t:|1756448539
|switch|p1a: Primarina|Primarina, L50, M|100/100
|switch|p2b: Volcarona|Volcarona, L50, M|100/100
|turn|3
|
|t:|1756448554
|-terastallize|p1b: Kingambit|Ghost
|move|p2b: Volcarona|Heat Wave|p1a: Primarina|[spread] p1a,p1b
|-resisted|p1a: Primarina
|-damage|p1a: Primarina|87/100
|-damage|p1b: Kingambit|70/100
|-status|p1b: Kingambit|brn
|move|p2a: Indeedee|Expanding Force|p1b: Kingambit|[spread] p1a,p1b
|-damage|p1a: Primarina|38/100
|-damage|p1b: Kingambit|22/100 brn
|-enditem|p1a: Primarina|Sitrus Berry|[eat]
|-heal|p1a: Primarina|63/100|[from] item: Sitrus Berry
|move|p1a: Primarina|Hyper Voice|p2b: Volcarona|[spread] p2a,p2b
|-supereffective|p2a: Indeedee
|-supereffective|p2b: Volcarona
|-damage|p2a: Indeedee|12/100
|-damage|p2b: Volcarona|43/100
|move|p1b: Kingambit|Kowtow Cleave|p2a: Indeedee
|-damage|p2a: Indeedee|0 fnt
|faint|p2a: Indeedee
|
|-heal|p2b: Volcarona|49/100|[from] item: Leftovers
|-damage|p1b: Kingambit|16/100 brn|[from] brn
|upkeep
|
|t:|1756448562
|switch|p2a: Dragapult|Dragapult, L50, F|100/100
|turn|4
|inactive|ViivNZ has 30 seconds left.
|inactive|hexagonfoot has 30 seconds left.
|
|t:|1756448608
|move|p2a: Dragapult|Phantom Force||[still]
|-prepare|p2a: Dragapult|Phantom Force
|move|p2b: Volcarona|Quiver Dance|p2b: Volcarona
|-boost|p2b: Volcarona|spa|1
|-boost|p2b: Volcarona|spd|1
|-boost|p2b: Volcarona|spe|1
|move|p1a: Primarina|Hyper Voice|p2a: Dragapult|[spread] p2b
|-miss|p1a: Primarina|p2a: Dragapult
|-supereffective|p2b: Volcarona
|-crit|p2b: Volcarona
|-damage|p2b: Volcarona|0 fnt
|faint|p2b: Volcarona
|move|p1b: Kingambit|Kowtow Cleave|p2a: Dragapult|[miss]
|-miss|p1b: Kingambit|p2a: Dragapult
|
|-damage|p1b: Kingambit|10/100 brn|[from] brn
|upkeep
|turn|5
|
|t:|1756448617
|move|p2a: Dragapult|Phantom Force|p1a: Primarina|[from] lockedmove
|-damage|p1a: Primarina|0 fnt
|faint|p1a: Primarina
|move|p1b: Kingambit|Kowtow Cleave|p2a: Dragapult
|-supereffective|p2a: Dragapult
|-damage|p2a: Dragapult|0 fnt
|faint|p2a: Dragapult
|
|win|hexagonfoot
||hexagonfoot is ready for game 3.
||ViivNZ is ready for game 3.
|uhtml|next|Next: Game 3 of 3
|l|☆ViivNZ
|player|p2|
