|j|☆rika fanboy
|j|☆Freaky Mane
|html|rika fanboyFreaky Mane    
|uhtml|bestof|Game 1 of a best-of-3
|t:|1757762577
|gametype|doubles
|player|p1|rika fanboy|rika|
|player|p2|Freaky Mane|miku-ghost|
|gen|9
|tier|[Gen 9] VGC 2025 Reg H (Bo3)
|rule|Species Clause: Limit one of each Pokémon
|rule|Item Clause: Limit 1 of each item
|clearpoke
|poke|p1|Palafin, L50, F|
|poke|p1|Incineroar, L50, M|
|poke|p1|Rillaboom, L50, F|
|poke|p1|Pelipper, L50, F|
|poke|p1|Chesnaught, L50, M|
|poke|p1|Gholdengo, L50|
|poke|p2|Rillaboom, L50, M|
|poke|p2|Sneasler, L50, M|
|poke|p2|Ninetales-Alola, L50, F|
|poke|p2|Incineroar, L50, M|
|poke|p2|Glaceon, L50, M|
|poke|p2|Electabuzz, L50, F|
|teampreview|4
|showteam|p1|Palafin||MysticWater|ZerotoHero|WaveCrash,JetPunch,Haze,Protect|||F|||50|,,,,,Water]Incineroar||SafetyGoggles|Intimidate|KnockOff,FakeOut,Taunt,PartingShot|||M|||50|,,,,,Ghost]Rillaboom||AssaultVest|GrassySurge|WoodHammer,GrassyGlide,Uturn,FakeOut|||F|||50|,,,,,Fire]Pelipper||FocusSash|Drizzle|WeatherBall,Hurricane,Tailwind,Protect|||F|||50|,,,,,Water]Chesnaught||SitrusBerry|Bulletproof|GrassyGlide,DrainPunch,BellyDrum,SpikyShield|||M|||50|,,,,,Fire]Gholdengo||ChoiceSpecs|GoodasGold|MakeItRain,ShadowBall,Thunderbolt,Trick||||||50|,,,,,Steel
|showteam|p2|Rillaboom||AssaultVest|GrassySurge|WoodHammer,GrassyGlide,Uturn,FakeOut|||M|||50|,,,,,Poison]Sneasler||GrassySeed|Unburden|RockSlide,DireClaw,CloseCombat,Protect|||M|||50|,,,,,Rock]Ninetales-Alola||FocusSash|SnowWarning|Blizzard,FreezeDry,Encore,Protect|||F|||50|,,,,,Ice]Incineroar||SafetyGoggles|Intimidate|FlareBlitz,KnockOff,PartingShot,FakeOut|||M|||50|,,,,,Ghost]Glaceon||BrightPowder|SnowCloak|Blizzard,TeraBlast,FreezeDry,Detect|||M|||50|,,,,,Ground]Electabuzz||Eviolite|Static|VoltSwitch,FollowMe,Taunt,HelpingHand|||F|||50|,,,,,Grass
|j| Wokefagrigus
|j| yveltyy
|c| Wokefagrigus|shitmon showdown
|c| yveltyy|i have my bets on glace
|c|☆Freaky Mane|chesnaught had more results than glace ...
|c| Wokefagrigus|""results""
|
|t:|1757762678
|teamsize|p1|4
|teamsize|p2|4
|start
|switch|p1a: Incineroar|Incineroar, L50, M|100/100
|switch|p1b: Gholdengo|Gholdengo, L50|100/100
|switch|p2a: Electabuzz|Electabuzz, L50, F, shiny|100/100
|switch|p2b: Glaceon|Glaceon, L50, M, shiny|100/100
|-ability|p1a: Incineroar|Intimidate|boost
|-unboost|p2a: Electabuzz|atk|1
|-unboost|p2b: Glaceon|atk|1
|turn|1
|c|☆Freaky Mane|and chesnaught has way more players shilling it :h
|
|t:|1757762707
|switch|p2a: Incineroar|Incineroar, L50, M, shiny|100/100
|-ability|p2a: Incineroar|Intimidate|boost
|-unboost|p1a: Incineroar|atk|1
|-unboost|p1b: Gholdengo|atk|1
|move|p2b: Glaceon|Detect|p2b: Glaceon
|-singleturn|p2b: Glaceon|Protect
|move|p1a: Incineroar|Fake Out|p2b: Glaceon
|-activate|p2b: Glaceon|move: Protect
|move|p1b: Gholdengo|Make It Rain|p2b: Glaceon|[spread] p2a
|-activate|p2b: Glaceon|move: Protect
|-resisted|p2a: Incineroar
|-damage|p2a: Incineroar|70/100
|-unboost|p1b: Gholdengo|spa|1
|
|upkeep
|turn|2
|c| Wokefagrigus|one
|j| aberrantreceptacle
|
|t:|1757762750
|switch|p1b: Rillaboom|Rillaboom, L50, F|100/100
|-fieldstart|move: Grassy Terrain|[from] ability: Grassy Surge|[of] p1b: Rillaboom
|move|p1a: Incineroar|Knock Off|p2b: Glaceon
|-damage|p2b: Glaceon|74/100
|-enditem|p2b: Glaceon|Bright Powder|[from] move: Knock Off|[of] p1a: Incineroar
|move|p2b: Glaceon|Freeze-Dry|p1b: Rillaboom
|-supereffective|p1b: Rillaboom
|-damage|p1b: Rillaboom|37/100
|move|p2a: Incineroar|Parting Shot|p1a: Incineroar
|-unboost|p1a: Incineroar|atk|1
|-unboost|p1a: Incineroar|spa|1
|
|t:|1757762763
|switch|p2a: Electabuzz|Electabuzz, L50, F, shiny|100/100|[from] Parting Shot
|
|-heal|p1b: Rillaboom|43/100|[from] Grassy Terrain
|-heal|p2b: Glaceon|80/100|[from] Grassy Terrain
|upkeep
|turn|3
|c| yveltyy|hi lulu
|c| aberrantreceptacle|Heya
|
|t:|1757762785
|move|p2b: Glaceon|Detect|p2b: Glaceon
|-singleturn|p2b: Glaceon|Protect
|move|p1b: Rillaboom|Fake Out|p2b: Glaceon
|-activate|p2b: Glaceon|move: Protect
|move|p2a: Electabuzz|Volt Switch|p1a: Incineroar
|-damage|p1a: Incineroar|80/100
|c|☆Freaky Mane|the bj brothers
|
|t:|1757762793
|switch|p2a: Incineroar|Incineroar, L50, M, shiny|70/100|[from] Volt Switch
|-ability|p2a: Incineroar|Intimidate|boost
|-unboost|p1a: Incineroar|atk|1
|-unboost|p1b: Rillaboom|atk|1
|move|p1a: Incineroar|Knock Off|p2a: Incineroar
|-resisted|p2a: Incineroar
|-damage|p2a: Incineroar|64/100
|-enditem|p2a: Incineroar|Safety Goggles|[from] move: Knock Off|[of] p1a: Incineroar
|
|-heal|p1a: Incineroar|86/100|[from] Grassy Terrain
|-heal|p1b: Rillaboom|49/100|[from] Grassy Terrain
|-heal|p2b: Glaceon|86/100|[from] Grassy Terrain
|-heal|p2a: Incineroar|70/100|[from] Grassy Terrain
|upkeep
|turn|4
|c| Wokefagrigus|volt switch electabuzz
|l| aberrantreceptacle
|j| aberrantreceptacle
|c|☆Freaky Mane|i didnt build this ok
|c| yveltyy|what else is it supposed to run though
|c| Wokefagrigus|it's definitely one of the 5 electric type moves it can run
|
|t:|1757762819
|switch|p1b: Gholdengo|Gholdengo, L50|100/100
|move|p1a: Incineroar|Parting Shot|p2b: Glaceon
|-unboost|p2b: Glaceon|atk|1
|-unboost|p2b: Glaceon|spa|1
|c| Wokefagrigus|tbolt or eweb
|
|t:|1757762824
|switch|p1a: Chesnaught|Chesnaught, L50, M|100/100|[from] Parting Shot
|move|p2b: Glaceon|Blizzard|p1a: Chesnaught|[spread] p1b
|-miss|p2b: Glaceon|p1a: Chesnaught
|-resisted|p1b: Gholdengo
|-damage|p1b: Gholdengo|84/100
|move|p2a: Incineroar|Flare Blitz|p1b: Gholdengo
|-supereffective|p1b: Gholdengo
|-damage|p1b: Gholdengo|0 fnt
|faint|p1b: Gholdengo
|-damage|p2a: Incineroar|48/100|[from] Recoil
|
|-heal|p2b: Glaceon|92/100|[from] Grassy Terrain
|-heal|p2a: Incineroar|54/100|[from] Grassy Terrain
|upkeep
|
|t:|1757762838
|switch|p1b: Incineroar|Incineroar, L50, M|86/100
|-ability|p1b: Incineroar|Intimidate|boost
|-unboost|p2a: Incineroar|atk|1
|-unboost|p2b: Glaceon|atk|1
|turn|5
|c| Wokefagrigus|forcing your follow me user to leave the field to use your important coverage move is so silly
|
|t:|1757762866
|switch|p2b: Electabuzz|Electabuzz, L50, F, shiny|100/100
|switch|p2a: Ninetales|Ninetales-Alola, L50, F, shiny|100/100
|-weather|Snowscape|[from] ability: Snow Warning|[of] p2a: Ninetales
|move|p1b: Incineroar|Fake Out|p2a: Ninetales
|-damage|p2a: Ninetales|89/100
|move|p1a: Chesnaught|Belly Drum|p1a: Chesnaught
|-damage|p1a: Chesnaught|50/100
|-setboost|p1a: Chesnaught|atk|6|[from] move: Belly Drum
|-enditem|p1a: Chesnaught|Sitrus Berry|[eat]
|-heal|p1a: Chesnaught|75/100|[from] item: Sitrus Berry
|
|-weather|Snowscape|[upkeep]
|-heal|p2a: Ninetales|95/100|[from] Grassy Terrain
|-heal|p1b: Incineroar|92/100|[from] Grassy Terrain
|-heal|p1a: Chesnaught|81/100|[from] Grassy Terrain
|upkeep
|turn|6
|c| Wokefagrigus|the hedhehog is online
|
|t:|1757762909
|-terastallize|p1a: Chesnaught|Fire
|move|p2b: Electabuzz|Follow Me|p2b: Electabuzz
|-singleturn|p2b: Electabuzz|move: Follow Me
|move|p1a: Chesnaught|Grassy Glide|p2b: Electabuzz
|-damage|p2b: Electabuzz|11/100
|move|p2a: Ninetales|Blizzard|p1b: Incineroar|[spread] p1a,p1b
|-resisted|p1a: Chesnaught
|-resisted|p1b: Incineroar
|-damage|p1a: Chesnaught|66/100
|-damage|p1b: Incineroar|78/100
|move|p1b: Incineroar|Knock Off|p2b: Electabuzz
|-damage|p2b: Electabuzz|0 fnt
|-enditem|p2b: Electabuzz|Eviolite|[from] move: Knock Off|[of] p1b: Incineroar
|faint|p2b: Electabuzz
|
|-weather|Snowscape|[upkeep]
|-heal|p2a: Ninetales|100/100|[from] Grassy Terrain
|-heal|p1b: Incineroar|84/100|[from] Grassy Terrain
|-heal|p1a: Chesnaught|73/100|[from] Grassy Terrain
|-fieldend|move: Grassy Terrain
|upkeep
|
|t:|1757762920
|switch|p2b: Glaceon|Glaceon, L50, M, shiny|92/100
|turn|7
|c| Wokefagrigus|please pik don't do the bad move.
|l| aberrantreceptacle
|j| aberrantreceptacle
|c| yveltyy|theres a winning endgame for feli if im seeing it correctly
|
|t:|1757762986
|switch|p1b: Rillaboom|Rillaboom, L50, F|49/100
|-fieldstart|move: Grassy Terrain|[from] ability: Grassy Surge|[of] p1b: Rillaboom
|move|p2b: Glaceon|Detect|p2b: Glaceon
|-singleturn|p2b: Glaceon|Protect
|move|p1a: Chesnaught|Grassy Glide|p2b: Glaceon
|-activate|p2b: Glaceon|move: Protect
|move|p2a: Ninetales|Blizzard|p1a: Chesnaught|[spread] p1a,p1b
|-resisted|p1a: Chesnaught
|-supereffective|p1b: Rillaboom
|-damage|p1a: Chesnaught|59/100
|-damage|p1b: Rillaboom|0 fnt
|faint|p1b: Rillaboom
|
|-weather|Snowscape|[upkeep]
|-heal|p2b: Glaceon|98/100|[from] Grassy Terrain
|-heal|p1a: Chesnaught|65/100|[from] Grassy Terrain
|upkeep
|c| Wokefagrigus|oh my gof
|l| aberrantreceptacle
|
|t:|1757762998
|switch|p1b: Incineroar|Incineroar, L50, M|84/100
|-ability|p1b: Incineroar|Intimidate|boost
|-unboost|p2a: Ninetales|atk|1
|-unboost|p2b: Glaceon|atk|1
|turn|8
|j| aberrantreceptacle
|c|☆Freaky Mane|watch grassy glide miss
|
|t:|1757763019
|switch|p2b: Incineroar|Incineroar, L50, M, shiny|54/100
|-ability|p2b: Incineroar|Intimidate|boost
|-unboost|p1a: Chesnaught|atk|1
|-unboost|p1b: Incineroar|atk|1
|move|p2a: Ninetales|Protect|p2a: Ninetales
|-singleturn|p2a: Ninetales|Protect
|move|p1b: Incineroar|Fake Out|p2a: Ninetales
|-activate|p2a: Ninetales|move: Protect
|move|p1a: Chesnaught|Grassy Glide|p2b: Incineroar
|-resisted|p2b: Incineroar
|-damage|p2b: Incineroar|12/100
|
|-weather|Snowscape|[upkeep]
|-heal|p1b: Incineroar|90/100|[from] Grassy Terrain
|-heal|p1a: Chesnaught|71/100|[from] Grassy Terrain
|-heal|p2b: Incineroar|18/100|[from] Grassy Terrain
|upkeep
|turn|9
|c| Wokefagrigus|that was the freeest drai punch ever tho
|
|t:|1757763040
|move|p1a: Chesnaught|Spiky Shield|p1a: Chesnaught
|-singleturn|p1a: Chesnaught|move: Protect
|move|p2a: Ninetales|Encore|p1b: Incineroar
|-start|p1b: Incineroar|Encore
|move|p1b: Incineroar|Fake Out||[still]
|-hint|Fake Out only works on your first turn out.
|-fail|p1b: Incineroar
|move|p2b: Incineroar|Parting Shot|p1a: Chesnaught
|-activate|p1a: Chesnaught|move: Protect
|
|-weather|none
|-heal|p1b: Incineroar|96/100|[from] Grassy Terrain
|-heal|p1a: Chesnaught|77/100|[from] Grassy Terrain
|-heal|p2b: Incineroar|24/100|[from] Grassy Terrain
|upkeep
|turn|10
|
|t:|1757763067
|move|p2a: Ninetales|Protect|p2a: Ninetales
|-singleturn|p2a: Ninetales|Protect
|move|p1b: Incineroar|Fake Out||[still]
|-hint|Fake Out only works on your first turn out.
|-fail|p1b: Incineroar
|move|p1a: Chesnaught|Drain Punch|p2b: Incineroar
|-supereffective|p2b: Incineroar
|-damage|p2b: Incineroar|0 fnt
|-heal|p1a: Chesnaught|90/100|[from] drain|[of] p2b: Incineroar
|faint|p2b: Incineroar
|
|-heal|p1b: Incineroar|100/100|[from] Grassy Terrain
|-heal|p1a: Chesnaught|96/100|[from] Grassy Terrain
|upkeep
|
|t:|1757763074
|switch|p2b: Glaceon|Glaceon, L50, M, shiny|98/100
|turn|11
|
|t:|1757763097
|move|p2b: Glaceon|Detect|p2b: Glaceon
|-singleturn|p2b: Glaceon|Protect
|move|p1b: Incineroar|Fake Out||[still]
|-hint|Fake Out only works on your first turn out.
|-fail|p1b: Incineroar
|move|p1a: Chesnaught|Grassy Glide|p2b: Glaceon
|-activate|p2b: Glaceon|move: Protect
|move|p2a: Ninetales|Freeze-Dry|p1a: Chesnaught
|-resisted|p1a: Chesnaught
|-damage|p1a: Chesnaught|85/100
|
|-heal|p2b: Glaceon|100/100|[from] Grassy Terrain
|-heal|p1a: Chesnaught|91/100|[from] Grassy Terrain
|-end|p1b: Incineroar|Encore
|-fieldend|move: Grassy Terrain
|upkeep
|turn|12
|c| Wokefagrigus|it's funny move time
|c| Wokefagrigus|no freeze sadge
|c| Wokefagrigus|but
|c| Wokefagrigus|does tera blast ko there
|
|t:|1757763124
|-terastallize|p2b: Glaceon|Ground
|move|p2a: Ninetales|Encore|p1b: Incineroar
|-start|p1b: Incineroar|Encore
|move|p1b: Incineroar|Fake Out||[still]
|-hint|Fake Out only works on your first turn out.
|-fail|p1b: Incineroar
|move|p2b: Glaceon|Tera Blast|p1a: Chesnaught|[anim] Tera Blast Ground
|-supereffective|p1a: Chesnaught
|-damage|p1a: Chesnaught|16/100
|move|p1a: Chesnaught|Drain Punch|p2b: Glaceon
|-damage|p2b: Glaceon|0 fnt
|-heal|p1a: Chesnaught|61/100|[from] drain|[of] p2b: Glaceon
|faint|p2b: Glaceon
|
|upkeep
|turn|13
|c|☆Freaky Mane|most likely
|c|☆Freaky Mane|idk
|c|☆rika fanboy|most likely
|c|☆Freaky Mane|damn
|c| Wokefagrigus|congrats to glaceon for being worse than chesnaught
|c|☆Freaky Mane|gg
|c|☆rika fanboy|that's chesnaught you're talking about
|c|☆Freaky Mane|its not max spatk
|-message|Freaky Mane forfeited.
|
|win|rika fanboy
|l| aberrantreceptacle
|l| Wokefagrigus
|inactive|rika fanboy has 30 seconds to confirm battle start!
|inactive|Freaky Mane has 30 seconds to confirm battle start!
||rika fanboy is ready for game 2.
||Freaky Mane is ready for game 2.
|uhtml|next|Next: Game 2 of 3
