|j|☆natsukivgc
|j|☆jotikun
|html|natsukivgcjotikun    
|uhtml|bestof|Game 2 of a best-of-3
|t:|1786020894
|gametype|doubles
|player|p1|natsukivgc|101|
|player|p2|jotikun|depotagent|
|gen|9
|tier|[Gen 9 Champions] VGC 2026 Reg M-B (Bo3)
|rule|Species Clause: Limit one of each Pokémon
|rule|Item Clause: Limit 1 of each item
|clearpoke
|poke|p1|Hydreigon, L50, M|
|poke|p1|Garchomp, L50, F|
|poke|p1|Metagross, L50|
|poke|p1|Charizard, L50, M|
|poke|p1|Grimmsnarl, L50, M|
|poke|p1|Toxapex, L50, M|
|poke|p2|Gengar, L50, F|
|poke|p2|Archaludon, L50, F|
|poke|p2|Politoed, L50, M|
|poke|p2|Sinistcha-Masterpiece, L50|
|poke|p2|Incineroar, L50, F|
|poke|p2|Froslass, L50, F|
|teampreview|4
|showteam|p1|Hydreigon||ChoiceScarf|Levitate|HeatWave,DarkPulse,DracoMeteor,Snarl|Modest||M|||50|]Garchomp||SitrusBerry|RoughSkin|Earthquake,RockSlide,DragonClaw,Protect|Adamant||F|||50|]Metagross||Metagrossite|ClearBody|IronHead,HammerArm,BulletPunch,Protect|Adamant|||||50|]Charizard||CharizarditeY|Blaze|Protect,HeatWave,SolarBeam,WeatherBall|Timid||M|||50|]Grimmsnarl||RoseliBerry|Prankster|FakeOut,FoulPlay,Reflect,PartingShot|Sassy||M|||50|]Toxapex||Leftovers|Regenerator|Infestation,Toxic,BanefulBunker,WideGuard|Bold||M|||50|
|showteam|p2|Gengar||Gengarite|CursedBody|ShadowBall,SludgeBomb,PerishSong,Protect|Timid||F|||50|]Archaludon||Leftovers|Stamina|ElectroShot,DragonPulse,FlashCannon,Protect|Modest||F|||50|]Politoed||SitrusBerry|Drizzle|WeatherBall,Encore,PerishSong,Protect|Calm||M|||50|]Sinistcha-Masterpiece||ColburBerry|Hospitality|MatchaGotcha,LifeDew,RagePowder,Protect|Calm|||||50|]Incineroar||ChopleBerry|Intimidate|ThroatChop,FakeOut,PartingShot,Protect|Careful||F|||50|]Froslass||Froslassite|CursedBody|Blizzard,AuroraVeil,RainDance,Protect|Timid||F|||50|
|
|t:|1786020956
|teamsize|p1|4
|teamsize|p2|4
|start
|switch|p1a: Grimmsnarl|Grimmsnarl, L50, M|100/100
|switch|p1b: Charizard|Charizard, L50, M|100/100
|switch|p2a: Archaludon|Archaludon, L50, F|100/100
|switch|p2b: Froslass|Froslass, L50, F|100/100
|turn|1
|
|t:|1786021000
|detailschange|p1b: Charizard|Charizard-Mega-Y, L50, M
|-mega|p1b: Charizard|Charizard|Charizardite Y
|-weather|SunnyDay|[from] ability: Drought|[of] p1b: Charizard
|move|p2b: Froslass|Protect|p2b: Froslass
|-singleturn|p2b: Froslass|Protect
|move|p2a: Archaludon|Protect|p2a: Archaludon
|-singleturn|p2a: Archaludon|Protect
|move|p1b: Charizard|Heat Wave|p2a: Archaludon|[spread] 
|-activate|p2a: Archaludon|move: Protect
|-activate|p2b: Froslass|move: Protect
|move|p1a: Grimmsnarl|Foul Play|p2b: Froslass
|-activate|p2b: Froslass|move: Protect
|
|-weather|SunnyDay|[upkeep]
|upkeep
|turn|2
|
|t:|1786021034
|switch|p1b: Toxapex|Toxapex, L50, M|100/100
|detailschange|p2b: Froslass|Froslass-Mega, L50, F
|-mega|p2b: Froslass|Froslass|Froslassite
|-weather|Snowscape|[from] ability: Snow Warning|[of] p2b: Froslass
|move|p2b: Froslass|Aurora Veil|p2b: Froslass
|-sidestart|p2: jotikun|move: Aurora Veil
|move|p2a: Archaludon|Flash Cannon|p1a: Grimmsnarl
|-supereffective|p1a: Grimmsnarl|1
|-crit|p1a: Grimmsnarl
|-damage|p1a: Grimmsnarl|1/100
|move|p1a: Grimmsnarl|Foul Play|p2b: Froslass
|-supereffective|p2b: Froslass|1
|-damage|p2b: Froslass|66/100
|
|-weather|Snowscape|[upkeep]
|upkeep
|turn|3
|
|t:|1786021080
|move|p1b: Toxapex|Baneful Bunker|p1b: Toxapex
|-singleturn|p1b: Toxapex|move: Protect
|move|p1a: Grimmsnarl|Parting Shot|p2b: Froslass
|-unboost|p2b: Froslass|atk|1
|-unboost|p2b: Froslass|spa|1
|
|t:|1786021087
|switch|p1a: Hydreigon|Hydreigon, L50, M|100/100|[from] Parting Shot
|move|p2b: Froslass|Blizzard|p1b: Toxapex|[spread] p1a
|-activate|p1b: Toxapex|move: Protect
|-supereffective|p1a: Hydreigon|1
|-damage|p1a: Hydreigon|41/100
|move|p2a: Archaludon|Flash Cannon|p1b: Toxapex
|-activate|p1b: Toxapex|move: Protect
|
|-weather|Snowscape|[upkeep]
|upkeep
|turn|4
|
|t:|1786021140
|move|p1a: Hydreigon|Dark Pulse|p2b: Froslass
|-supereffective|p2b: Froslass|1
|-crit|p2b: Froslass
|-damage|p2b: Froslass|0 fnt
|faint|p2b: Froslass
|move|p2a: Archaludon|Dragon Pulse|p1a: Hydreigon
|-supereffective|p1a: Hydreigon|1
|-damage|p1a: Hydreigon|0 fnt
|faint|p1a: Hydreigon
|move|p1b: Toxapex|Infestation|p2a: Archaludon
|-resisted|p2a: Archaludon|1
|-damage|p2a: Archaludon|98/100
|-activate|p2a: Archaludon|move: Infestation|[of] p1b: Toxapex
|-ability|p2a: Archaludon|Stamina|boost
|-boost|p2a: Archaludon|def|1
|
|-weather|Snowscape|[upkeep]
|-heal|p2a: Archaludon|100/100|[from] item: Leftovers
|-damage|p2a: Archaludon|87/100|[from] move: Infestation|[partiallytrapped]
|upkeep
|
|t:|1786021161
|switch|p2b: Incineroar|Incineroar, L50, F|100/100
|switch|p1a: Grimmsnarl|Grimmsnarl, L50, M|1/100
|-ability|p2b: Incineroar|Intimidate|boost
|-unboost|p1a: Grimmsnarl|atk|1
|-unboost|p1b: Toxapex|atk|1
|turn|5
|
|t:|1786021186
|switch|p1a: Charizard|Charizard-Mega-Y, L50, M|100/100
|-weather|SunnyDay|[from] ability: Drought|[of] p1a: Charizard
|move|p2b: Incineroar|Fake Out|p1a: Charizard
|-damage|p1a: Charizard|87/100
|move|p2a: Archaludon|Flash Cannon|p1b: Toxapex
|-resisted|p1b: Toxapex|1
|-damage|p1b: Toxapex|86/100
|move|p1b: Toxapex|Toxic|p2b: Incineroar
|-status|p2b: Incineroar|tox
|
|-weather|SunnyDay|[upkeep]
|-heal|p2a: Archaludon|93/100|[from] item: Leftovers
|-heal|p1b: Toxapex|92/100|[from] item: Leftovers
|-damage|p2b: Incineroar|94/100 tox|[from] psn
|-damage|p2a: Archaludon|81/100|[from] move: Infestation|[partiallytrapped]
|upkeep
|turn|6
|
|t:|1786021242
|switch|p2b: Politoed|Politoed, L50, M|100/100
|-weather|RainDance|[from] ability: Drizzle|[of] p2b: Politoed
|move|p1a: Charizard|Protect|p1a: Charizard
|-singleturn|p1a: Charizard|Protect
|move|p2a: Archaludon|Electro Shot||[still]
|-prepare|p2a: Archaludon|Electro Shot
|-boost|p2a: Archaludon|spa|1
|-anim|p2a: Archaludon|Electro Shot|p1b: Toxapex
|-supereffective|p1b: Toxapex|1
|-damage|p1b: Toxapex|7/100
|move|p1b: Toxapex|Toxic|p2b: Politoed
|-status|p2b: Politoed|tox
|
|-weather|RainDance|[upkeep]
|-heal|p2a: Archaludon|87/100|[from] item: Leftovers
|-heal|p1b: Toxapex|12/100|[from] item: Leftovers
|-damage|p2b: Politoed|93/100 tox|[from] psn
|-damage|p2a: Archaludon|75/100|[from] move: Infestation|[partiallytrapped]
|-sideend|p2: jotikun|move: Aurora Veil
|upkeep
|turn|7
|
|t:|1786021288
|switch|p1a: Grimmsnarl|Grimmsnarl, L50, M|1/100
|move|p2a: Archaludon|Electro Shot||[still]
|-prepare|p2a: Archaludon|Electro Shot
|-boost|p2a: Archaludon|spa|1
|-anim|p2a: Archaludon|Electro Shot|p1a: Grimmsnarl
|-damage|p1a: Grimmsnarl|0 fnt
|faint|p1a: Grimmsnarl
|move|p2b: Politoed|Weather Ball|p1b: Toxapex
|-resisted|p1b: Toxapex|1
|-damage|p1b: Toxapex|0 fnt
|faint|p1b: Toxapex
|
|-weather|RainDance|[upkeep]
|-heal|p2a: Archaludon|81/100|[from] item: Leftovers
|-damage|p2b: Politoed|81/100 tox|[from] psn
|-end|p2a: Archaludon|Infestation|[partiallytrapped]|[silent]
|upkeep
|-message|natsukivgc forfeited.
|
|win|jotikun
