|j|☆mesochob0
|j|☆washingtongargacha
|html|mesochob0washingtongargacha    
|uhtml|bestof|Game 1 of a best-of-3
|t:|1757689401
|gametype|doubles
|player|p1|mesochob0|169|1093
|player|p2|washingtongargacha|102|1151
|gen|9
|tier|[Gen 9] VGC 2025 Reg H (Bo3)
|rated|
|rule|Species Clause: Limit one of each Pokémon
|rule|Item Clause: Limit 1 of each item
|clearpoke
|poke|p1|Torkoal, L50, F|
|poke|p1|Indeedee-F, L50, F|
|poke|p1|Hatterene, L50, F|
|poke|p1|Sneasler, L50, M|
|poke|p1|Incineroar, L50, F|
|poke|p1|Annihilape, L50, F|
|poke|p2|Talonflame, L50, M|
|poke|p2|Gholdengo, L50|
|poke|p2|Dragonite, L50, M|
|poke|p2|Archaludon, L50, F|
|poke|p2|Tyranitar, L50, M|
|poke|p2|Garchomp, L50, F|
|teampreview|4
|showteam|p1|Torkoal||ChoiceSpecs|Drought|Eruption,WeatherBall,EarthPower,SolarBeam|||F|||50|,,,,,Fire]Indeedee-F||EjectButton|PsychicSurge|FollowMe,TrickRoom,Psychic,HelpingHand|||F|||50|,,,,,Steel]Hatterene||LifeOrb|MagicBounce|ExpandingForce,DazzlingGleam,Protect,TrickRoom|||F|||50|,,,,,Fire]Sneasler||PsychicSeed|Unburden|CloseCombat,DireClaw,Protect,ThroatChop|||M|||50|,,,,,Dark]Incineroar||SitrusBerry|Intimidate|FakeOut,FlareBlitz,PartingShot,KnockOff|||F|||50|,,,,,Bug]Annihilape||ChoiceScarf|Defiant|Uturn,CloseCombat,ShadowClaw,FinalGambit|||F|||50|,,,,,Normal
|showteam|p2|Talonflame||LifeOrb|GaleWings|Tailwind,DualWingbeat,Taunt,FlareBlitz|||M|||50|,,,,,Ghost]Gholdengo||ChoiceSpecs|GoodasGold|MakeItRain,SteelBeam,ShadowBall,PowerGem||||||50|,,,,,Flying]Dragonite||LoadedDice|Multiscale|ScaleShot,IceSpinner,Haze,Protect|||M|||50|,,,,,Steel]Archaludon||PowerHerb|Sturdy|FlashCannon,ElectroShot,DracoMeteor,Protect|||F|||50|,,,,,Flying]Tyranitar||AssaultVest|SandStream|KnockOff,RockSlide,TeraBlast,LowKick|||M|||50|,,,,,Flying]Garchomp||EarthPlate|RoughSkin|DragonClaw,StompingTantrum,Earthquake,Protect|||F|||50|,,,,,Steel
|inactive|Battle timer is ON: inactive players will automatically lose when time's up. (requested by mesochob0)
|
|t:|1757689459
|teamsize|p1|4
|teamsize|p2|4
|start
|switch|p1a: Annihilape|Annihilape, L50, F|100/100
|switch|p1b: Hatterene|Hatterene, L50, F|100/100
|switch|p2a: Gholdengo|Gholdengo, L50|100/100
|switch|p2b: Tyranitar|Tyranitar, L50, M|100/100
|-weather|Sandstorm|[from] ability: Sand Stream|[of] p2b: Tyranitar
|turn|1
|
|t:|1757689482
|switch|p2b: Garchomp|Garchomp, L50, F|100/100
|-terastallize|p1b: Hatterene|Fire
|move|p1a: Annihilape|Final Gambit|p2b: Garchomp
|-damage|p2b: Garchomp|0 fnt
|faint|p1a: Annihilape
|faint|p2b: Garchomp
|move|p2a: Gholdengo|Make It Rain|p1b: Hatterene
|-resisted|p1b: Hatterene
|-damage|p1b: Hatterene|47/100
|-unboost|p2a: Gholdengo|spa|1
|move|p1b: Hatterene|Trick Room|p1b: Hatterene
|-fieldstart|move: Trick Room|[of] p1b: Hatterene
|
|-weather|Sandstorm|[upkeep]
|-damage|p1b: Hatterene|41/100|[from] Sandstorm
|upkeep
|inactive|mesochob0 has 30 seconds left.
|
|t:|1757689512
|switch|p1a: Torkoal|Torkoal, L50, F|100/100
|switch|p2b: Tyranitar|Tyranitar, L50, M|100/100
|-weather|SunnyDay|[from] ability: Drought|[of] p1a: Torkoal
|-weather|Sandstorm|[from] ability: Sand Stream|[of] p2b: Tyranitar
|turn|2
|
|t:|1757689534
|switch|p1a: Indeedee|Indeedee-F, L50, F|100/100
|-fieldstart|move: Psychic Terrain|[from] ability: Psychic Surge|[of] p1a: Indeedee
|move|p1b: Hatterene|Protect|p1b: Hatterene
|-singleturn|p1b: Hatterene|Protect
|move|p2b: Tyranitar|Rock Slide|p1a: Indeedee|[spread] p1a
|-activate|p1b: Hatterene|move: Protect
|-damage|p1a: Indeedee|69/100
|-enditem|p1a: Indeedee|Eject Button
|
|t:|1757689545
|switch|p1a: Torkoal|Torkoal, L50, F|100/100
|-weather|SunnyDay|[from] ability: Drought|[of] p1a: Torkoal
|move|p2a: Gholdengo|Make It Rain|p1b: Hatterene|[spread] p1a
|-activate|p1b: Hatterene|move: Protect
|-resisted|p1a: Torkoal
|-damage|p1a: Torkoal|65/100
|-unboost|p2a: Gholdengo|spa|1
|
|-weather|SunnyDay|[upkeep]
|upkeep
|turn|3
|
|t:|1757689568
|move|p1a: Torkoal|Eruption|p2b: Tyranitar|[spread] p2a,p2b
|-supereffective|p2a: Gholdengo
|-resisted|p2b: Tyranitar
|-damage|p2a: Gholdengo|0 fnt
|-damage|p2b: Tyranitar|81/100
|faint|p2a: Gholdengo
|move|p1b: Hatterene|Dazzling Gleam|p2b: Tyranitar
|-supereffective|p2b: Tyranitar
|-damage|p2b: Tyranitar|15/100
|-damage|p1b: Hatterene|32/100|[from] item: Life Orb
|move|p2b: Tyranitar|Rock Slide|p1b: Hatterene|[spread] p1a,p1b
|-supereffective|p1a: Torkoal
|-supereffective|p1b: Hatterene
|-damage|p1a: Torkoal|17/100
|-damage|p1b: Hatterene|0 fnt
|faint|p1b: Hatterene
|
|-weather|SunnyDay|[upkeep]
|upkeep
|
|t:|1757689587
|switch|p1b: Indeedee|Indeedee-F, L50, F|69/100
|switch|p2a: Archaludon|Archaludon, L50, F|100/100
|turn|4
|inactive|washingtongargacha has 30 seconds left.
|inactive|washingtongargacha has 20 seconds left.
|
|t:|1757689623
|-terastallize|p2a: Archaludon|Flying
|move|p1b: Indeedee|Helping Hand|p1a: Torkoal
|-singleturn|p1a: Torkoal|Helping Hand|[of] p1b: Indeedee
|move|p1a: Torkoal|Eruption|p2b: Tyranitar|[spread] p2a,p2b
|-resisted|p2b: Tyranitar
|-damage|p2a: Archaludon|57/100
|-damage|p2b: Tyranitar|8/100
|move|p2b: Tyranitar|Rock Slide|p1b: Indeedee|[spread] p1a
|-miss|p2b: Tyranitar|p1b: Indeedee
|-supereffective|p1a: Torkoal
|-damage|p1a: Torkoal|0 fnt
|faint|p1a: Torkoal
|move|p2a: Archaludon|Draco Meteor|p1b: Indeedee
|-damage|p1b: Indeedee|8/100
|-unboost|p2a: Archaludon|spa|2
|
|-weather|SunnyDay|[upkeep]
|upkeep
|turn|5
|-message|mesochob0 forfeited.
|
|win|washingtongargacha
