|j|☆rodry3
|j|☆Cozmoonshowdown
|html|rodry3Cozmoonshowdown    
|uhtml|bestof|Game 1 of a best-of-3
|t:|1783173851
|gametype|doubles
|player|p1|rodry3|roxie|1139
|player|p2|Cozmoonshowdown|kieran-champion|1040
|gen|9
|tier|[Gen 9 Champions] VGC 2026 Reg M-B (Bo3)
|rated|
|rule|Species Clause: Limit one of each Pokémon
|rule|Item Clause: Limit 1 of each item
|clearpoke
|poke|p1|Blastoise, L50, M|
|poke|p1|Sableye, L50, M|
|poke|p1|Sinistcha, L50|
|poke|p1|Farigiraf, L50, M|
|poke|p1|Sneasler, L50, M|
|poke|p1|Espathra, L50, F|
|poke|p2|Metagross, L50, shiny|
|poke|p2|Archaludon, L50, F|
|poke|p2|Pelipper, L50, M|
|poke|p2|Swampert, L50, F, shiny|
|poke|p2|Grimmsnarl, L50, M|
|poke|p2|Sinistcha, L50|
|teampreview|4
|showteam|p1|Blastoise||Blastoisinite|RainDish|WaterSpout,DarkPulse,ShellSmash,Protect|Modest||M|||50|]Sableye||RoseliBerry|Prankster|Reflect,LightScreen,FakeOut,WillOWisp|Sassy||M|||50|]Sinistcha||KasibBerry|Hospitality|MatchaGotcha,RagePowder,LifeDew,TrickRoom|Bold|||||50|]Farigiraf||ColburBerry|CudChew|Psychic,Thunderbolt,HelpingHand,TrickRoom|Modest||M|||50|]Sneasler||FocusSash|Unburden|DireClaw,CloseCombat,FakeOut,Protect|Naughty||M|||50|]Espathra||SitrusBerry|SpeedBoost|LuminaCrash,CalmMind,BatonPass,Protect|Timid||F|||50|
|showteam|p2|Metagross||Metagrossite|ClearBody|IronHead,BodyPress,PsychicFangs,Protect|Jolly|||||50|]Archaludon||Leftovers|Stamina|ElectroShot,Protect,DragonPulse,FlashCannon|Modest||F|||50|]Pelipper||SitrusBerry|Drizzle|Hurricane,WeatherBall,Tailwind,WideGuard|Modest||M|||50|]Swampert||Swampertite|Torrent|WaveCrash,IcePunch,Earthquake,Protect|Adamant||F|||50|]Grimmsnarl||LightClay|Prankster|LightScreen,Reflect,SpiritBreak,PartingShot|Careful||M|||50|]Sinistcha||CobaBerry|Hospitality|TrickRoom,MatchaGotcha,RagePowder,Protect|Bold|||||50|
|inactive|Battle timer is ON: inactive players will automatically lose when time's up. (requested by Cozmoonshowdown)
|inactive|rodry3 also wants the timer to be on.
|inactive|rodry3 has 60 seconds left.
|inactive|Cozmoonshowdown has 60 seconds left.
|
|t:|1783173899
|teamsize|p1|4
|teamsize|p2|4
|start
|switch|p1a: Sneasler|Sneasler, L50, M|100/100
|switch|p1b: Espathra|Espathra, L50, F|100/100
|switch|p2a: Buff Amphibian|Swampert, L50, F, shiny|100/100
|switch|p2b: Grimmsnarl|Grimmsnarl, L50, M|100/100
|turn|1
|
|t:|1783173911
|detailschange|p2a: Buff Amphibian|Swampert-Mega, L50, F, shiny
|-mega|p2a: Buff Amphibian|Swampert|Swampertite
|move|p1a: Sneasler|Fake Out|p2a: Buff Amphibian
|-damage|p2a: Buff Amphibian|87/100
|move|p2b: Grimmsnarl|Reflect|p2b: Grimmsnarl
|-sidestart|p2: Cozmoonshowdown|Reflect
|move|p1b: Espathra|Calm Mind|p1b: Espathra
|-boost|p1b: Espathra|spa|1
|-boost|p1b: Espathra|spd|1
|cant|p2a: Buff Amphibian|flinch
|
|-ability|p1b: Espathra|Speed Boost|boost
|-boost|p1b: Espathra|spe|1
|upkeep
|turn|2
|inactive|rodry3 has 30 seconds left.
|
|t:|1783173938
|move|p1b: Espathra|Protect|p1b: Espathra
|-singleturn|p1b: Espathra|Protect
|move|p2b: Grimmsnarl|Parting Shot|p1b: Espathra
|-activate|p1b: Espathra|move: Protect
|move|p1a: Sneasler|Dire Claw|p2b: Grimmsnarl
|-supereffective|p2b: Grimmsnarl|1
|-damage|p2b: Grimmsnarl|40/100
|move|p2a: Buff Amphibian|Earthquake|p1a: Sneasler|[spread] p2b,p1a
|-activate|p1b: Espathra|move: Protect
|-supereffective|p1a: Sneasler|1
|-damage|p2b: Grimmsnarl|6/100
|-enditem|p1a: Sneasler|Focus Sash
|-damage|p1a: Sneasler|1/100
|
|-ability|p1b: Espathra|Speed Boost|boost
|-boost|p1b: Espathra|spe|1
|upkeep
|turn|3
|
|t:|1783173962
|move|p2b: Grimmsnarl|Parting Shot|p1b: Espathra
|-unboost|p1b: Espathra|atk|1
|-unboost|p1b: Espathra|spa|1
|
|t:|1783173965
|switch|p2b: Mine? Mine? Mine?|Pelipper, L50, M|100/100|[from] Parting Shot
|-weather|RainDance|[from] ability: Drizzle|[of] p2b: Mine? Mine? Mine?
|move|p1a: Sneasler|Close Combat|p2a: Buff Amphibian
|-damage|p2a: Buff Amphibian|48/100
|-unboost|p1a: Sneasler|def|1
|-unboost|p1a: Sneasler|spd|1
|move|p1b: Espathra|Lumina Crash|p2a: Buff Amphibian
|-damage|p2a: Buff Amphibian|18/100
|-unboost|p2a: Buff Amphibian|spd|2
|move|p2a: Buff Amphibian|Earthquake|p1a: Sneasler|[spread] p1a,p1b
|-immune|p2b: Mine? Mine? Mine?
|-supereffective|p1a: Sneasler|1
|-damage|p1a: Sneasler|0 fnt
|-damage|p1b: Espathra|28/100
|-enditem|p1b: Espathra|Sitrus Berry|[eat]
|-heal|p1b: Espathra|53/100|[from] item: Sitrus Berry
|faint|p1a: Sneasler
|
|-weather|RainDance|[upkeep]
|-ability|p1b: Espathra|Speed Boost|boost
|-boost|p1b: Espathra|spe|1
|upkeep
|
|t:|1783173983
|switch|p1a: Blastoise|Blastoise, L50, M|100/100
|turn|4
|inactive|rodry3 has 30 seconds left.
|inactive|rodry3 has 20 seconds left.
|inactive|Cozmoonshowdown has 30 seconds left.
|inactive|Cozmoonshowdown has 20 seconds left.
|inactive|Cozmoonshowdown has 15 seconds left.
|
|t:|1783174040
|detailschange|p1a: Blastoise|Blastoise-Mega, L50, M
|-mega|p1a: Blastoise|Blastoise|Blastoisinite
|move|p2a: Buff Amphibian|Protect|p2a: Buff Amphibian
|-singleturn|p2a: Buff Amphibian|Protect
|move|p1b: Espathra|Lumina Crash|p2a: Buff Amphibian
|-activate|p2a: Buff Amphibian|move: Protect
|move|p1a: Blastoise|Shell Smash|p1a: Blastoise
|-unboost|p1a: Blastoise|def|1
|-unboost|p1a: Blastoise|spd|1
|-boost|p1a: Blastoise|atk|2
|-boost|p1a: Blastoise|spa|2
|-boost|p1a: Blastoise|spe|2
|move|p2b: Mine? Mine? Mine?|Weather Ball|p1b: Espathra
|-damage|p1b: Espathra|1/100
|
|-weather|RainDance|[upkeep]
|-ability|p1b: Espathra|Speed Boost|boost
|-boost|p1b: Espathra|spe|1
|upkeep
|turn|5
|
|t:|1783174060
|switch|p2b: Performative Male|Sinistcha, L50|100/100
|-heal|p2a: Buff Amphibian|43/100|[from] ability: Hospitality|[of] p2b: Performative Male
|move|p1b: Espathra|Baton Pass|p1b: Espathra
|
|t:|1783174065
|switch|p1b: Sinistcha|Sinistcha, L50|100/100|[from] Baton Pass
|move|p1a: Blastoise|Water Spout|p2a: Buff Amphibian|[spread] p2a,p2b
|-resisted|p2b: Performative Male|1
|-damage|p2a: Buff Amphibian|0 fnt
|-damage|p2b: Performative Male|15/100
|faint|p2a: Buff Amphibian
|
|-weather|RainDance|[upkeep]
|upkeep
|
|t:|1783174074
|switch|p2a: Mine? Mine? Mine?|Pelipper, L50, M|100/100
|turn|6
|
|t:|1783174087
|move|p2a: Mine? Mine? Mine?|Wide Guard|p2a: Mine? Mine? Mine?
|-singleturn|p2a: Mine? Mine? Mine?|Wide Guard
|move|p1b: Sinistcha|Matcha Gotcha|p2a: Mine? Mine? Mine?|[spread] 
|-activate|p2a: Mine? Mine? Mine?|move: Wide Guard
|-activate|p2b: Performative Male|move: Wide Guard
|move|p1a: Blastoise|Water Spout|p2a: Mine? Mine? Mine?|[spread] 
|-activate|p2a: Mine? Mine? Mine?|move: Wide Guard
|-activate|p2b: Performative Male|move: Wide Guard
|move|p2b: Performative Male|Matcha Gotcha|p1a: Blastoise|[spread] p1a,p1b
|-supereffective|p1a: Blastoise|1
|-resisted|p1b: Sinistcha|1
|-damage|p1a: Blastoise|30/100
|-heal|p2b: Performative Male|45/100|[from] drain|[of] p1a: Blastoise
|-damage|p1b: Sinistcha|91/100
|-heal|p2b: Performative Male|50/100y|[from] drain|[of] p1b: Sinistcha
|
|-weather|RainDance|[upkeep]
|upkeep
|turn|7
|
|t:|1783174110
|move|p1b: Sinistcha|Life Dew|p1b: Sinistcha|[spread] p1a,p1b
|-heal|p1a: Blastoise|55/100
|-heal|p1b: Sinistcha|100/100
|move|p1a: Blastoise|Dark Pulse|p2b: Performative Male
|-supereffective|p2b: Performative Male|1
|-damage|p2b: Performative Male|0 fnt
|faint|p2b: Performative Male
|move|p2a: Mine? Mine? Mine?|Hurricane|p1b: Sinistcha
|-supereffective|p1b: Sinistcha|1
|-damage|p1b: Sinistcha|35/100
|
|-weather|none
|upkeep
|
|t:|1783174117
|switch|p2b: Grimmsnarl|Grimmsnarl, L50, M|6/100
|turn|8
|
|t:|1783174131
|move|p2b: Grimmsnarl|Light Screen|p2b: Grimmsnarl
|-sidestart|p2: Cozmoonshowdown|move: Light Screen
|move|p1b: Sinistcha|Life Dew|p1b: Sinistcha|[spread] p1a,p1b
|-heal|p1a: Blastoise|80/100
|-heal|p1b: Sinistcha|61/100
|move|p1a: Blastoise|Dark Pulse|p2a: Mine? Mine? Mine?
|-damage|p2a: Mine? Mine? Mine?|31/100
|-enditem|p2a: Mine? Mine? Mine?|Sitrus Berry|[eat]
|-heal|p2a: Mine? Mine? Mine?|55/100|[from] item: Sitrus Berry
|move|p2a: Mine? Mine? Mine?|Hurricane|p1b: Sinistcha|[miss]
|-miss|p2a: Mine? Mine? Mine?|p1b: Sinistcha
|
|-sideend|p2: Cozmoonshowdown|Reflect
|upkeep
|turn|9
|
|t:|1783174150
|move|p1b: Sinistcha|Life Dew|p1b: Sinistcha|[spread] p1a,p1b
|-heal|p1a: Blastoise|100/100
|-heal|p1b: Sinistcha|86/100
|move|p1a: Blastoise|Dark Pulse|p2a: Mine? Mine? Mine?
|-damage|p2a: Mine? Mine? Mine?|0 fnt
|faint|p2a: Mine? Mine? Mine?
|move|p2b: Grimmsnarl|Spirit Break|p1a: Blastoise
|-damage|p1a: Blastoise|57/100
|-unboost|p1a: Blastoise|spa|1
|
|upkeep
|turn|10
|
|t:|1783174162
|move|p1b: Sinistcha|Matcha Gotcha|p2b: Grimmsnarl
|-damage|p2b: Grimmsnarl|0 fnt
|-heal|p1b: Sinistcha|90/100|[from] drain|[of] p2b: Grimmsnarl
|faint|p2b: Grimmsnarl
|
|win|rodry3
|l|☆Cozmoonshowdown
|player|p2|
||Cozmoonshowdown is ready for game 2.
||rodry3 is ready for game 2.
|uhtml|next|Next: Game 2 of 3
|j|☆Cozmoonshowdown
|player|p2|Cozmoonshowdown|kieran-champion|
|l|☆rodry3
|player|p1|
