|j|☆paintleg4cy
|j|☆25th_mang
|html|paintleg4cy25th_mang    
|uhtml|bestof|Game 2 of a best-of-3
|t:|1782368321
|gametype|doubles
|player|p1|paintleg4cy|dawn-gen4pt|1211
|player|p2|25th_mang|ballguy|1221
|gen|9
|tier|[Gen 9 Champions] VGC 2026 Reg M-B (Bo3)
|rated|
|rule|Species Clause: Limit one of each Pokémon
|rule|Item Clause: Limit 1 of each item
|clearpoke
|poke|p1|Swampert, L50, M, shiny|
|poke|p1|Pelipper, L50, M, shiny|
|poke|p1|Archaludon, L50, M, shiny|
|poke|p1|Grimmsnarl, L50, M, shiny|
|poke|p1|Eelektross, L50, M, shiny|
|poke|p1|Floette-Eternal, L50, F|
|poke|p2|Crabominable, L50, M|
|poke|p2|Farigiraf, L50, F|
|poke|p2|Incineroar, L50, F|
|poke|p2|Archaludon, L50, F|
|poke|p2|Pelipper, L50, F|
|poke|p2|Sinistcha, L50|
|teampreview|4
|showteam|p1|Swampert||Swampertite|Torrent|WaveCrash,Earthquake,IcePunch,Protect|Adamant||M|||50|]Pelipper||FocusSash|Drizzle|Tailwind,Protect,WeatherBall,Hurricane|Modest||M|||50|]Archaludon||Leftovers|Stamina|ElectroShot,DracoMeteor,FlashCannon,Protect|Calm||M|||50|]Grimmsnarl||LightClay|Prankster|Reflect,LightScreen,SpiritBreak,PartingShot|Careful||M|||50|]Eelektross||LifeOrb|Levitate|Thunder,GigaDrain,Discharge,Protect|Modest||M|||50|]Floette-Eternal||Floettite|FlowerVeil|Moonblast,LightofRuin,DazzlingGleam,Protect|Timid||F|||50|
|showteam|p2|Crabominable||Crabominite|HyperCutter|IceHammer,DrainPunch,Protect,ThunderPunch|Brave||M|||50|]Farigiraf||MentalHerb|ArmorTail|TrickRoom,Psychic,HyperVoice,HelpingHand|Relaxed||F|||50|]Incineroar||Charcoal|Intimidate|FakeOut,FlareBlitz,Assurance,Snarl|Adamant||F|||50|]Archaludon||Magnet|Stalwart|ElectroShot,AuraSphere,DracoMeteor,Protect|Quiet||F|||50|]Pelipper||SharpBeak|Drizzle|Hurricane,WeatherBall,WideGuard,Protect|Modest||F|||50|]Sinistcha||SitrusBerry|Hospitality|MatchaGotcha,RagePowder,LifeDew,TrickRoom|Relaxed|||||50|
|inactive|Battle timer is ON: inactive players will automatically lose when time's up. (requested by 25th_mang)
|
|t:|1782368332
|teamsize|p1|4
|teamsize|p2|4
|start
|switch|p1a: Pelipper|Pelipper, L50, M, shiny|100/100
|switch|p1b: Archaludon|Archaludon, L50, M, shiny|100/100
|switch|p2a: My1stFlip|Farigiraf, L50, F|100/100
|switch|p2b: My1stRoar|Incineroar, L50, F|100/100
|-weather|RainDance|[from] ability: Drizzle|[of] p1a: Pelipper
|-ability|p2b: My1stRoar|Intimidate|boost
|-unboost|p1a: Pelipper|atk|1
|-unboost|p1b: Archaludon|atk|1
|turn|1
|
|t:|1782368344
|switch|p1a: Eelektross|Eelektross, L50, M, shiny|100/100
|move|p2b: My1stRoar|Fake Out|p1b: Archaludon
|-resisted|p1b: Archaludon|1
|-damage|p1b: Archaludon|95/100
|-ability|p1b: Archaludon|Stamina|boost
|-boost|p1b: Archaludon|def|1
|cant|p1b: Archaludon|flinch
|move|p2a: My1stFlip|Trick Room|p2a: My1stFlip
|-fieldstart|move: Trick Room|[of] p2a: My1stFlip
|
|-weather|RainDance|[upkeep]
|-heal|p1b: Archaludon|100/100|[from] item: Leftovers
|upkeep
|turn|2
|
|t:|1782368356
|move|p2a: My1stFlip|Psychic|p1a: Eelektross
|-damage|p1a: Eelektross|56/100
|move|p2b: My1stRoar|Assurance|p1a: Eelektross
|-damage|p1a: Eelektross|0 fnt
|faint|p1a: Eelektross
|move|p1b: Archaludon|Electro Shot||[still]
|-prepare|p1b: Archaludon|Electro Shot
|-boost|p1b: Archaludon|spa|1
|-anim|p1b: Archaludon|Electro Shot|p2a: My1stFlip
|-damage|p2a: My1stFlip|53/100
|
|-weather|RainDance|[upkeep]
|upkeep
|
|t:|1782368362
|switch|p1a: Pelipper|Pelipper, L50, M, shiny|100/100
|turn|3
|
|t:|1782368368
|move|p1a: Pelipper|Protect|p1a: Pelipper
|-singleturn|p1a: Pelipper|Protect
|move|p2a: My1stFlip|Psychic|p1a: Pelipper
|-activate|p1a: Pelipper|move: Protect
|move|p2b: My1stRoar|Assurance|p1a: Pelipper
|-activate|p1a: Pelipper|move: Protect
|move|p1b: Archaludon|Electro Shot||[still]
|-prepare|p1b: Archaludon|Electro Shot
|-boost|p1b: Archaludon|spa|1
|-anim|p1b: Archaludon|Electro Shot|p2a: My1stFlip
|-damage|p2a: My1stFlip|0 fnt
|faint|p2a: My1stFlip
|
|-weather|RainDance|[upkeep]
|upkeep
|
|t:|1782368379
|switch|p2a: Doomscroll|Archaludon, L50, F|100/100
|turn|4
|
|t:|1782368386
|switch|p1a: Swampert|Swampert, L50, M, shiny|100/100
|move|p2b: My1stRoar|Snarl|p1b: Archaludon|[spread] p1a,p1b
|-damage|p1a: Swampert|89/100
|-damage|p1b: Archaludon|90/100
|-unboost|p1a: Swampert|spa|1
|-unboost|p1b: Archaludon|spa|1
|-ability|p1b: Archaludon|Stamina|boost
|-boost|p1b: Archaludon|def|1
|move|p2a: Doomscroll|Electro Shot||[still]
|-prepare|p2a: Doomscroll|Electro Shot
|-boost|p2a: Doomscroll|spa|1
|-anim|p2a: Doomscroll|Electro Shot|p1a: Swampert
|-immune|p1a: Swampert
|move|p1b: Archaludon|Electro Shot||[still]
|-prepare|p1b: Archaludon|Electro Shot
|-boost|p1b: Archaludon|spa|1
|-anim|p1b: Archaludon|Electro Shot|p2b: My1stRoar
|-damage|p2b: My1stRoar|27/100
|
|-weather|RainDance|[upkeep]
|-heal|p1b: Archaludon|96/100|[from] item: Leftovers
|upkeep
|turn|5
|
|t:|1782368401
|switch|p2b: Hockey Rivalry|Crabominable, L50, M|100/100
|detailschange|p1a: Swampert|Swampert-Mega, L50, M, shiny
|-mega|p1a: Swampert|Swampert|Swampertite
|move|p1b: Archaludon|Protect|p1b: Archaludon
|-singleturn|p1b: Archaludon|Protect
|move|p1a: Swampert|Protect|p1a: Swampert
|-singleturn|p1a: Swampert|Protect
|move|p2a: Doomscroll|Aura Sphere|p1b: Archaludon
|-activate|p1b: Archaludon|move: Protect
|
|-weather|none
|-heal|p1b: Archaludon|100/100|[from] item: Leftovers
|-fieldend|move: Trick Room
|upkeep
|turn|6
|
|t:|1782368422
|switch|p2b: My1stRoar|Incineroar, L50, F|27/100
|-ability|p2b: My1stRoar|Intimidate|boost
|-unboost|p1a: Swampert|atk|1
|-unboost|p1b: Archaludon|atk|1
|move|p1a: Swampert|Wave Crash|p2b: My1stRoar
|-supereffective|p2b: My1stRoar|1
|-damage|p2b: My1stRoar|0 fnt
|faint|p2b: My1stRoar
|-damage|p1a: Swampert|79/100|[from] Recoil
|move|p1b: Archaludon|Draco Meteor|p2a: Doomscroll
|-damage|p2a: Doomscroll|0 fnt
|-unboost|p1b: Archaludon|spa|2
|faint|p2a: Doomscroll
|
|upkeep
|-message|25th_mang forfeited.
|
|win|paintleg4cy
|l|☆25th_mang
|player|p2|
|j|☆25th_mang
|player|p2|25th_mang|ballguy|
||paintleg4cy is ready for game 3.
||25th_mang is ready for game 3.
|uhtml|next|Next: Game 3 of 3
|l|☆paintleg4cy
|player|p1|
|l|☆25th_mang
|player|p2|
|j|☆25th_mang
|player|p2|25th_mang|ballguy|
