|j|☆avigolvgc
|j|☆washingtongargacha
|html|avigolvgcwashingtongargacha    
|uhtml|bestof|Game 3 of a best-of-3
|t:|1757204717
|gametype|doubles
|player|p1|avigolvgc|2|1177
|player|p2|washingtongargacha|169|1083
|gen|9
|tier|[Gen 9] VGC 2025 Reg H (Bo3)
|rated|
|rule|Species Clause: Limit one of each Pokémon
|rule|Item Clause: Limit 1 of each item
|clearpoke
|poke|p1|Farigiraf, L50, F|
|poke|p1|Sylveon, L50, F|
|poke|p1|Rillaboom, L50, M|
|poke|p1|Dragonite, L50, F|
|poke|p1|Incineroar, L50, M|
|poke|p1|Sneasler, L50, M|
|poke|p2|Talonflame, L50, M|
|poke|p2|Gholdengo, L50|
|poke|p2|Dragonite, L50, M|
|poke|p2|Archaludon, L50, M|
|poke|p2|Tyranitar, L50, M|
|poke|p2|Garchomp, L50, M|
|teampreview|4
|showteam|p1|Farigiraf||ThroatSpray|ArmorTail|PsychicNoise,HyperVoice,TrickRoom,Protect|||F|||50|,,,,,Fairy]Sylveon||PixiePlate|Pixilate|HyperVoice,TeraBlast,CalmMind,Protect|||F|||50|,,,,,Fire]Rillaboom||AssaultVest|GrassySurge|WoodHammer,GrassyGlide,Uturn,FakeOut|||M|||50|,,,,,Fire]Dragonite||SafetyGoggles|InnerFocus|ExtremeSpeed,TeraBlast,DragonDance,Protect|||F|||50|,,,,,Flying]Incineroar||SitrusBerry|Intimidate|KnockOff,PartingShot,Snarl,FakeOut|||M|||50|,,,,,Dragon]Sneasler||FocusSash|Unburden|DireClaw,CloseCombat,Uturn,Protect|||M|||50|,,,,,Ghost
|showteam|p2|Talonflame||CovertCloak|GaleWings|Tailwind,DualWingbeat,Taunt,FlareBlitz|||M|||50|,,,,,Ghost]Gholdengo||ChoiceSpecs|GoodasGold|MakeItRain,SteelBeam,ShadowBall,PowerGem||||||50|,,,,,Flying]Dragonite||LoadedDice|Multiscale|ScaleShot,IceSpinner,Haze,Protect|||M|||50|,,,,,Steel]Archaludon||PowerHerb|Sturdy|FlashCannon,ElectroShot,DracoMeteor,Protect|||M|||50|,,,,,Flying]Tyranitar||AssaultVest|SandStream|KnockOff,RockSlide,TeraBlast,LowKick|||M|||50|,,,,,Flying]Garchomp||LifeOrb|RoughSkin|DragonClaw,StompingTantrum,Earthquake,Protect|||M|||50|,,,,,Steel
|
|t:|1757204753
|teamsize|p1|4
|teamsize|p2|4
|start
|switch|p1a: Samuel|Incineroar, L50, M, shiny|100/100
|switch|p1b: Claudia|Farigiraf, L50, F, shiny|100/100
|switch|p2a: Talonflame|Talonflame, L50, M|100/100
|switch|p2b: Gholdengo|Gholdengo, L50|100/100
|-ability|p1a: Samuel|Intimidate|boost
|-unboost|p2a: Talonflame|atk|1
|-unboost|p2b: Gholdengo|atk|1
|turn|1
|c|☆avigolvgc|how did I won the last one? I went downstairs to get my food
|c|☆washingtongargacha|man
|
|t:|1757204786
|switch|p2b: Tyranitar|Tyranitar, L50, M|100/100
|-weather|Sandstorm|[from] ability: Sand Stream|[of] p2b: Tyranitar
|move|p2a: Talonflame|Taunt|p1b: Claudia
|-start|p1b: Claudia|move: Taunt
|move|p1b: Claudia|Psychic Noise|p2a: Talonflame
|-damage|p2a: Talonflame|57/100
|-enditem|p1b: Claudia|Throat Spray
|-boost|p1b: Claudia|spa|1|[from] item: Throat Spray
|move|p1a: Samuel|Knock Off|p2b: Tyranitar
|-resisted|p2b: Tyranitar
|-damage|p2b: Tyranitar|84/100
|-enditem|p2b: Tyranitar|Assault Vest|[from] move: Knock Off|[of] p1a: Samuel
|
|-weather|Sandstorm|[upkeep]
|-damage|p2a: Talonflame|51/100|[from] Sandstorm
|-damage|p1b: Claudia|94/100|[from] Sandstorm
|-damage|p1a: Samuel|95/100|[from] Sandstorm
|upkeep
|turn|2
|c|☆washingtongargacha|just play
|
|t:|1757204819
|switch|p2a: Gholdengo|Gholdengo, L50|100/100
|switch|p1b: Noroña|Rillaboom, L50, M|100/100
|-fieldstart|move: Grassy Terrain|[from] ability: Grassy Surge|[of] p1b: Noroña
|-terastallize|p1a: Samuel|Dragon
|move|p2b: Tyranitar|Rock Slide|p1a: Samuel|[spread] p1a,p1b
|-damage|p1a: Samuel|66/100
|-damage|p1b: Noroña|70/100
|move|p1a: Samuel|Parting Shot|p2b: Tyranitar
|-unboost|p2b: Tyranitar|atk|1
|-unboost|p2b: Tyranitar|spa|1
|
|t:|1757204834
|switch|p1a: Claudia|Farigiraf, L50, F, shiny|94/100|[from] Parting Shot
|
|-weather|Sandstorm|[upkeep]
|-damage|p1b: Noroña|64/100|[from] Sandstorm
|-damage|p1a: Claudia|88/100|[from] Sandstorm
|-heal|p1b: Noroña|70/100|[from] Grassy Terrain
|-heal|p2b: Tyranitar|90/100|[from] Grassy Terrain
|-heal|p1a: Claudia|94/100|[from] Grassy Terrain
|upkeep
|turn|3
|
|t:|1757204864
|move|p1b: Noroña|Fake Out|p2b: Tyranitar
|-resisted|p2b: Tyranitar
|-damage|p2b: Tyranitar|83/100
|move|p2a: Gholdengo|Make It Rain|p1b: Noroña|[spread] p1a,p1b
|-damage|p1a: Claudia|20/100
|-damage|p1b: Noroña|8/100
|-unboost|p2a: Gholdengo|spa|1
|cant|p2b: Tyranitar|flinch
|move|p1a: Claudia|Trick Room|p1a: Claudia
|-fieldstart|move: Trick Room|[of] p1a: Claudia
|
|-weather|Sandstorm|[upkeep]
|-damage|p1a: Claudia|14/100|[from] Sandstorm
|-damage|p1b: Noroña|2/100|[from] Sandstorm
|-heal|p1a: Claudia|20/100|[from] Grassy Terrain
|-heal|p2b: Tyranitar|89/100|[from] Grassy Terrain
|-heal|p1b: Noroña|8/100|[from] Grassy Terrain
|upkeep
|turn|4
|
|t:|1757204919
|switch|p2b: Talonflame|Talonflame, L50, M|51/100
|move|p1b: Noroña|Grassy Glide|p2a: Gholdengo
|-resisted|p2a: Gholdengo
|-crit|p2a: Gholdengo
|-damage|p2a: Gholdengo|67/100
|move|p1a: Claudia|Hyper Voice|p2a: Gholdengo|[spread] p2b
|-immune|p2a: Gholdengo
|-damage|p2b: Talonflame|12/100
|move|p2a: Gholdengo|Make It Rain|p1a: Claudia|[spread] p1a,p1b
|-damage|p1a: Claudia|0 fnt
|-damage|p1b: Noroña|0 fnt
|-unboost|p2a: Gholdengo|spa|1
|faint|p1a: Claudia
|faint|p1b: Noroña
|
|-weather|Sandstorm|[upkeep]
|-damage|p2b: Talonflame|6/100|[from] Sandstorm
|-heal|p2a: Gholdengo|73/100|[from] Grassy Terrain
|upkeep
|
|t:|1757204937
|switch|p1a: Samuel|Incineroar, L50, M, shiny, tera:Dragon|66/100
|switch|p1b: Malova|Sylveon, L50, F|100/100
|-ability|p1a: Samuel|Intimidate|boost
|-unboost|p2a: Gholdengo|atk|1
|-unboost|p2b: Talonflame|atk|1
|turn|5
|
|t:|1757204950
|switch|p2a: Tyranitar|Tyranitar, L50, M|89/100
|move|p1b: Malova|Hyper Voice|p2b: Talonflame|[spread] p2a,p2b
|-supereffective|p2a: Tyranitar
|-resisted|p2b: Talonflame
|-damage|p2a: Tyranitar|39/100
|-damage|p2b: Talonflame|0 fnt
|faint|p2b: Talonflame
|move|p1a: Samuel|Knock Off|p2a: Tyranitar
|-resisted|p2a: Tyranitar
|-damage|p2a: Tyranitar|29/100
|
|-weather|none
|-heal|p1a: Samuel|72/100|[from] Grassy Terrain
|-heal|p2a: Tyranitar|35/100|[from] Grassy Terrain
|upkeep
|
|t:|1757204965
|switch|p2b: Archaludon|Archaludon, L50, M|100/100
|turn|6
|
|t:|1757205004
|-terastallize|p2b: Archaludon|Flying
|move|p1a: Samuel|Knock Off|p2b: Archaludon
|-damage|p2b: Archaludon|69/100
|-enditem|p2b: Archaludon|Power Herb|[from] move: Knock Off|[of] p1a: Samuel
|move|p1b: Malova|Hyper Voice|p2b: Archaludon|[spread] p2a,p2b
|-supereffective|p2a: Tyranitar
|-damage|p2a: Tyranitar|0 fnt
|-damage|p2b: Archaludon|4/100
|faint|p2a: Tyranitar
|move|p2b: Archaludon|Electro Shot||[still]
|-prepare|p2b: Archaludon|Electro Shot
|-boost|p2b: Archaludon|spa|1
|
|-heal|p1a: Samuel|78/100|[from] Grassy Terrain
|-fieldend|move: Grassy Terrain
|upkeep
|
|t:|1757205017
|switch|p2a: Gholdengo|Gholdengo, L50|73/100
|turn|7
|
|t:|1757205027
|move|p1a: Samuel|Knock Off|p2a: Gholdengo
|-supereffective|p2a: Gholdengo
|-damage|p2a: Gholdengo|0 fnt
|-enditem|p2a: Gholdengo|Choice Specs|[from] move: Knock Off|[of] p1a: Samuel
|faint|p2a: Gholdengo
|move|p1b: Malova|Hyper Voice|p2b: Archaludon
|-damage|p2b: Archaludon|0 fnt
|faint|p2b: Archaludon
|
|win|avigolvgc
|raw|avigolvgc's rating: 1177 → 1195(+18 for winning)
|raw|washingtongargacha's rating: 1083 → 1066(-17 for losing)
