|j|☆tsteelerfan
|j|☆homerj71
|html|tsteelerfanhomerj71    
|uhtml|bestof|Game 2 of a best-of-3
|t:|1785776990
|gametype|doubles
|player|p1|tsteelerfan|1|1159
|player|p2|homerj71|169|1105
|gen|9
|tier|[Gen 9 Champions] VGC 2026 Reg M-B (Bo3)
|rated|
|rule|Species Clause: Limit one of each Pokémon
|rule|Item Clause: Limit 1 of each item
|clearpoke
|poke|p1|Farigiraf, L50, F|
|poke|p1|Skeledirge, L50, M|
|poke|p1|Dragalge, L50, F|
|poke|p1|Milotic, L50, F|
|poke|p1|Scrafty, L50, F|
|poke|p1|Kingambit, L50, F|
|poke|p2|Tyranitar, L50, F|
|poke|p2|Staraptor, L50, F|
|poke|p2|Gholdengo, L50|
|poke|p2|Excadrill, L50, F|
|poke|p2|Sinistcha, L50|
|poke|p2|Milotic, L50, M|
|teampreview|4
|showteam|p1|Farigiraf||SitrusBerry|ArmorTail|TrickRoom,Protect,Psychic,Thunderbolt|Relaxed||F|||50|]Skeledirge||PasshoBerry|Unaware|ShadowBall,EarthPower,TorchSong,HyperVoice|Quiet||M|||50|]Dragalge||Dragalgite|Adaptability|DragonPulse,FocusBlast,SludgeBomb,Protect|Quiet||F|||50|]Milotic||Leftovers|Competitive|Coil,Hypnosis,HydroPump,Protect|Timid||F|||50|]Scrafty||Scraftinite|Intimidate|FakeOut,Detect,KnockOff,CloseCombat|Brave||F|||50|]Kingambit||ShucaBerry|Defiant|SuckerPunch,SwordsDance,KowtowCleave,Protect|Brave||F|||50|
|showteam|p2|Tyranitar||Tyranitarite|SandStream|KnockOff,RockSlide,Protect,LowKick|Jolly||F|||50|]Staraptor||Staraptite|Intimidate|DualWingbeat,CloseCombat,Protect,Tailwind|Jolly||F|||50|]Gholdengo||LifeOrb|GoodasGold|MakeItRain,NastyPlot,Protect,ShadowBall|Timid|||||50|]Excadrill||FocusSash|SandRush|HighHorsepower,IronHead,RockSlide,Protect|Adamant||F|||50|]Sinistcha||SitrusBerry|Hospitality|MatchaGotcha,RagePowder,ShadowBall,Protect|Calm|||||50|]Milotic||Leftovers|Competitive|Scald,IcyWind,Protect,IceBeam|Modest||M|||50|
|inactive|Battle timer is ON: inactive players will automatically lose when time's up. (requested by homerj71)
|l|☆tsteelerfan
|inactive|tsteelerfan disconnected and has a minute to reconnect!
|player|p1|
|j|☆tsteelerfan
|inactive|tsteelerfan reconnected and has 75 seconds left.
|player|p1|tsteelerfan|1|
|inactive|tsteelerfan has 60 seconds left.
|inactive|homerj71 has 60 seconds left.
|
|t:|1785777034
|teamsize|p1|4
|teamsize|p2|4
|start
|switch|p1a: Scrafty|Scrafty, L50, F|100/100
|switch|p1b: Farigiraf|Farigiraf, L50, F|100/100
|switch|p2a: Milotic|Milotic, L50, M|100/100
|switch|p2b: Excadrill|Excadrill, L50, F|100/100
|-ability|p1a: Scrafty|Intimidate|boost
|-unboost|p2a: Milotic|atk|1
|-ability|p2a: Milotic|Competitive|boost
|-boost|p2a: Milotic|spa|2
|-unboost|p2b: Excadrill|atk|1
|turn|1
|inactive|tsteelerfan has 30 seconds left.
|
|t:|1785777069
|switch|p2b: Gholdengo|Gholdengo, L50|100/100
|detailschange|p1a: Scrafty|Scrafty-Mega, L50, F
|-mega|p1a: Scrafty|Scrafty|Scraftinite
|-ability|p1a: Scrafty|Intimidate|boost
|-unboost|p2a: Milotic|atk|1
|-ability|p2a: Milotic|Competitive|boost
|-boost|p2a: Milotic|spa|2
|-unboost|p2b: Gholdengo|atk|1
|move|p1a: Scrafty|Fake Out|p2a: Milotic
|-damage|p2a: Milotic|86/100
|cant|p2a: Milotic|flinch
|move|p1b: Farigiraf|Trick Room|p1b: Farigiraf
|-fieldstart|move: Trick Room|[of] p1b: Farigiraf
|
|-heal|p2a: Milotic|92/100|[from] item: Leftovers
|upkeep
|turn|2
|inactive|homerj71 has 30 seconds left.
|
|t:|1785777095
|move|p1b: Farigiraf|Protect|p1b: Farigiraf
|-singleturn|p1b: Farigiraf|Protect
|move|p1a: Scrafty|Knock Off|p2b: Gholdengo
|-supereffective|p2b: Gholdengo|1
|-damage|p2b: Gholdengo|0 fnt
|-enditem|p2b: Gholdengo|Life Orb|[from] move: Knock Off|[of] p1a: Scrafty
|faint|p2b: Gholdengo
|move|p2a: Milotic|Icy Wind|p1b: Farigiraf|[spread] p1a
|-activate|p1b: Farigiraf|move: Protect
|-damage|p1a: Scrafty|71/100
|-unboost|p1a: Scrafty|spe|1
|
|-heal|p2a: Milotic|98/100|[from] item: Leftovers
|upkeep
|
|t:|1785777111
|switch|p2b: Tyranitar|Tyranitar, L50, F|100/100
|-weather|Sandstorm|[from] ability: Sand Stream|[of] p2b: Tyranitar
|turn|3
|
|t:|1785777124
|move|p2b: Tyranitar|Protect|p2b: Tyranitar
|-singleturn|p2b: Tyranitar|Protect
|move|p1a: Scrafty|Close Combat|p2b: Tyranitar
|-activate|p2b: Tyranitar|move: Protect
|move|p1b: Farigiraf|Thunderbolt|p2a: Milotic
|-supereffective|p2a: Milotic|1
|-damage|p2a: Milotic|63/100
|move|p2a: Milotic|Scald|p1a: Scrafty
|-damage|p1a: Scrafty|0 fnt
|faint|p1a: Scrafty
|
|-weather|Sandstorm|[upkeep]
|-damage|p1b: Farigiraf|93/100|[from] Sandstorm
|-damage|p2a: Milotic|57/100|[from] Sandstorm
|-heal|p2a: Milotic|63/100|[from] item: Leftovers
|upkeep
|
|t:|1785777134
|switch|p1a: Skeledirge|Skeledirge, L50, M|100/100
|turn|4
|
|t:|1785777144
|move|p1b: Farigiraf|Thunderbolt|p2a: Milotic
|-supereffective|p2a: Milotic|1
|-damage|p2a: Milotic|26/100
|move|p1a: Skeledirge|Earth Power|p2b: Tyranitar
|-supereffective|p2b: Tyranitar|1
|-damage|p2b: Tyranitar|65/100
|move|p2a: Milotic|Scald|p1a: Skeledirge
|-supereffective|p1a: Skeledirge|1
|-enditem|p1a: Skeledirge|Passho Berry|[eat]
|-enditem|p1a: Skeledirge|Passho Berry|[weaken]
|-damage|p1a: Skeledirge|66/100
|move|p2b: Tyranitar|Knock Off|p1b: Farigiraf
|-supereffective|p1b: Farigiraf|1
|-damage|p1b: Farigiraf|13/100
|-enditem|p1b: Farigiraf|Sitrus Berry|[from] move: Knock Off|[of] p2b: Tyranitar
|
|-weather|Sandstorm|[upkeep]
|-damage|p1b: Farigiraf|7/100|[from] Sandstorm
|-damage|p1a: Skeledirge|60/100|[from] Sandstorm
|-damage|p2a: Milotic|20/100y|[from] Sandstorm
|-heal|p2a: Milotic|26/100|[from] item: Leftovers
|upkeep
|turn|5
|inactive|tsteelerfan has 30 seconds left.
|inactive|tsteelerfan has 20 seconds left.
|
|t:|1785777180
|switch|p1b: Milotic|Milotic, L50, F|100/100
|move|p2a: Milotic|Protect|p2a: Milotic
|-singleturn|p2a: Milotic|Protect
|move|p2b: Tyranitar|Protect|p2b: Tyranitar
|-singleturn|p2b: Tyranitar|Protect
|move|p1a: Skeledirge|Earth Power|p2b: Tyranitar
|-activate|p2b: Tyranitar|move: Protect
|
|-weather|Sandstorm|[upkeep]
|-damage|p1a: Skeledirge|54/100|[from] Sandstorm
|-damage|p2a: Milotic|20/100y|[from] Sandstorm
|-damage|p1b: Milotic|94/100|[from] Sandstorm
|-heal|p2a: Milotic|26/100|[from] item: Leftovers
|-heal|p1b: Milotic|100/100|[from] item: Leftovers
|-fieldend|move: Trick Room
|upkeep
|turn|6
|
|t:|1785777197
|detailschange|p2b: Tyranitar|Tyranitar-Mega, L50, F
|-mega|p2b: Tyranitar|Tyranitar|Tyranitarite
|move|p1b: Milotic|Hydro Pump|p2b: Tyranitar
|-supereffective|p2b: Tyranitar|1
|-damage|p2b: Tyranitar|22/100
|move|p2b: Tyranitar|Knock Off|p1b: Milotic
|-damage|p1b: Milotic|40/100
|-enditem|p1b: Milotic|Leftovers|[from] move: Knock Off|[of] p2b: Tyranitar
|move|p2a: Milotic|Scald|p1a: Skeledirge
|-supereffective|p1a: Skeledirge|1
|-damage|p1a: Skeledirge|0 fnt
|faint|p1a: Skeledirge
|
|-weather|Sandstorm|[upkeep]
|-damage|p1b: Milotic|34/100|[from] Sandstorm
|-damage|p2a: Milotic|20/100y|[from] Sandstorm
|-heal|p2a: Milotic|26/100|[from] item: Leftovers
|upkeep
|
|t:|1785777206
|switch|p1a: Farigiraf|Farigiraf, L50, F|7/100
|turn|7
|
|t:|1785777215
|move|p1b: Milotic|Hydro Pump|p2a: Milotic
|-resisted|p2a: Milotic|1
|-damage|p2a: Milotic|13/100
|move|p2b: Tyranitar|Rock Slide|p1b: Milotic|[spread] p1a,p1b
|-damage|p1a: Farigiraf|0 fnt
|-damage|p1b: Milotic|0 fnt
|faint|p1a: Farigiraf
|faint|p1b: Milotic
|
|win|homerj71
|raw|tsteelerfan's rating: 1159 → 1130(-29 for losing)
|raw|homerj71's rating: 1105 → 1134(+29 for winning)
