|j|☆blackstorm games
|j|☆WashYoButt
|html|blackstorm gamesWashYoButt    
|uhtml|bestof|Game 2 of a best-of-3
|t:|1756236450
|gametype|doubles
|player|p1|blackstorm games|266|1198
|player|p2|WashYoButt|ariana|1093
|gen|9
|tier|[Gen 9] VGC 2025 Reg H (Bo3)
|rated|
|rule|Species Clause: Limit one of each Pokémon
|rule|Item Clause: Limit 1 of each item
|clearpoke
|poke|p1|Gholdengo, L50|
|poke|p1|Incineroar, L50, F|
|poke|p1|Amoonguss, L50, F|
|poke|p1|Dragonite, L50, F|
|poke|p1|Primarina, L50, F|
|poke|p1|Garchomp, L50, F|
|poke|p2|Ribombee, L50, M|
|poke|p2|Hydreigon, L50, F|
|poke|p2|Gholdengo, L50|
|poke|p2|Milotic, L50, M|
|poke|p2|Talonflame, L50, F|
|poke|p2|Sneasler, L50, M|
|teampreview|4
|showteam|p1|Gholdengo||LifeOrb|GoodasGold|MakeItRain,ShadowBall,NastyPlot,Protect||||||50|,,,,,Water]Incineroar||SafetyGoggles|Intimidate|KnockOff,FlareBlitz,FakeOut,PartingShot|||F|||50|,,,,,Ghost]Amoonguss||CovertCloak|Regenerator|RagePowder,PollenPuff,Protect,Spore|||F|||50|,,,,,Dark]Dragonite||LoadedDice|Multiscale|ScaleShot,Tailwind,Protect,Haze|||F|||50|,,,,,Fairy]Primarina||AssaultVest|LiquidVoice|HyperVoice,Moonblast,IcyWind,DazzlingGleam|||F|||50|,,,,,Poison]Garchomp||ClearAmulet|RoughSkin|DragonClaw,Earthquake,SwordsDance,Protect|||F|||50|,,,,,Fire
|showteam|p2|Ribombee||ChoiceSpecs|ShieldDust|Moonblast,Psychic,PollenPuff,EnergyBall|||M|||50|,,,,,Psychic]Hydreigon||AssaultVest|Levitate|Snarl,DragonPulse,EarthPower,DarkPulse|||F|||50|,,,,,Poison]Gholdengo||Leftovers|GoodasGold|Protect,NastyPlot,MakeItRain,ShadowBall||||||50|,,,,,Dragon]Milotic||SitrusBerry|Competitive|Protect,Haze,IceBeam,Scald|||M|||50|,,,,,Grass]Talonflame||CovertCloak|GaleWings|Tailwind,Taunt,FlareBlitz,BraveBird|||F|||50|,,,,,Grass]Sneasler||FocusSash|Unburden|Protect,DireClaw,CloseCombat,ThroatChop|||M|||50|,,,,,Stellar
|inactive|Battle timer is ON: inactive players will automatically lose when time's up. (requested by WashYoButt)
|
|t:|1756236481
|teamsize|p1|4
|teamsize|p2|4
|start
|switch|p1a: Primarina|Primarina, L50, F|100/100
|switch|p1b: Amoonguss|Amoonguss, L50, F|100/100
|switch|p2a: Sneasler|Sneasler, L50, M|100/100
|switch|p2b: Milotic|Milotic, L50, M|100/100
|turn|1
|
|t:|1756236496
|-terastallize|p1a: Primarina|Poison
|move|p2a: Sneasler|Dire Claw|p1b: Amoonguss
|-damage|p1b: Amoonguss|62/100
|move|p2b: Milotic|Ice Beam|p1b: Amoonguss
|-supereffective|p1b: Amoonguss
|-damage|p1b: Amoonguss|26/100
|move|p1a: Primarina|Hyper Voice|p2a: Sneasler|[spread] p2a,p2b
|-resisted|p2b: Milotic
|-damage|p2a: Sneasler|52/100
|-damage|p2b: Milotic|88/100
|move|p1b: Amoonguss|Spore|p2a: Sneasler
|-status|p2a: Sneasler|slp|[from] move: Spore
|
|upkeep
|turn|2
|
|t:|1756236519
|move|p1b: Amoonguss|Protect|p1b: Amoonguss
|-singleturn|p1b: Amoonguss|Protect
|cant|p2a: Sneasler|slp
|move|p2b: Milotic|Ice Beam|p1b: Amoonguss
|-activate|p1b: Amoonguss|move: Protect
|move|p1a: Primarina|Moonblast|p2b: Milotic
|-damage|p2b: Milotic|52/100
|
|upkeep
|turn|3
|
|t:|1756236540
|cant|p2a: Sneasler|slp
|move|p2b: Milotic|Ice Beam|p1b: Amoonguss
|-supereffective|p1b: Amoonguss
|-damage|p1b: Amoonguss|0 fnt
|faint|p1b: Amoonguss
|move|p1a: Primarina|Moonblast|p2b: Milotic
|-damage|p2b: Milotic|17/100
|-enditem|p2b: Milotic|Sitrus Berry|[eat]
|-heal|p2b: Milotic|42/100|[from] item: Sitrus Berry
|
|upkeep
|
|t:|1756236550
|switch|p1b: Garchomp|Garchomp, L50, F|100/100
|turn|4
|
|t:|1756236570
|cant|p2a: Sneasler|slp
|move|p1b: Garchomp|Dragon Claw|p2b: Milotic
|-damage|p2b: Milotic|7/100
|move|p2b: Milotic|Ice Beam|p1b: Garchomp
|-supereffective|p1b: Garchomp
|-damage|p1b: Garchomp|4/100
|move|p1a: Primarina|Moonblast|p2b: Milotic
|-damage|p2b: Milotic|0 fnt
|faint|p2b: Milotic
|
|upkeep
|
|t:|1756236580
|switch|p2b: Ribombee|Ribombee, L50, M|100/100
|turn|5
|
|t:|1756236586
|-terastallize|p2b: Ribombee|Psychic
|move|p1b: Garchomp|Protect|p1b: Garchomp
|-singleturn|p1b: Garchomp|Protect
|move|p2b: Ribombee|Psychic|p1a: Primarina
|-supereffective|p1a: Primarina
|-damage|p1a: Primarina|32/100
|-curestatus|p2a: Sneasler|slp|[msg]
|move|p2a: Sneasler|Dire Claw|p1b: Garchomp
|-activate|p1b: Garchomp|move: Protect
|move|p1a: Primarina|Hyper Voice|p2b: Ribombee|[spread] p2a,p2b
|-damage|p2a: Sneasler|0 fnt
|-damage|p2b: Ribombee|32/100
|faint|p2a: Sneasler
|
|upkeep
|
|t:|1756236590
|switch|p2a: Gholdengo|Gholdengo, L50|100/100
|turn|6
|
|t:|1756236612
|move|p2b: Ribombee|Psychic|p1b: Garchomp
|-damage|p1b: Garchomp|0 fnt
|faint|p1b: Garchomp
|move|p2a: Gholdengo|Nasty Plot|p2a: Gholdengo
|-boost|p2a: Gholdengo|spa|2
|move|p1a: Primarina|Hyper Voice|p2a: Gholdengo|[spread] p2a,p2b
|-damage|p2a: Gholdengo|70/100
|-damage|p2b: Ribombee|0 fnt
|faint|p2b: Ribombee
|
|-heal|p2a: Gholdengo|76/100|[from] item: Leftovers
|upkeep
|
|t:|1756236622
|switch|p1b: Incineroar|Incineroar, L50, F|100/100
|-ability|p1b: Incineroar|Intimidate|boost
|-unboost|p2a: Gholdengo|atk|1
|turn|7
|
|t:|1756236632
|move|p1b: Incineroar|Flare Blitz|p2a: Gholdengo
|-supereffective|p2a: Gholdengo
|-damage|p2a: Gholdengo|0 fnt
|faint|p2a: Gholdengo
|-damage|p1b: Incineroar|76/100|[from] Recoil
|
|win|blackstorm games
|raw|blackstorm games's rating: 1198 → 1216(+18 for winning)
|raw|WashYoButt's rating: 1093 → 1076(-17 for losing)
|l|☆WashYoButt
|player|p2|
