|j|☆catatataus
|j|☆AstroGroundz
|html|catatatausAstroGroundz    
|uhtml|bestof|Game 1 of a best-of-3
|t:|1785343639
|gametype|doubles
|player|p1|catatataus|170|1061
|player|p2|AstroGroundz|brendan-contest|1123
|gen|9
|tier|[Gen 9 Champions] VGC 2026 Reg M-B (Bo3)
|rated|
|rule|Species Clause: Limit one of each Pokémon
|rule|Item Clause: Limit 1 of each item
|clearpoke
|poke|p1|Gardevoir, L50, F, shiny|
|poke|p1|Rotom-Heat, L50|
|poke|p1|Aegislash, L50, F, shiny|
|poke|p1|Tauros-Paldea-Aqua, L50, M, shiny|
|poke|p1|Aerodactyl, L50, F|
|poke|p1|Hydreigon, L50, F|
|poke|p2|Steelix, L50, M|
|poke|p2|Gardevoir, L50, F, shiny|
|poke|p2|Tyranitar, L50, M|
|poke|p2|Incineroar, L50, M, shiny|
|poke|p2|Sinistcha, L50|
|poke|p2|Kommo-o, L50, M|
|teampreview|4
|showteam|p1|Gardevoir||Gardevoirite|Trace|Psyshock,HyperVoice,CalmMind,Protect|Modest||F|||50|]Rotom-Heat||ChoiceScarf|Levitate|VoltSwitch,Overheat,Thunderbolt,Electroweb|Timid|||||50|]Aegislash||SpellTag|StanceChange|IronHead,Poltergeist,ShadowSneak,KingsShield|Adamant||F|||50|]Tauros-Paldea-Aqua||MysticWater|Intimidate|CloseCombat,WaveCrash,AquaJet,Protect|Careful||M|||50|]Aerodactyl||FocusSash|Unnerve|RockSlide,DualWingbeat,Tailwind,Protect|Jolly||F|||50|]Hydreigon||ChopleBerry|Levitate|DarkPulse,DracoMeteor,EarthPower,Protect|Modest||F|||50|
|showteam|p2|Steelix||Steelixite|Sturdy|HeavySlam,HighHorsepower,WideGuard,Protect|Careful||M|||50|]Gardevoir||Gardevoirite|Trace|HyperVoice,Psyshock,Protect,TrickRoom|Quiet||F|||50|]Tyranitar||LifeOrb|SandStream|RockSlide,KnockOff,DragonDance,Protect|Adamant||M|||50|]Incineroar||ShucaBerry|Intimidate|FlareBlitz,ThroatChop,FakeOut,PartingShot|Impish||M|||50|]Sinistcha||SitrusBerry|Hospitality|MatchaGotcha,LifeDew,RagePowder,TrickRoom|Calm|||||50|]Kommo-o||Leftovers|Bulletproof|AuraSphere,ClangingScales,ClangorousSoul,Protect|Modest||M|||50|
|inactive|Battle timer is ON: inactive players will automatically lose when time's up. (requested by AstroGroundz)
|
|t:|1785343671
|teamsize|p1|4
|teamsize|p2|4
|start
|switch|p1a: Gardevoir|Gardevoir, L50, F, shiny|100/100
|switch|p1b: Aerodactyl|Aerodactyl, L50, F|100/100
|switch|p2a: Wife|Gardevoir, L50, F, shiny|100/100
|switch|p2b: WolfeVGC|Incineroar, L50, M, shiny|100/100
|-ability|p1b: Aerodactyl|Unnerve
|-ability|p1a: Gardevoir|Intimidate|Trace|[from] ability: Trace|[of] p2b: WolfeVGC
|-ability|p1a: Gardevoir|Intimidate|boost
|-unboost|p2a: Wife|atk|1
|-unboost|p2b: WolfeVGC|atk|1
|-ability|p2a: Wife|Intimidate|Trace|[from] ability: Trace|[of] p1a: Gardevoir
|-ability|p2a: Wife|Intimidate|boost
|-unboost|p1a: Gardevoir|atk|1
|-unboost|p1b: Aerodactyl|atk|1
|-ability|p2b: WolfeVGC|Intimidate|boost
|-unboost|p1a: Gardevoir|atk|1
|-unboost|p1b: Aerodactyl|atk|1
|turn|1
|inactive|AstroGroundz has 30 seconds left.
|
|t:|1785343701
|detailschange|p1a: Gardevoir|Gardevoir-Mega, L50, F, shiny
|-mega|p1a: Gardevoir|Gardevoir|Gardevoirite
|detailschange|p2a: Wife|Gardevoir-Mega, L50, F, shiny
|-mega|p2a: Wife|Gardevoir|Gardevoirite
|move|p1b: Aerodactyl|Tailwind|p1b: Aerodactyl
|-sidestart|p1: catatataus|move: Tailwind
|move|p1a: Gardevoir|Calm Mind|p1a: Gardevoir
|-boost|p1a: Gardevoir|spa|1
|-boost|p1a: Gardevoir|spd|1
|move|p2a: Wife|Hyper Voice|p1a: Gardevoir|[spread] p1a,p1b
|-damage|p1a: Gardevoir|70/100
|-damage|p1b: Aerodactyl|17/100
|move|p2b: WolfeVGC|Flare Blitz|p1a: Gardevoir
|-damage|p1a: Gardevoir|32/100
|-damage|p2b: WolfeVGC|89/100|[from] Recoil
|
|upkeep
|turn|2
|inactive|AstroGroundz has 30 seconds left.
|
|t:|1785343728
|move|p2a: Wife|Protect|p2a: Wife
|-singleturn|p2a: Wife|Protect
|move|p1b: Aerodactyl|Rock Slide|p2b: WolfeVGC|[spread] p2b
|-activate|p2a: Wife|move: Protect
|-supereffective|p2b: WolfeVGC|1
|-crit|p2b: WolfeVGC
|-damage|p2b: WolfeVGC|32/100
|move|p1a: Gardevoir|Hyper Voice|p2a: Wife|[spread] p2b
|-activate|p2a: Wife|move: Protect
|-damage|p2b: WolfeVGC|0 fnt
|faint|p2b: WolfeVGC
|
|upkeep
|
|t:|1785343741
|switch|p2b: Onixite|Steelix, L50, M|100/100
|turn|3
|
|t:|1785343749
|move|p2b: Onixite|Wide Guard|p2b: Onixite
|-singleturn|p2b: Onixite|Wide Guard
|move|p1b: Aerodactyl|Rock Slide|p2a: Wife|[spread] 
|-activate|p2a: Wife|move: Wide Guard
|-activate|p2b: Onixite|move: Wide Guard
|move|p1a: Gardevoir|Hyper Voice|p2b: Onixite|[spread] 
|-activate|p2a: Wife|move: Wide Guard
|-activate|p2b: Onixite|move: Wide Guard
|move|p2a: Wife|Hyper Voice|p1a: Gardevoir|[spread] p1a,p1b
|-damage|p1a: Gardevoir|2/100
|-damage|p1b: Aerodactyl|0 fnt
|faint|p1b: Aerodactyl
|
|upkeep
|
|t:|1785343766
|switch|p1b: Aegislash|Aegislash, L50, F, shiny|100/100
|turn|4
|
|t:|1785343786
|switch|p2a: Godzilla|Tyranitar, L50, M|100/100
|-weather|Sandstorm|[from] ability: Sand Stream|[of] p2a: Godzilla
|move|p1a: Gardevoir|Hyper Voice|p2a: Godzilla|[spread] p2a,p2b
|-supereffective|p2a: Godzilla|1
|-resisted|p2b: Onixite|1
|-damage|p2a: Godzilla|23/100
|-damage|p2b: Onixite|62/100
|-formechange|p1b: Aegislash|Aegislash-Blade|
|move|p1b: Aegislash|Poltergeist|p2a: Godzilla
|-activate|p2a: Godzilla|move: Poltergeist|Life Orb
|-resisted|p2a: Godzilla|1
|-damage|p2a: Godzilla|0 fnt
|faint|p2a: Godzilla
|move|p2b: Onixite|High Horsepower|p1b: Aegislash
|-supereffective|p1b: Aegislash|1
|-damage|p1b: Aegislash|0 fnt
|faint|p1b: Aegislash
|
|-weather|Sandstorm|[upkeep]
|-damage|p1a: Gardevoir|0 fnt|[from] Sandstorm
|faint|p1a: Gardevoir
|-sideend|p1: catatataus|move: Tailwind
|upkeep
|inactive|catatataus has 30 seconds left.
|
|t:|1785343818
|switch|p1a: Tauros|Tauros-Paldea-Aqua, L50, M, shiny|100/100
|switch|p2a: Wife|Gardevoir-Mega, L50, F, shiny|100/100
|-ability|p1a: Tauros|Intimidate|boost
|-unboost|p2a: Wife|atk|1
|-unboost|p2b: Onixite|atk|1
|turn|5
|
|t:|1785343838
|move|p1a: Tauros|Protect|p1a: Tauros
|-singleturn|p1a: Tauros|Protect
|move|p2a: Wife|Hyper Voice|p1a: Tauros
|-activate|p1a: Tauros|move: Protect
|move|p2b: Onixite|High Horsepower|p1a: Tauros
|-activate|p1a: Tauros|move: Protect
|
|-weather|Sandstorm|[upkeep]
|-damage|p1a: Tauros|93/100|[from] Sandstorm
|-damage|p2a: Wife|94/100|[from] Sandstorm
|upkeep
|turn|6
|
|t:|1785343851
|move|p1a: Tauros|Wave Crash|p2a: Wife
|-damage|p2a: Wife|8/100
|-damage|p1a: Tauros|66/100|[from] Recoil
|move|p2a: Wife|Hyper Voice|p1a: Tauros
|-supereffective|p1a: Tauros|1
|-damage|p1a: Tauros|0 fnt
|faint|p1a: Tauros
|
|win|AstroGroundz
||AstroGroundz is ready for game 2.
||catatataus is ready for game 2.
|uhtml|next|Next: Game 2 of 3
|l|☆AstroGroundz
|player|p2|
|j|☆AstroGroundz
|player|p2|AstroGroundz|brendan-contest|
