|j|‽yungleandoer96
|j|☆marcosdeltasena31
|html|yungleandoer96marcosdeltasena31    
|uhtml|bestof|Game 1 of a best-of-3
|t:|1757796080
|gametype|doubles
|player|p1|yungleandoer96|pokemonbreeder-gen4|1331
|player|p2|marcosdeltasena31|hilbert|1433
|gen|9
|tier|[Gen 9] VGC 2025 Reg H (Bo3)
|rated|
|rule|Species Clause: Limit one of each Pokémon
|rule|Item Clause: Limit 1 of each item
|clearpoke
|poke|p1|Incineroar, L50, F|
|poke|p1|Amoonguss, L50, F|
|poke|p1|Ursaluna-Bloodmoon, L50, M|
|poke|p1|Sneasler, L50, F|
|poke|p1|Gholdengo, L50|
|poke|p1|Dragonite, L50, M|
|poke|p2|Dragonite, L50, F|
|poke|p2|Sneasler, L50, F|
|poke|p2|Volcarona, L50, F|
|poke|p2|Rillaboom, L50, M|
|poke|p2|Kingambit, L50, F|
|poke|p2|Electabuzz, L50, F|
|teampreview|4
|showteam|p1|Incineroar||SafetyGoggles|Intimidate|FlareBlitz,KnockOff,PartingShot,FakeOut|||F|||50|,,,,,Ghost]Amoonguss||SitrusBerry|Regenerator|Spore,RagePowder,PollenPuff,Protect|||F|||50|,,,,,Psychic]Ursaluna-Bloodmoon||AssaultVest|MindsEye|HyperVoice,BloodMoon,EarthPower,VacuumWave|||M|||50|,,,,,Water]Sneasler||FocusSash|Unburden|CloseCombat,DireClaw,FakeOut,Protect|||F|||50|,,,,,Stellar]Gholdengo||LifeOrb|GoodasGold|MakeItRain,ShadowBall,NastyPlot,Protect||||||50|,,,,,Water]Dragonite||LoadedDice|Multiscale|ScaleShot,Tailwind,Haze,Protect|||M|||50|,,,,,Fairy
|showteam|p2|Dragonite||LoadedDice|Multiscale|ScaleShot,ExtremeSpeed,Haze,Protect|||F|||50|,,,,,Fairy]Sneasler||FocusSash|PoisonTouch|DireClaw,CloseCombat,FakeOut,Coaching|||F|||50|,,,,,Ghost]Volcarona||CovertCloak|FlameBody|HeatWave,TeraBlast,QuiverDance,Protect|||F|||50|,,,,,Fairy]Rillaboom||AssaultVest|GrassySurge|WoodHammer,FakeOut,GrassyGlide,HighHorsepower|||M|||50|,,,,,Fire]Kingambit||BlackGlasses|Defiant|KowtowCleave,SwordsDance,SuckerPunch,Protect|||F|||50|,,,,,Dark]Electabuzz||Eviolite|VitalSpirit|Thunderbolt,FollowMe,Taunt,Protect|||F|||50|,,,,,Ghost
|
|t:|1757796133
|teamsize|p1|4
|teamsize|p2|4
|start
|switch|p1a: Sneasler|Sneasler, L50, F|100/100
|switch|p1b: Incineroar|Incineroar, L50, F|100/100
|switch|p2a: Dragonite|Dragonite, L50, F|100/100
|switch|p2b: Electabuzz|Electabuzz, L50, F|100/100
|-ability|p1b: Incineroar|Intimidate|boost
|-unboost|p2a: Dragonite|atk|1
|-unboost|p2b: Electabuzz|atk|1
|turn|1
|
|t:|1757796171
|move|p1a: Sneasler|Protect|p1a: Sneasler
|-singleturn|p1a: Sneasler|Protect
|move|p2a: Dragonite|Protect|p2a: Dragonite
|-singleturn|p2a: Dragonite|Protect
|move|p2b: Electabuzz|Thunderbolt|p1a: Sneasler
|-activate|p1a: Sneasler|move: Protect
|move|p1b: Incineroar|Knock Off|p2b: Electabuzz
|-damage|p2b: Electabuzz|71/100
|-enditem|p2b: Electabuzz|Eviolite|[from] move: Knock Off|[of] p1b: Incineroar
|
|upkeep
|turn|2
|
|t:|1757796196
|switch|p1a: Ursaluna|Ursaluna-Bloodmoon, L50, M|100/100
|move|p2b: Electabuzz|Follow Me|p2b: Electabuzz
|-singleturn|p2b: Electabuzz|move: Follow Me
|move|p2a: Dragonite|Scale Shot|p1a: Ursaluna
|-damage|p1a: Ursaluna|92/100
|-damage|p1a: Ursaluna|84/100
|-damage|p1a: Ursaluna|77/100
|-damage|p1a: Ursaluna|69/100
|-hitcount|p1a: Ursaluna|4
|-unboost|p2a: Dragonite|def|1
|-boost|p2a: Dragonite|spe|1
|move|p1b: Incineroar|Knock Off|p2b: Electabuzz
|-damage|p2b: Electabuzz|37/100
|
|upkeep
|turn|3
|
|t:|1757796220
|move|p2a: Dragonite|Protect|p2a: Dragonite
|-singleturn|p2a: Dragonite|Protect
|move|p2b: Electabuzz|Thunderbolt|p1b: Incineroar
|-damage|p1b: Incineroar|73/100
|move|p1b: Incineroar|Parting Shot|p2b: Electabuzz
|-unboost|p2b: Electabuzz|atk|1
|-unboost|p2b: Electabuzz|spa|1
|
|t:|1757796225
|switch|p1b: Dragonite|Dragonite, L50, M|100/100|[from] Parting Shot
|move|p1a: Ursaluna|Hyper Voice|p2b: Electabuzz|[spread] p2b
|-activate|p2a: Dragonite|move: Protect
|-damage|p2b: Electabuzz|0 fnt
|faint|p2b: Electabuzz
|
|upkeep
|
|t:|1757796229
|switch|p2b: Sneasler|Sneasler, L50, F|100/100
|turn|4
|
|t:|1757796242
|switch|p1a: Incineroar|Incineroar, L50, F|73/100
|-ability|p1a: Incineroar|Intimidate|boost
|-unboost|p2a: Dragonite|atk|1
|-unboost|p2b: Sneasler|atk|1
|-terastallize|p2a: Dragonite|Fairy
|-terastallize|p1b: Dragonite|Fairy
|move|p2a: Dragonite|Haze|p2a: Dragonite
|-clearallboost
|move|p2b: Sneasler|Close Combat|p1a: Incineroar
|-supereffective|p1a: Incineroar
|-damage|p1a: Incineroar|0 fnt
|-unboost|p2b: Sneasler|def|1
|-unboost|p2b: Sneasler|spd|1
|faint|p1a: Incineroar
|move|p1b: Dragonite|Scale Shot|p2b: Sneasler
|-damage|p2b: Sneasler|62/100
|-crit|p2b: Sneasler
|-damage|p2b: Sneasler|9/100
|-damage|p2b: Sneasler|0 fnt
|faint|p2b: Sneasler
|-hitcount|p2: Sneasler|3
|-unboost|p1b: Dragonite|def|1
|-boost|p1b: Dragonite|spe|1
|
|upkeep
|
|t:|1757796259
|switch|p2b: Volcarona|Volcarona, L50, F|100/100
|switch|p1a: Sneasler|Sneasler, L50, F|100/100
|turn|5
|
|t:|1757796284
|move|p1a: Sneasler|Fake Out|p2a: Dragonite
|-damage|p2a: Dragonite|92/100
|move|p1b: Dragonite|Scale Shot|p2b: Volcarona
|-damage|p2b: Volcarona|78/100
|-damage|p2b: Volcarona|59/100
|-damage|p2b: Volcarona|37/100
|-crit|p2b: Volcarona
|-damage|p2b: Volcarona|7/100
|-hitcount|p2b: Volcarona|4
|-unboost|p1b: Dragonite|def|1
|-boost|p1b: Dragonite|spe|1
|move|p2b: Volcarona|Heat Wave|p1a: Sneasler|[spread] p1a,p1b
|-damage|p1a: Sneasler|47/100
|-damage|p1b: Dragonite|83/100
|-status|p1b: Dragonite|brn
|cant|p2a: Dragonite|flinch
|
|-damage|p1b: Dragonite|77/100 brn|[from] brn
|upkeep
|turn|6
|
|t:|1757796310
|move|p2b: Volcarona|Protect|p2b: Volcarona
|-singleturn|p2b: Volcarona|Protect
|move|p2a: Dragonite|Extreme Speed|p1a: Sneasler
|-damage|p1a: Sneasler|0 fnt
|faint|p1a: Sneasler
|move|p1b: Dragonite|Scale Shot|p2b: Volcarona
|-activate|p2b: Volcarona|move: Protect
|
|-damage|p1b: Dragonite|71/100 brn|[from] brn
|upkeep
|
|t:|1757796313
|switch|p1a: Ursaluna|Ursaluna-Bloodmoon, L50, M|69/100
|turn|7
|
|t:|1757796327
|move|p2a: Dragonite|Extreme Speed|p1b: Dragonite
|-damage|p1b: Dragonite|0 fnt
|faint|p1b: Dragonite
|move|p2b: Volcarona|Heat Wave|p1a: Ursaluna
|-damage|p1a: Ursaluna|36/100
|move|p1a: Ursaluna|Hyper Voice|p2a: Dragonite|[spread] p2a,p2b
|-damage|p2a: Dragonite|51/100
|-damage|p2b: Volcarona|0 fnt
|faint|p2b: Volcarona
|
|upkeep
|turn|8
|
|t:|1757796338
|move|p2a: Dragonite|Scale Shot|p1a: Ursaluna|[miss]
|-miss|p2a: Dragonite|p1a: Ursaluna
|move|p1a: Ursaluna|Blood Moon|p2a: Dragonite
|-damage|p2a: Dragonite|0 fnt
|faint|p2a: Dragonite
|
|win|yungleandoer96
||yungleandoer96 is ready for game 2.
