|j|☆lakosrostos12
|j|☆uglybeast
|html|lakosrostos12uglybeast    
|uhtml|bestof|Game 1 of a best-of-3
|t:|1757157462
|gametype|doubles
|player|p1|lakosrostos12|101|1222
|player|p2|uglybeast|lucas|1320
|gen|9
|tier|[Gen 9] VGC 2025 Reg H (Bo3)
|rated|
|rule|Species Clause: Limit one of each Pokémon
|rule|Item Clause: Limit 1 of each item
|clearpoke
|poke|p1|Sneasler, L50, M|
|poke|p1|Indeedee, L50, M|
|poke|p1|Volcarona, L50, F|
|poke|p1|Ursaluna-Bloodmoon, L50, M|
|poke|p1|Annihilape, L50, F|
|poke|p1|Tyranitar, L50, M|
|poke|p2|Murkrow, L50, F|
|poke|p2|Ursaluna-Bloodmoon, L50, M|
|poke|p2|Sneasler, L50, M|
|poke|p2|Dragapult, L50, F|
|poke|p2|Armarouge, L50, M|
|poke|p2|Indeedee-F, L50, F|
|teampreview|4
|showteam|p1|Sneasler||PsychicSeed|Unburden|CloseCombat,DireClaw,ShadowClaw,Protect|||M|||50|,,,,,Ghost]Indeedee||ChoiceScarf|PsychicSurge|ExpandingForce,TeraBlast,Trick,AfterYou|||M|||50|,,,,,Psychic]Volcarona||SitrusBerry|FlameBody|StruggleBug,RagePowder,Tailwind,Overheat|||F|||50|,,,,,Grass]Ursaluna-Bloodmoon||LifeOrb|MindsEye|BloodMoon,HyperVoice,EarthPower,Protect|||M|||50|,,,,,Normal]Annihilape||SafetyGoggles|Defiant|CloseCombat,RageFist,Taunt,FinalGambit|||F|||50|,,,,,Fairy]Tyranitar||AssaultVest|SandStream|RockSlide,KnockOff,TeraBlast,LowKick|||M|||50|,,,,,Flying
|showteam|p2|Murkrow||Eviolite|Prankster|Haze,SunnyDay,Tailwind,BraveBird|||F|||50|,,,,,Ghost]Ursaluna-Bloodmoon||LifeOrb|MindsEye|BloodMoon,HyperVoice,Protect,EarthPower|||M|||50|,,,,,Normal]Sneasler||PsychicSeed|Unburden|ThroatChop,DireClaw,CloseCombat,Protect|||M|||50|,,,,,Dark]Dragapult||ChoiceBand|ClearBody|DragonDarts,Outrage,Uturn,PhantomForce|||F|||50|,,,,,Dragon]Armarouge||PowerHerb|FlashFire|HeatWave,MeteorBeam,ExpandingForce,Protect|||M|||50|,,,,,Grass]Indeedee-F||RockyHelmet|PsychicSurge|DazzlingGleam,FollowMe,HelpingHand,TrickRoom|||F|||50|,,,,,Grass
|
|t:|1757157536
|teamsize|p1|4
|teamsize|p2|4
|start
|switch|p1a: Sneasler|Sneasler, L50, M|100/100
|switch|p1b: Indeedee|Indeedee, L50, M|100/100
|switch|p2a: Anagnoman|Sneasler, L50, M|100/100
|switch|p2b: Kwstas|Murkrow, L50, F|100/100
|-fieldstart|move: Psychic Terrain|[from] ability: Psychic Surge|[of] p1b: Indeedee
|-enditem|p2a: Anagnoman|Psychic Seed
|-boost|p2a: Anagnoman|spd|1|[from] item: Psychic Seed
|-enditem|p1a: Sneasler|Psychic Seed
|-boost|p1a: Sneasler|spd|1|[from] item: Psychic Seed
|turn|1
|inactive|Battle timer is ON: inactive players will automatically lose when time's up. (requested by lakosrostos12)
|
|t:|1757157565
|switch|p1b: Tyranitar|Tyranitar, L50, M|100/100
|-weather|Sandstorm|[from] ability: Sand Stream|[of] p1b: Tyranitar
|move|p2b: Kwstas|Tailwind|p2b: Kwstas
|-sidestart|p2: uglybeast|move: Tailwind
|move|p2a: Anagnoman|Throat Chop|p1b: Tyranitar
|-resisted|p1b: Tyranitar
|-damage|p1b: Tyranitar|87/100
|-start|p1b: Tyranitar|Throat Chop|[silent]
|move|p1a: Sneasler|Dire Claw|p2a: Anagnoman
|-resisted|p2a: Anagnoman
|-damage|p2a: Anagnoman|61/100
|
|-weather|Sandstorm|[upkeep]
|-damage|p2a: Anagnoman|56/100|[from] Sandstorm
|-damage|p1a: Sneasler|95/100|[from] Sandstorm
|-damage|p2b: Kwstas|95/100|[from] Sandstorm
|upkeep
|turn|2
|inactive|lakosrostos12 has 30 seconds left.
|inactive|uglybeast has 30 seconds left.
|
|t:|1757157599
|-terastallize|p1b: Tyranitar|Flying
|move|p2a: Anagnoman|Protect|p2a: Anagnoman
|-singleturn|p2a: Anagnoman|Protect
|move|p1a: Sneasler|Protect|p1a: Sneasler
|-singleturn|p1a: Sneasler|Protect
|move|p2b: Kwstas|Brave Bird|p1a: Sneasler
|-activate|p1a: Sneasler|move: Protect
|move|p1b: Tyranitar|Tera Blast|p2a: Anagnoman|[anim] Tera Blast Flying
|-activate|p2a: Anagnoman|move: Protect
|
|-weather|Sandstorm|[upkeep]
|-damage|p2a: Anagnoman|50/100|[from] Sandstorm
|-damage|p1a: Sneasler|89/100|[from] Sandstorm
|-damage|p2b: Kwstas|89/100|[from] Sandstorm
|-damage|p1b: Tyranitar|81/100|[from] Sandstorm
|-end|p1b: Tyranitar|Throat Chop|[silent]
|upkeep
|turn|3
|inactive|lakosrostos12 has 30 seconds left.
|inactive|uglybeast has 30 seconds left.
|inactive|lakosrostos12 has 20 seconds left.
|inactive|lakosrostos12 has 15 seconds left.
|inactive|lakosrostos12 has 10 seconds left.
|inactive|lakosrostos12 has 5 seconds left.
|
|t:|1757157650
|switch|p2b: Giandam|Armarouge, L50, M|100/100
|move|p2a: Anagnoman|Dire Claw|p1b: Tyranitar
|-damage|p1b: Tyranitar|43/100
|move|p1a: Sneasler|Dire Claw|p2b: Giandam
|-damage|p2b: Giandam|53/100
|-status|p2b: Giandam|par
|move|p1b: Tyranitar|Tera Blast|p2a: Anagnoman|[anim] Tera Blast Flying
|-supereffective|p2a: Anagnoman
|-damage|p2a: Anagnoman|0 fnt
|faint|p2a: Anagnoman
|
|-weather|Sandstorm|[upkeep]
|-damage|p1a: Sneasler|83/100|[from] Sandstorm
|-damage|p2b: Giandam|47/100 par|[from] Sandstorm
|-damage|p1b: Tyranitar|37/100|[from] Sandstorm
|upkeep
|inactive|uglybeast has 30 seconds left.
|
|t:|1757157683
|switch|p2a: Kwstas|Murkrow, L50, F|89/100
|turn|4
|
|t:|1757157698
|move|p1a: Sneasler|Close Combat|p2a: Kwstas
|-damage|p2a: Kwstas|11/100
|-unboost|p1a: Sneasler|def|1
|-unboost|p1a: Sneasler|spd|1
|move|p2a: Kwstas|Brave Bird|p1a: Sneasler
|-supereffective|p1a: Sneasler
|-damage|p1a: Sneasler|0 fnt
|faint|p1a: Sneasler
|-damage|p2a: Kwstas|0 fnt|[from] Recoil
|faint|p2a: Kwstas
|move|p2b: Giandam|Meteor Beam||[still]
|-prepare|p2b: Giandam|Meteor Beam
|-boost|p2b: Giandam|spa|1
|-enditem|p2b: Giandam|Power Herb
|-anim|p2b: Giandam|Meteor Beam|p1b: Tyranitar
|-supereffective|p1b: Tyranitar
|-damage|p1b: Tyranitar|0 fnt
|faint|p1b: Tyranitar
|
|-weather|Sandstorm|[upkeep]
|-damage|p2b: Giandam|41/100 par|[from] Sandstorm
|-sideend|p2: uglybeast|move: Tailwind
|upkeep
|
|t:|1757157717
|switch|p1a: Indeedee|Indeedee, L50, M|100/100
|switch|p2a: Paschalis|Ursaluna-Bloodmoon, L50, M|100/100
|switch|p1b: Annihilape|Annihilape, L50, F|100/100
|turn|5
|inactive|lakosrostos12 has 30 seconds left.
|
|t:|1757157745
|move|p2a: Paschalis|Protect|p2a: Paschalis
|-singleturn|p2a: Paschalis|Protect
|move|p2b: Giandam|Protect|p2b: Giandam
|-singleturn|p2b: Giandam|Protect
|move|p1a: Indeedee|Expanding Force|p2b: Giandam|[spread] 
|-activate|p2a: Paschalis|move: Protect
|-activate|p2b: Giandam|move: Protect
|move|p1b: Annihilape|Close Combat|p2a: Paschalis
|-activate|p2a: Paschalis|move: Protect
|
|-weather|none
|-fieldend|move: Psychic Terrain
|upkeep
|turn|6
|
|t:|1757157767
|move|p2a: Paschalis|Protect||[still]
|-fail|p2a: Paschalis
|move|p1a: Indeedee|Expanding Force|p2b: Giandam
|-resisted|p2b: Giandam
|-damage|p2b: Giandam|14/100 par
|move|p1b: Annihilape|Close Combat|p2a: Paschalis
|-supereffective|p2a: Paschalis
|-damage|p2a: Paschalis|18/100
|-unboost|p1b: Annihilape|def|1
|-unboost|p1b: Annihilape|spd|1
|cant|p2b: Giandam|par
|
|upkeep
|turn|7
|inactive|uglybeast has 30 seconds left.
|
|t:|1757157797
|move|p2a: Paschalis|Protect|p2a: Paschalis
|-singleturn|p2a: Paschalis|Protect
|move|p1a: Indeedee|Expanding Force|p2b: Giandam
|-resisted|p2b: Giandam
|-damage|p2b: Giandam|0 fnt
|faint|p2b: Giandam
|move|p1b: Annihilape|Close Combat|p2a: Paschalis
|-activate|p2a: Paschalis|move: Protect
|
|upkeep
|turn|8
|
|t:|1757157810
|move|p1a: Indeedee|Expanding Force|p2a: Paschalis
|-damage|p2a: Paschalis|0 fnt
|faint|p2a: Paschalis
|
|win|lakosrostos12
||lakosrostos12 is ready for game 2.
||uglybeast is ready for game 2.
|uhtml|next|Next: Game 2 of 3
|l|☆lakosrostos12
|player|p1|
