|j|☆f49 buffchary
|j|☆Oscarm92
|html|f49 buffcharyOscarm92    
|uhtml|bestof|Game 2 of a best-of-3
|t:|1784134821
|gametype|doubles
|player|p1|f49 buffchary|101|1417
|player|p2|Oscarm92|102|1350
|gen|9
|tier|[Gen 9 Champions] VGC 2026 Reg M-B (Bo3)
|rated|
|rule|Species Clause: Limit one of each Pokémon
|rule|Item Clause: Limit 1 of each item
|clearpoke
|poke|p1|Charizard, L50, M|
|poke|p1|Whimsicott, L50, M|
|poke|p1|Kingambit, L50, F|
|poke|p1|Basculegion, L50, M|
|poke|p1|Garchomp, L50, M|
|poke|p1|Floette-Eternal, L50, F|
|poke|p2|Charizard, L50, M, shiny|
|poke|p2|Aerodactyl, L50, F|
|poke|p2|Garchomp, L50, M, shiny|
|poke|p2|Kingambit, L50, M|
|poke|p2|Sylveon, L50, F|
|poke|p2|Farigiraf, L50, F|
|teampreview|4
|showteam|p1|Charizard||CharizarditeY|Blaze|HeatWave,WeatherBall,SolarBeam,Protect|Modest||M|||50|]Whimsicott||FocusSash|Prankster|Protect,Moonblast,Encore,Tailwind|Timid||M|||50|]Kingambit||BlackGlasses|Defiant|KowtowCleave,SuckerPunch,IronHead,Protect|Adamant||F|||50|]Basculegion||LifeOrb|Adaptability|WaveCrash,LastRespects,AquaJet,Protect|Adamant||M|||50|]Garchomp||SitrusBerry|RoughSkin|Earthquake,RockSlide,DragonClaw,Protect|Jolly||M|||50|]Floette-Eternal||Floettite|FlowerVeil|Moonblast,DazzlingGleam,LightofRuin,Protect|Modest||F|||50|
|showteam|p2|Charizard||CharizarditeY|Blaze|HeatWave,WeatherBall,SolarBeam,Protect|Modest||M|||50|]Aerodactyl||Aerodactylite|Unnerve|IceFang,RockSlide,Tailwind,DualWingbeat|Jolly||F|||50|]Garchomp||LifeOrb|RoughSkin|DragonClaw,StompingTantrum,Earthquake,Protect|Jolly||M|||50|]Kingambit||FocusSash|Defiant|SuckerPunch,KowtowCleave,IronHead,LowKick|Adamant||M|||50|]Sylveon||FairyFeather|Pixilate|QuickAttack,HyperVoice,HyperBeam,Protect|Modest||F|||50|]Farigiraf||SitrusBerry|ArmorTail|TrickRoom,Thunderbolt,Roar,Psychic|Bold||F|||50|
|inactive|Battle timer is ON: inactive players will automatically lose when time's up. (requested by f49 buffchary)
|
|t:|1784134844
|teamsize|p1|4
|teamsize|p2|4
|start
|switch|p1a: Charizard|Charizard, L50, M|100/100
|switch|p1b: Garchomp|Garchomp, L50, M|100/100
|switch|p2a: Aerodactyl|Aerodactyl, L50, F|100/100
|switch|p2b: Kingambit|Kingambit, L50, M|100/100
|-ability|p2a: Aerodactyl|Unnerve
|turn|1
|inactive|f49 buffchary has 30 seconds left.
|inactive|Oscarm92 has 30 seconds left.
|
|t:|1784134878
|detailschange|p2a: Aerodactyl|Aerodactyl-Mega, L50, F
|-mega|p2a: Aerodactyl|Aerodactyl|Aerodactylite
|detailschange|p1a: Charizard|Charizard-Mega-Y, L50, M
|-mega|p1a: Charizard|Charizard|Charizardite Y
|-weather|SunnyDay|[from] ability: Drought|[of] p1a: Charizard
|move|p1b: Garchomp|Protect|p1b: Garchomp
|-singleturn|p1b: Garchomp|Protect
|move|p2a: Aerodactyl|Ice Fang|p1b: Garchomp
|-activate|p1b: Garchomp|move: Protect
|move|p1a: Charizard|Weather Ball|p2b: Kingambit
|-supereffective|p2b: Kingambit|1
|-enditem|p2b: Kingambit|Focus Sash
|-damage|p2b: Kingambit|1/100
|move|p2b: Kingambit|Kowtow Cleave|p1a: Charizard
|-damage|p1a: Charizard|60/100
|
|-weather|SunnyDay|[upkeep]
|upkeep
|turn|2
|inactive|f49 buffchary has 30 seconds left.
|inactive|Oscarm92 has 30 seconds left.
|
|t:|1784134910
|switch|p1b: Kingambit|Kingambit, L50, F|100/100
|switch|p2b: Sylveon|Sylveon, L50, F|100/100
|move|p2a: Aerodactyl|Rock Slide|p1b: Kingambit|[spread] p1a,p1b
|-supereffective|p1a: Charizard|2
|-resisted|p1b: Kingambit|1
|-damage|p1a: Charizard|0 fnt
|-damage|p1b: Kingambit|91/100
|faint|p1a: Charizard
|
|-weather|SunnyDay|[upkeep]
|upkeep
|
|t:|1784134921
|switch|p1a: Garchomp|Garchomp, L50, M|100/100
|turn|3
|
|t:|1784134945
|move|p2a: Aerodactyl|Ice Fang|p1a: Garchomp
|-supereffective|p1a: Garchomp|2
|-damage|p1a: Garchomp|0 fnt
|-damage|p2a: Aerodactyl|87/100|[from] ability: Rough Skin|[of] p1a: Garchomp
|faint|p1a: Garchomp
|move|p2b: Sylveon|Hyper Beam|p1b: Kingambit
|-damage|p1b: Kingambit|0 fnt
|-mustrecharge|p2b: Sylveon
|faint|p1b: Kingambit
|
|-weather|SunnyDay|[upkeep]
|upkeep
|
|t:|1784134949
|switch|p1b: Basculegion|Basculegion, L50, M|100/100
|turn|4
|
|t:|1784134965
|move|p2a: Aerodactyl|Tailwind|p2a: Aerodactyl
|-sidestart|p2: Oscarm92|move: Tailwind
|cant|p2b: Sylveon|recharge
|move|p1b: Basculegion|Last Respects|p2a: Aerodactyl
|-damage|p2a: Aerodactyl|0 fnt
|faint|p2a: Aerodactyl
|-damage|p1b: Basculegion|90/100|[from] item: Life Orb
|
|-weather|SunnyDay|[upkeep]
|upkeep
|
|t:|1784134976
|switch|p2a: Kingambit|Kingambit, L50, M|1/100
|turn|5
|
|t:|1784134981
|move|p1b: Basculegion|Aqua Jet|p2a: Kingambit
|-damage|p2a: Kingambit|0 fnt
|faint|p2a: Kingambit
|-damage|p1b: Basculegion|80/100|[from] item: Life Orb
|move|p2b: Sylveon|Hyper Voice|p1b: Basculegion
|-damage|p1b: Basculegion|4/100
|
|-weather|none
|upkeep
|
|t:|1784134984
|switch|p2a: Farigiraf|Farigiraf, L50, F|100/100
|turn|6
|
|t:|1784134989
|move|p2b: Sylveon|Hyper Voice|p1b: Basculegion
|-damage|p1b: Basculegion|0 fnt
|faint|p1b: Basculegion
|
|win|Oscarm92
|raw|f49 buffchary's rating: 1417 → 1393(-24 for losing)
|raw|Oscarm92's rating: 1350 → 1374(+24 for winning)
|c|☆f49 buffchary|Ggs
|l|☆f49 buffchary
|player|p1|
