|j|☆Rg67
|j|‽Triplefofwg
|html|Rg67Triplefofwg    
|uhtml|bestof|Game 1 of a best-of-3
|t:|1757003764
|gametype|doubles
|player|p1|Rg67|nate|1058
|player|p2|Triplefofwg|266|1000
|gen|9
|tier|[Gen 9] VGC 2025 Reg H (Bo3)
|rated|
|rule|Species Clause: Limit one of each Pokémon
|rule|Item Clause: Limit 1 of each item
|clearpoke
|poke|p1|Annihilape, L50, M|
|poke|p1|Dragonite, L50, M|
|poke|p1|Gholdengo, L50|
|poke|p1|Whimsicott, L50, F|
|poke|p1|Hydreigon, L50, M|
|poke|p1|Incineroar, L50, M|
|poke|p2|Gholdengo, L50|
|poke|p2|Incineroar, L50, F|
|poke|p2|Rillaboom, L50, M|
|poke|p2|Ursaluna-Bloodmoon, L50, M|
|poke|p2|Blastoise, L50, F|
|poke|p2|Dragonite, L50, M|
|teampreview|4
|showteam|p1|Annihilape||SafetyGoggles|Defiant|RageFist,CloseCombat,FinalGambit,Coaching|||M|||50|,,,,,Steel]Dragonite||LoadedDice|Multiscale|ScaleShot,ExtremeSpeed,Haze,Protect|||M|||50|,,,,,Fairy]Gholdengo||LifeOrb|GoodasGold|NastyPlot,ShadowBall,MakeItRain,Protect||||||50|,,,,,Water]Whimsicott||CovertCloak|Prankster|Moonblast,Tailwind,BeatUp,Encore|||F|||50|,,,,,Water]Hydreigon||ChoiceSpecs|Levitate|DracoMeteor,Snarl,DarkPulse,HeatWave|||M|||50|,,,,,Fire]Incineroar||MirrorHerb|Intimidate|FakeOut,KnockOff,PartingShot,FlareBlitz|||M|||50|,,,,,Grass
|showteam|p2|Gholdengo||FocusSash|GoodasGold|MakeItRain,NastyPlot,ShadowBall,Protect||||||50|,,,,,Steel]Incineroar||SafetyGoggles|Intimidate|FakeOut,KnockOff,Snarl,PartingShot|||F|||50|,,,,,Grass]Rillaboom||AssaultVest|GrassySurge|FakeOut,GrassyGlide,Uturn,DrumBeating|||M|||50|,,,,,Steel]Ursaluna-Bloodmoon||CovertCloak|MindsEye|BloodMoon,HyperVoice,EarthPower,Protect|||M|||50|,,,,,Normal]Blastoise||SitrusBerry|Torrent|FakeOut,AuraSphere,Haze,MuddyWater|||F|||50|,,,,,Grass]Dragonite||LoadedDice|Multiscale|ScaleShot,Tailwind,Protect,TeraBlast|||M|||50|,,,,,Fairy
|inactive|Battle timer is ON: inactive players will automatically lose when time's up. (requested by Triplefofwg)
|inactive|Triplefofwg has 60 seconds left.
|inactive|Triplefofwg has 30 seconds left.
|
|t:|1757003833
|teamsize|p1|4
|teamsize|p2|4
|start
|switch|p1a: Gholdengo|Gholdengo, L50|100/100
|switch|p1b: Incineroar|Incineroar, L50, M|100/100
|switch|p2a: Blastoise|Blastoise, L50, F|100/100
|switch|p2b: Dragonite|Dragonite, L50, M|100/100
|-ability|p1b: Incineroar|Intimidate|boost
|-unboost|p2a: Blastoise|atk|1
|-unboost|p2b: Dragonite|atk|1
|turn|1
|
|t:|1757003851
|move|p2a: Blastoise|Fake Out|p1b: Incineroar
|-damage|p1b: Incineroar|96/100
|move|p2b: Dragonite|Scale Shot|p1b: Incineroar
|-damage|p1b: Incineroar|87/100
|-damage|p1b: Incineroar|79/100
|-damage|p1b: Incineroar|70/100
|-damage|p1b: Incineroar|62/100
|-hitcount|p1b: Incineroar|4
|-unboost|p2b: Dragonite|def|1
|-boost|p2b: Dragonite|spe|1
|-enditem|p1b: Incineroar|Mirror Herb
|-boost|p1b: Incineroar|spe|1|[from] item: Mirror Herb
|move|p1a: Gholdengo|Shadow Ball|p2b: Dragonite
|-damage|p2b: Dragonite|68/100
|-unboost|p2b: Dragonite|spd|1
|-damage|p1a: Gholdengo|91/100|[from] item: Life Orb
|cant|p1b: Incineroar|flinch
|
|upkeep
|turn|2
|inactive|Rg67 has 30 seconds left.
|inactive|Triplefofwg has 30 seconds left.
|inactive|Rg67 has 20 seconds left.
|
|t:|1757003887
|move|p2b: Dragonite|Tailwind|p2b: Dragonite
|-sidestart|p2: Triplefofwg|move: Tailwind
|move|p2a: Blastoise|Haze|p2a: Blastoise
|-clearallboost
|move|p1a: Gholdengo|Make It Rain|p2a: Blastoise|[spread] p2a,p2b
|-resisted|p2a: Blastoise
|-damage|p2a: Blastoise|69/100
|-damage|p2b: Dragonite|0 fnt
|-unboost|p1a: Gholdengo|spa|1
|faint|p2b: Dragonite
|-damage|p1a: Gholdengo|82/100|[from] item: Life Orb
|move|p1b: Incineroar|Parting Shot|p2a: Blastoise
|-unboost|p2a: Blastoise|atk|1
|-unboost|p2a: Blastoise|spa|1
|
|t:|1757003903
|switch|p1b: Dragonite|Dragonite, L50, M|100/100|[from] Parting Shot
|
|upkeep
|
|t:|1757003915
|switch|p2b: Incineroar|Incineroar, L50, F|100/100
|-ability|p2b: Incineroar|Intimidate|boost
|-unboost|p1a: Gholdengo|atk|1
|-unboost|p1b: Dragonite|atk|1
|turn|3
|
|t:|1757003929
|move|p1a: Gholdengo|Protect|p1a: Gholdengo
|-singleturn|p1a: Gholdengo|Protect
|move|p1b: Dragonite|Protect|p1b: Dragonite
|-singleturn|p1b: Dragonite|Protect
|move|p2b: Incineroar|Parting Shot|p1b: Dragonite
|-activate|p1b: Dragonite|move: Protect
|move|p2a: Blastoise|Muddy Water|p1b: Dragonite|[spread] 
|-activate|p1a: Gholdengo|move: Protect
|-activate|p1b: Dragonite|move: Protect
|
|upkeep
|turn|4
|
|t:|1757003943
|move|p2b: Incineroar|Knock Off|p1a: Gholdengo
|-supereffective|p1a: Gholdengo
|-damage|p1a: Gholdengo|2/100
|-enditem|p1a: Gholdengo|Life Orb|[from] move: Knock Off|[of] p2b: Incineroar
|move|p2a: Blastoise|Muddy Water|p1b: Dragonite|[spread] p1a,p1b
|-crit|p1a: Gholdengo
|-resisted|p1b: Dragonite
|-damage|p1a: Gholdengo|0 fnt
|-damage|p1b: Dragonite|96/100
|-unboost|p1b: Dragonite|accuracy|1
|faint|p1a: Gholdengo
|move|p1b: Dragonite|Scale Shot|p2a: Blastoise
|-damage|p2a: Blastoise|58/100
|-damage|p2a: Blastoise|49/100
|-enditem|p2a: Blastoise|Sitrus Berry|[eat]
|-heal|p2a: Blastoise|74/100|[from] item: Sitrus Berry
|-damage|p2a: Blastoise|64/100
|-damage|p2a: Blastoise|54/100
|-damage|p2a: Blastoise|44/100
|-hitcount|p2a: Blastoise|5
|-unboost|p1b: Dragonite|def|1
|-boost|p1b: Dragonite|spe|1
|
|upkeep
|
|t:|1757003964
|switch|p1a: Incineroar|Incineroar, L50, M|62/100
|-ability|p1a: Incineroar|Intimidate|boost
|-unboost|p2a: Blastoise|atk|1
|-unboost|p2b: Incineroar|atk|1
|turn|5
|
|t:|1757003985
|switch|p2a: Gholdengo|Gholdengo, L50|100/100
|move|p1a: Incineroar|Fake Out|p2a: Gholdengo
|-immune|p2a: Gholdengo
|move|p2b: Incineroar|Parting Shot|p1b: Dragonite
|-unboost|p1b: Dragonite|atk|1
|-unboost|p1b: Dragonite|spa|1
|
|t:|1757003993
|switch|p2b: Blastoise|Blastoise, L50, F|44/100|[from] Parting Shot
|move|p1b: Dragonite|Haze|p1b: Dragonite
|-clearallboost
|
|-sideend|p2: Triplefofwg|move: Tailwind
|upkeep
|turn|6
|inactive|Triplefofwg has 30 seconds left.
|
|t:|1757004018
|-terastallize|p2a: Gholdengo|Steel
|move|p2a: Gholdengo|Make It Rain|p1b: Dragonite|[spread] p1a,p1b
|-resisted|p1a: Incineroar
|-damage|p1a: Incineroar|37/100
|-damage|p1b: Dragonite|26/100
|-unboost|p2a: Gholdengo|spa|1
|move|p1b: Dragonite|Scale Shot|p2b: Blastoise
|-damage|p2b: Blastoise|28/100
|-damage|p2b: Blastoise|14/100
|-damage|p2b: Blastoise|0 fnt
|faint|p2b: Blastoise
|-hitcount|p2: Blastoise|3
|-unboost|p1b: Dragonite|def|1
|-boost|p1b: Dragonite|spe|1
|move|p1a: Incineroar|Flare Blitz|p2a: Gholdengo
|-supereffective|p2a: Gholdengo
|-enditem|p2a: Gholdengo|Focus Sash
|-damage|p2a: Gholdengo|1/100
|-damage|p1a: Incineroar|10/100|[from] Recoil
|
|upkeep
|
|t:|1757004036
|switch|p2b: Incineroar|Incineroar, L50, F|100/100
|-ability|p2b: Incineroar|Intimidate|boost
|-unboost|p1a: Incineroar|atk|1
|-unboost|p1b: Dragonite|atk|1
|turn|7
|
|t:|1757004048
|move|p1b: Dragonite|Protect|p1b: Dragonite
|-singleturn|p1b: Dragonite|Protect
|move|p2a: Gholdengo|Make It Rain|p1b: Dragonite|[spread] p1a
|-activate|p1b: Dragonite|move: Protect
|-resisted|p1a: Incineroar
|-damage|p1a: Incineroar|0 fnt
|-unboost|p2a: Gholdengo|spa|1
|faint|p1a: Incineroar
|move|p2b: Incineroar|Snarl|p1b: Dragonite
|-activate|p1b: Dragonite|move: Protect
|
|upkeep
|
|t:|1757004060
|switch|p1a: Hydreigon|Hydreigon, L50, M|100/100
|turn|8
|
|t:|1757004069
|move|p2a: Gholdengo|Protect|p2a: Gholdengo
|-singleturn|p2a: Gholdengo|Protect
|move|p1b: Dragonite|Extreme Speed|p2a: Gholdengo
|-activate|p2a: Gholdengo|move: Protect
|move|p1a: Hydreigon|Draco Meteor|p2b: Incineroar
|-damage|p2b: Incineroar|14/100
|-unboost|p1a: Hydreigon|spa|2
|move|p2b: Incineroar|Snarl|p1a: Hydreigon|[spread] p1a,p1b
|-resisted|p1a: Hydreigon
|-crit|p1a: Hydreigon
|-damage|p1a: Hydreigon|92/100
|-damage|p1b: Dragonite|15/100
|-unboost|p1a: Hydreigon|spa|1
|-unboost|p1b: Dragonite|spa|1
|
|upkeep
|turn|9
|
|t:|1757004087
|move|p2a: Gholdengo|Protect||[still]
|-fail|p2a: Gholdengo
|move|p1b: Dragonite|Extreme Speed|p2a: Gholdengo
|-resisted|p2a: Gholdengo
|-damage|p2a: Gholdengo|0 fnt
|faint|p2a: Gholdengo
|move|p1a: Hydreigon|Draco Meteor|p2b: Incineroar
|-damage|p2b: Incineroar|0 fnt
|-unboost|p1a: Hydreigon|spa|2
|faint|p2b: Incineroar
|
|win|Rg67
|l|‽Triplefofwg
|player|p2|
||Triplefofwg is ready for game 2.
|inactive|Rg67 has 30 seconds to confirm battle start!
||Rg67 is ready for game 2.
|uhtml|next|Next: Game 2 of 3
