|j|☆Arahelis
|j|☆jmcm54
|html|Arahelisjmcm54    
|uhtml|bestof|Game 1 of a best-of-3
|t:|1783361014
|gametype|doubles
|player|p1|Arahelis|sailor|1040
|player|p2|jmcm54|gentleman-gen4|1000
|gen|9
|tier|[Gen 9 Champions] VGC 2026 Reg M-B (Bo3)
|rated|
|rule|Species Clause: Limit one of each Pokémon
|rule|Item Clause: Limit 1 of each item
|clearpoke
|poke|p1|Dragalge, L50, F|
|poke|p1|Scrafty, L50, F|
|poke|p1|Grimmsnarl, L50, M|
|poke|p1|Garchomp, L50, F|
|poke|p1|Sinistcha-Masterpiece, L50|
|poke|p1|Krookodile, L50, M|
|poke|p2|Mawile, L50, F|
|poke|p2|Farigiraf, L50, F|
|poke|p2|Clefable, L50, F|
|poke|p2|Ceruledge, L50, M|
|poke|p2|Blastoise, L50, F|
|poke|p2|Malamar, L50, F|
|teampreview|4
|showteam|p1|Dragalge||Dragalgite|PoisonPoint|Venoshock,ToxicSpikes,Toxic,Protect|Calm||F|||50|]Scrafty||SitrusBerry|Intimidate|FakeOut,KnockOff,Roar,QuickGuard|Careful||F|||50|]Grimmsnarl||LightClay|Prankster|Reflect,LightScreen,FakeOut,PartingShot|Calm||M|||50|]Garchomp||LifeOrb|RoughSkin|Earthquake,BreakingSwipe,PoisonJab,Protect|Jolly||F|||50|]Sinistcha-Masterpiece||Leftovers|Hospitality|MatchaGotcha,StrengthSap,GrassyTerrain,LifeDew|Calm|||||50|]Krookodile||FocusSash|Intimidate|HighHorsepower,CloseCombat,BrutalSwing,Protect|Jolly||M|||50|
|showteam|p2|Mawile||Mawilite|Intimidate|MegaKick,StoneEdge,DynamicPunch,Protect|Brave||F|||50|]Farigiraf||MentalHerb|ArmorTail|TrickRoom,Curse,Earthquake,Protect|Relaxed||F|||50|]Clefable||Leftovers|MagicGuard|Gravity,AfterYou,Reflect,LightScreen|Timid||F|||50|]Ceruledge||LifeOrb|FlashFire|SolarBlade,CloseCombat,BitterBlade,PhantomForce|Brave||M|||50|]Blastoise||Blastoisinite|Torrent|WaterSpout,Blizzard,FocusBlast,Protect|Quiet||F|||50|]Malamar||FocusSash|Contrary|Acupressure,DestinyBond,TrickRoom,Superpower|Brave||F|||50|
|
|t:|1783361038
|teamsize|p1|4
|teamsize|p2|4
|start
|switch|p1a: Dragalge|Dragalge, L50, F|100/100
|switch|p1b: Krookodile|Krookodile, L50, M|100/100
|switch|p2a: Mawile|Mawile, L50, F|100/100
|switch|p2b: Clefable|Clefable, L50, F|100/100
|-ability|p1b: Krookodile|Intimidate|boost
|-unboost|p2a: Mawile|atk|1
|-unboost|p2b: Clefable|atk|1
|-ability|p2a: Mawile|Intimidate|boost
|-unboost|p1a: Dragalge|atk|1
|-unboost|p1b: Krookodile|atk|1
|turn|1
|inactive|Battle timer is ON: inactive players will automatically lose when time's up. (requested by jmcm54)
|c|☆Arahelis|glhf
|
|t:|1783361063
|switch|p1b: Scrafty|Scrafty, L50, F|100/100
|-ability|p1b: Scrafty|Intimidate|boost
|-unboost|p2a: Mawile|atk|1
|-unboost|p2b: Clefable|atk|1
|detailschange|p1a: Dragalge|Dragalge-Mega, L50, F
|-mega|p1a: Dragalge|Dragalge|Dragalgite
|move|p2b: Clefable|Gravity|p2b: Clefable
|-fieldstart|move: Gravity
|move|p1a: Dragalge|Toxic Spikes|p2b: Clefable
|-sidestart|p2: jmcm54|move: Toxic Spikes
|move|p2a: Mawile|Dynamic Punch|p1b: Scrafty
|-supereffective|p1b: Scrafty|1
|-damage|p1b: Scrafty|73/100
|-start|p1b: Scrafty|confusion
|
|upkeep
|turn|2
|inactive|jmcm54 has 30 seconds left.
|
|t:|1783361092
|-activate|p1b: Scrafty|confusion
|move|p1b: Scrafty|Fake Out|p2a: Mawile
|-resisted|p2a: Mawile|1
|-damage|p2a: Mawile|94/100
|move|p2b: Clefable|Light Screen|p2b: Clefable
|-sidestart|p2: jmcm54|move: Light Screen
|move|p1a: Dragalge|Toxic Spikes|p2b: Clefable
|-sidestart|p2: jmcm54|move: Toxic Spikes
|cant|p2a: Mawile|flinch
|
|upkeep
|turn|3
|
|t:|1783361113
|switch|p1b: Krookodile|Krookodile, L50, M|100/100
|-ability|p1b: Krookodile|Intimidate|boost
|-unboost|p2a: Mawile|atk|1
|-unboost|p2b: Clefable|atk|1
|move|p2b: Clefable|Reflect|p2b: Clefable
|-sidestart|p2: jmcm54|Reflect
|move|p1a: Dragalge|Toxic|p2b: Clefable
|-status|p2b: Clefable|tox
|move|p2a: Mawile|Mega Kick|p1b: Krookodile
|-damage|p1b: Krookodile|83/100
|
|upkeep
|turn|4
|inactive|jmcm54 has 30 seconds left.
|inactive|jmcm54 has 20 seconds left.
|
|t:|1783361150
|switch|p2b: Blastoise|Blastoise, L50, F|100/100
|-status|p2b: Blastoise|tox
|switch|p2a: Farigiraf|Farigiraf, L50, F|100/100
|-status|p2a: Farigiraf|tox
|move|p1b: Krookodile|High Horsepower|p2a: Farigiraf
|-damage|p2a: Farigiraf|77/100 tox
|move|p1a: Dragalge|Venoshock|p2b: Blastoise
|-damage|p2b: Blastoise|67/100 tox
|
|-damage|p2b: Blastoise|61/100 tox|[from] psn
|-damage|p2a: Farigiraf|70/100 tox|[from] psn
|upkeep
|turn|5
|inactive|jmcm54 has 30 seconds left.
|inactive|jmcm54 has 20 seconds left.
|
|t:|1783361187
|move|p1b: Krookodile|Protect|p1b: Krookodile
|-singleturn|p1b: Krookodile|Protect
|move|p1a: Dragalge|Protect|p1a: Dragalge
|-singleturn|p1a: Dragalge|Protect
|move|p2b: Blastoise|Blizzard|p1b: Krookodile|[spread] 
|-activate|p1a: Dragalge|move: Protect
|-activate|p1b: Krookodile|move: Protect
|move|p2a: Farigiraf|Trick Room|p2a: Farigiraf
|-fieldstart|move: Trick Room|[of] p2a: Farigiraf
|
|-damage|p2a: Farigiraf|58/100 tox|[from] psn
|-damage|p2b: Blastoise|49/100 tox|[from] psn
|-fieldend|move: Gravity
|upkeep
|turn|6
|inactive|Arahelis has 30 seconds left.
|
|t:|1783361213
|move|p2a: Farigiraf|Protect|p2a: Farigiraf
|-singleturn|p2a: Farigiraf|Protect
|move|p1a: Dragalge|Venoshock|p2b: Blastoise
|-damage|p2b: Blastoise|17/100 tox
|move|p2b: Blastoise|Blizzard|p1b: Krookodile|[spread] p1b
|-miss|p2b: Blastoise|p1a: Dragalge
|-supereffective|p1b: Krookodile|1
|-damage|p1b: Krookodile|22/100
|move|p1b: Krookodile|Brutal Swing|p2a: Farigiraf|[spread] p1a,p2b
|-activate|p2a: Farigiraf|move: Protect
|-damage|p1a: Dragalge|81/100
|-damage|p2b: Blastoise|3/100 tox
|
|-damage|p2a: Farigiraf|40/100 tox|[from] psn
|-damage|p2b: Blastoise|0 fnt|[from] psn
|faint|p2b: Blastoise
|-sideend|p2: jmcm54|move: Light Screen
|upkeep
|
|t:|1783361235
|switch|p2b: Clefable|Clefable, L50, F|100/100 tox
|turn|7
|
|t:|1783361261
|-heal|p1a: Dragalge|100/100|[from] ability: Regenerator|[silent]
|switch|p1a: Sinistcha|Sinistcha-Masterpiece, L50|100/100
|-heal|p1b: Krookodile|47/100|[from] ability: Hospitality|[of] p1a: Sinistcha
|switch|p1b: Scrafty|Scrafty, L50, F|73/100
|-ability|p1b: Scrafty|Intimidate|boost
|-unboost|p2a: Farigiraf|atk|1
|-unboost|p2b: Clefable|atk|1
|move|p2a: Farigiraf|Earthquake|p1a: Sinistcha|[spread] p2b,p1a,p1b
|-resisted|p1a: Sinistcha|1
|-damage|p2b: Clefable|92/100 tox
|-damage|p1a: Sinistcha|94/100
|-damage|p1b: Scrafty|62/100
|move|p2b: Clefable|Gravity|p2b: Clefable
|-fieldstart|move: Gravity
|
|-heal|p1a: Sinistcha|100/100|[from] item: Leftovers
|-heal|p2b: Clefable|98/100 tox|[from] item: Leftovers
|-damage|p2a: Farigiraf|15/100 tox|[from] psn
|-sideend|p2: jmcm54|Reflect
|upkeep
|turn|8
|inactive|Arahelis has 30 seconds left.
|inactive|jmcm54 has 30 seconds left.
|
|t:|1783361291
|switch|p2a: Mawile|Mawile, L50, F|94/100
|-ability|p2a: Mawile|Intimidate|boost
|-unboost|p1a: Sinistcha|atk|1
|-unboost|p1b: Scrafty|atk|1
|move|p1a: Sinistcha|Grassy Terrain|p1a: Sinistcha
|-fieldstart|move: Grassy Terrain
|move|p2b: Clefable|Reflect|p2b: Clefable
|-sidestart|p2: jmcm54|Reflect
|move|p1b: Scrafty|Roar|p2b: Clefable
|drag|p2b: Farigiraf|Farigiraf, L50, F|15/100 tox
|
|-heal|p2a: Mawile|100/100|[from] Grassy Terrain
|-heal|p2b: Farigiraf|21/100 tox|[from] Grassy Terrain
|-heal|p1b: Scrafty|68/100|[from] Grassy Terrain
|-damage|p2b: Farigiraf|15/100 tox|[from] psn
|upkeep
|turn|9
|inactive|jmcm54 has 30 seconds left.
|
|t:|1783361323
|detailschange|p2a: Mawile|Mawile-Mega, L50, F
|-mega|p2a: Mawile|Mawile|Mawilite
|move|p2a: Mawile|Mega Kick|p1b: Scrafty
|-damage|p1b: Scrafty|0 fnt
|faint|p1b: Scrafty
|move|p1a: Sinistcha|Strength Sap|p2a: Mawile
|-unboost|p2a: Mawile|atk|1
|move|p2b: Farigiraf|Trick Room|p2b: Farigiraf
|-fieldend|move: Trick Room
|
|-heal|p2b: Farigiraf|21/100 tox|[from] Grassy Terrain
|-damage|p2b: Farigiraf|9/100 tox|[from] psn
|upkeep
|
|t:|1783361334
|switch|p1b: Krookodile|Krookodile, L50, M|47/100
|-ability|p1b: Krookodile|Intimidate|boost
|-unboost|p2a: Mawile|atk|1
|-unboost|p2b: Farigiraf|atk|1
|turn|10
|
|t:|1783361347
|move|p1b: Krookodile|Protect|p1b: Krookodile
|-singleturn|p1b: Krookodile|Protect
|move|p2b: Farigiraf|Protect|p2b: Farigiraf
|-singleturn|p2b: Farigiraf|Protect
|move|p1a: Sinistcha|Life Dew||[still]|[spread] p1a,p1b
|-fail|p1a: Sinistcha|heal
|-heal|p1b: Krookodile|72/100
|move|p2a: Mawile|Mega Kick|p1b: Krookodile
|-activate|p1b: Krookodile|move: Protect
|
|-heal|p1b: Krookodile|77/100|[from] Grassy Terrain
|-heal|p2b: Farigiraf|15/100 tox|[from] Grassy Terrain
|-damage|p2b: Farigiraf|0 fnt|[from] psn
|faint|p2b: Farigiraf
|upkeep
|
|t:|1783361363
|switch|p2b: Clefable|Clefable, L50, F|98/100 tox
|turn|11
|
|t:|1783361383
|switch|p1b: Dragalge|Dragalge-Mega, L50, F|100/100
|move|p2b: Clefable|After You|p2a: Mawile
|-activate|p2a: Mawile|move: After You
|move|p2a: Mawile|Dynamic Punch|p1b: Dragalge
|-resisted|p1b: Dragalge|1
|-damage|p1b: Dragalge|86/100
|-start|p1b: Dragalge|confusion
|move|p1a: Sinistcha|Strength Sap|p2a: Mawile
|-unboost|p2a: Mawile|atk|1
|
|-heal|p2b: Clefable|100/100 tox|[from] Grassy Terrain
|-heal|p1b: Dragalge|91/100|[from] Grassy Terrain
|-fieldend|move: Gravity
|upkeep
|turn|12
|inactive|jmcm54 has 30 seconds left.
|inactive|jmcm54 has 20 seconds left.
|inactive|jmcm54 has 15 seconds left.
|l|☆jmcm54
|inactive|jmcm54 disconnected and has a minute to reconnect!
|player|p2|
|inactive|jmcm54 has 10 seconds left.
|inactive|jmcm54 has 5 seconds left.
|-message|jmcm54 lost due to inactivity.
|
|win|Arahelis
