|j|‽bathoven
|j|☆jokkebrok
|html|bathovenjokkebrok    
|uhtml|bestof|Game 1 of a best-of-3
|t:|1784631617
|gametype|doubles
|player|p1|bathoven|pokemaniac|1185
|player|p2|jokkebrok|guzma|1081
|gen|9
|tier|[Gen 9 Champions] VGC 2026 Reg M-B (Bo3)
|rated|
|rule|Species Clause: Limit one of each Pokémon
|rule|Item Clause: Limit 1 of each item
|clearpoke
|poke|p1|Typhlosion, L50, F|
|poke|p1|Froslass, L50, F|
|poke|p1|Aerodactyl, L50, M|
|poke|p1|Raichu, L50, M|
|poke|p1|Tsareena, L50, F|
|poke|p1|Basculegion, L50, M|
|poke|p2|Gengar, L50, M|
|poke|p2|Scrafty, L50, M|
|poke|p2|Arcanine-Hisui, L50, M|
|poke|p2|Primarina, L50, F|
|poke|p2|Sinistcha, L50|
|poke|p2|Snorlax, L50, M|
|teampreview|4
|showteam|p1|Typhlosion||ChoiceScarf|FlashFire|FocusBlast,ShadowBall,HeatWave,Eruption|Modest||F|||50|]Froslass||Froslassite|CursedBody|ShadowBall,AuroraVeil,Protect,Blizzard|Timid||F|||50|]Aerodactyl||Aerodactylite|Unnerve|Tailwind,RockSlide,DualWingbeat,Protect|Jolly||M|||50|]Raichu||FocusSash|LightningRod|FakeOut,HelpingHand,Encore,Thunderbolt|Hasty||M|||50|]Tsareena||SitrusBerry|QueenlyMajesty|LowKick,TropKick,Taunt,TripleAxel|Adamant||F|||50|]Basculegion||LifeOrb|Adaptability|Protect,LastRespects,WaveCrash,AquaJet|Adamant||M|||50|
|showteam|p2|Gengar||Gengarite|CursedBody|ShadowBall,SludgeBomb,Thunderbolt,Protect|Timid||M|||50|]Scrafty||Scraftinite|Intimidate|FakeOut,DrainPunch,KnockOff,SwordsDance|Brave||M|||50|]Arcanine-Hisui||FocusSash|RockHead|ExtremeSpeed,FlareBlitz,HeadSmash,Protect|Adamant||M|||50|]Primarina||SitrusBerry|LiquidVoice|HyperVoice,DazzlingGleam,Moonblast,Protect|Modest||F|||50|]Sinistcha||KasibBerry|Hospitality|MatchaGotcha,LifeDew,TrickRoom,Protect|Calm|||||50|]Snorlax||Leftovers|ThickFat|Yawn,Encore,HighHorsepower,Protect|Relaxed||M|||50|
|inactive|Battle timer is ON: inactive players will automatically lose when time's up. (requested by bathoven)
|inactive|bathoven has 60 seconds left.
|
|t:|1784631668
|teamsize|p1|4
|teamsize|p2|4
|start
|switch|p1a: Aerodactyl|Aerodactyl, L50, M|100/100
|switch|p1b: Basculegion|Basculegion, L50, M|100/100
|switch|p2a: Sinistcha|Sinistcha, L50|100/100
|switch|p2b: Scrafty|Scrafty, L50, M|100/100
|-ability|p1a: Aerodactyl|Unnerve
|-ability|p2b: Scrafty|Intimidate|boost
|-unboost|p1a: Aerodactyl|atk|1
|-unboost|p1b: Basculegion|atk|1
|turn|1
|
|t:|1784631685
|switch|p1b: Typhlosion|Typhlosion, L50, F|100/100
|detailschange|p1a: Aerodactyl|Aerodactyl-Mega, L50, M
|-mega|p1a: Aerodactyl|Aerodactyl|Aerodactylite
|detailschange|p2b: Scrafty|Scrafty-Mega, L50, M
|-mega|p2b: Scrafty|Scrafty|Scraftinite
|-ability|p2b: Scrafty|Intimidate|boost
|-unboost|p1a: Aerodactyl|atk|1
|-unboost|p1b: Typhlosion|atk|1
|move|p1a: Aerodactyl|Tailwind|p1a: Aerodactyl
|-sidestart|p1: bathoven|move: Tailwind
|move|p2b: Scrafty|Knock Off|p1b: Typhlosion
|-damage|p1b: Typhlosion|20/100y
|-enditem|p1b: Typhlosion|Choice Scarf|[from] move: Knock Off|[of] p2b: Scrafty
|move|p2a: Sinistcha|Trick Room|p2a: Sinistcha
|-fieldstart|move: Trick Room|[of] p2a: Sinistcha
|
|upkeep
|turn|2
|inactive|jokkebrok has 30 seconds left.
|
|t:|1784631713
|switch|p1a: Tsareena|Tsareena, L50, F|100/100
|move|p2b: Scrafty|Knock Off|p1a: Tsareena
|-damage|p1a: Tsareena|45/100
|-enditem|p1a: Tsareena|Sitrus Berry|[from] move: Knock Off|[of] p2b: Scrafty
|move|p2a: Sinistcha|Matcha Gotcha|p1a: Tsareena|[spread] p1a,p1b
|-resisted|p1a: Tsareena|1
|-resisted|p1b: Typhlosion|1
|-damage|p1a: Tsareena|34/100
|-damage|p1b: Typhlosion|3/100
|move|p1b: Typhlosion|Heat Wave|p2b: Scrafty|[spread] p2a
|-miss|p1b: Typhlosion|p2b: Scrafty
|-supereffective|p2a: Sinistcha|1
|-damage|p2a: Sinistcha|34/100
|
|upkeep
|turn|3
|inactive|jokkebrok has 30 seconds left.
|
|t:|1784631739
|move|p2b: Scrafty|Drain Punch|p1a: Tsareena
|-damage|p1a: Tsareena|0 fnt
|faint|p1a: Tsareena
|move|p2a: Sinistcha|Matcha Gotcha|p1b: Typhlosion
|-resisted|p1b: Typhlosion|1
|-damage|p1b: Typhlosion|0 fnt
|-heal|p2a: Sinistcha|36/100|[from] drain|[of] p1b: Typhlosion
|faint|p1b: Typhlosion
|
|upkeep
|
|t:|1784631743
|switch|p1a: Aerodactyl|Aerodactyl-Mega, L50, M|100/100
|switch|p1b: Basculegion|Basculegion, L50, M|100/100
|turn|4
|
|t:|1784631764
|switch|p2b: Snorlax|Snorlax, L50, M|100/100
|move|p1b: Basculegion|Protect|p1b: Basculegion
|-singleturn|p1b: Basculegion|Protect
|move|p2a: Sinistcha|Matcha Gotcha|p1b: Basculegion|[spread] 
|-activate|p1b: Basculegion|move: Protect
|-miss|p2a: Sinistcha|p1a: Aerodactyl
|move|p1a: Aerodactyl|Dual Wingbeat|p2b: Snorlax
|-damage|p2b: Snorlax|80/100
|-damage|p2b: Snorlax|60/100
|-hitcount|p2b: Snorlax|2
|
|-heal|p2b: Snorlax|66/100|[from] item: Leftovers
|-sideend|p1: bathoven|move: Tailwind
|upkeep
|turn|5
|inactive|jokkebrok has 30 seconds left.
|
|t:|1784631792
|switch|p2b: Scrafty|Scrafty-Mega, L50, M|100/100
|-ability|p2b: Scrafty|Intimidate|boost
|-unboost|p1a: Aerodactyl|atk|1
|-unboost|p1b: Basculegion|atk|1
|move|p2a: Sinistcha|Protect|p2a: Sinistcha
|-singleturn|p2a: Sinistcha|Protect
|move|p1a: Aerodactyl|Protect|p1a: Aerodactyl
|-singleturn|p1a: Aerodactyl|Protect
|move|p1b: Basculegion|Wave Crash|p2b: Scrafty
|-damage|p2b: Scrafty|37/100
|-damage|p1b: Basculegion|82/100|[from] Recoil
|-damage|p1b: Basculegion|72/100|[from] item: Life Orb
|
|-fieldend|move: Trick Room
|upkeep
|turn|6
|
|t:|1784631808
|move|p2b: Scrafty|Fake Out|p1a: Aerodactyl
|-resisted|p1a: Aerodactyl|1
|-damage|p1a: Aerodactyl|89/100
|cant|p1a: Aerodactyl|flinch
|move|p1b: Basculegion|Wave Crash|p2b: Scrafty
|-damage|p2b: Scrafty|0 fnt
|faint|p2b: Scrafty
|-damage|p1b: Basculegion|62/100|[from] Recoil
|-damage|p1b: Basculegion|52/100|[from] item: Life Orb
|move|p2a: Sinistcha|Trick Room|p2a: Sinistcha
|-fieldstart|move: Trick Room|[of] p2a: Sinistcha
|
|upkeep
|
|t:|1784631821
|switch|p2b: Primarina|Primarina, L50, F|100/100
|turn|7
|
|t:|1784631834
|move|p1a: Aerodactyl|Protect|p1a: Aerodactyl
|-singleturn|p1a: Aerodactyl|Protect
|move|p2b: Primarina|Hyper Voice|p1b: Basculegion|[spread] p1b
|-activate|p1a: Aerodactyl|move: Protect
|-resisted|p1b: Basculegion|1
|-damage|p1b: Basculegion|31/100
|move|p2a: Sinistcha|Matcha Gotcha|p1a: Aerodactyl|[spread] p1b
|-activate|p1a: Aerodactyl|move: Protect
|-supereffective|p1b: Basculegion|1
|-damage|p1b: Basculegion|0 fnt
|-heal|p2a: Sinistcha|54/100|[from] drain|[of] p1b: Basculegion
|faint|p1b: Basculegion
|
|upkeep
|turn|8
|
|t:|1784631852
|move|p2b: Primarina|Hyper Voice|p1a: Aerodactyl
|-supereffective|p1a: Aerodactyl|1
|-damage|p1a: Aerodactyl|0 fnt
|faint|p1a: Aerodactyl
|
|win|jokkebrok
||bathoven is ready for game 2.
|inactive|jokkebrok has 30 seconds to confirm battle start!
|l|‽bathoven
|player|p1|
||jokkebrok is ready for game 2.
|uhtml|next|Next: Game 2 of 3
