|j|☆big electric fan
|j|☆sbhaga34
|html|big electric fansbhaga34    
|uhtml|bestof|Game 1 of a best-of-3
|t:|1784247447
|gametype|doubles
|player|p1|big electric fan|liza|1277
|player|p2|sbhaga34|hugh|1311
|gen|9
|tier|[Gen 9 Champions] VGC 2026 Reg M-B (Bo3)
|rated|
|rule|Species Clause: Limit one of each Pokémon
|rule|Item Clause: Limit 1 of each item
|clearpoke
|poke|p1|Scrafty, L50, F|
|poke|p1|Metagross, L50|
|poke|p1|Mamoswine, L50, M|
|poke|p1|Toxapex, L50, F|
|poke|p1|Dragonite, L50, M|
|poke|p1|Charizard, L50, F|
|poke|p2|Excadrill, L50, M|
|poke|p2|Tyranitar, L50, M|
|poke|p2|Corviknight, L50, F|
|poke|p2|Rotom-Wash, L50|
|poke|p2|Chandelure, L50, F|
|poke|p2|Clefable, L50, M|
|teampreview|4
|showteam|p1|Scrafty||Scraftinite|Intimidate|ThroatChop,DrainPunch,FakeOut,Protect|Impish||F|||50|]Metagross||MetalCoat|ClearBody|MeteorMash,PsychicFangs,BulletPunch,Protect|Adamant|||||50|]Mamoswine||FocusSash|Oblivious|Earthquake,IcicleCrash,IceShard,Protect|Adamant||M|||50|]Toxapex||Leftovers|Regenerator|Infestation,Toxic,WideGuard,BanefulBunker|Bold||F|||50|]Dragonite||DragonFang|Multiscale|DragonClaw,ExtremeSpeed,FirePunch,Protect|Adamant||M|||50|]Charizard||CharizarditeY|Blaze|HeatWave,SolarBeam,WeatherBall,Protect|Timid||F|||50|
|showteam|p2|Excadrill||FocusSash|SandRush|Earthquake,IronHead,SwordsDance,Protect|Adamant||M|||50|]Tyranitar||Tyranitarite|SandStream|RockSlide,KnockOff,LowKick,Protect|Adamant||M|||50|]Corviknight||SharpBeak|MirrorArmor|BraveBird,Tailwind,BulkUp,Roost|Careful||F|||50|]Rotom-Wash||ChoiceScarf|Levitate|VoltSwitch,Thunderbolt,Electroweb,HydroPump|Timid|||||50|]Chandelure||ShucaBerry|FlashFire|HeatWave,ShadowBall,TrickRoom,Protect|Modest||F|||50|]Clefable||Clefablite|MagicGuard|FollowMe,Moonblast,HealPulse,Protect|Modest||M|||50|
|inactive|Battle timer is ON: inactive players will automatically lose when time's up. (requested by big electric fan)
|inactive|sbhaga34 has 60 seconds left.
|
|t:|1784247500
|teamsize|p1|4
|teamsize|p2|4
|start
|switch|p1a: Charizard|Charizard, L50, F|100/100
|switch|p1b: Scrafty|Scrafty, L50, F|100/100
|switch|p2a: Clefable|Clefable, L50, M|100/100
|switch|p2b: Chandelure|Chandelure, L50, F|100/100
|-ability|p1b: Scrafty|Intimidate|boost
|-unboost|p2a: Clefable|atk|1
|-unboost|p2b: Chandelure|atk|1
|turn|1
|
|t:|1784247517
|detailschange|p1a: Charizard|Charizard-Mega-Y, L50, F
|-mega|p1a: Charizard|Charizard|Charizardite Y
|-weather|SunnyDay|[from] ability: Drought|[of] p1a: Charizard
|move|p2b: Chandelure|Protect|p2b: Chandelure
|-singleturn|p2b: Chandelure|Protect
|move|p2a: Clefable|Protect|p2a: Clefable
|-singleturn|p2a: Clefable|Protect
|move|p1a: Charizard|Weather Ball|p2a: Clefable
|-activate|p2a: Clefable|move: Protect
|move|p1b: Scrafty|Throat Chop|p2b: Chandelure
|-activate|p2b: Chandelure|move: Protect
|
|-weather|SunnyDay|[upkeep]
|upkeep
|turn|2
|
|t:|1784247534
|switch|p2b: Tyranitar|Tyranitar, L50, M|100/100
|-weather|Sandstorm|[from] ability: Sand Stream|[of] p2b: Tyranitar
|switch|p1b: Toxapex|Toxapex, L50, F|100/100
|move|p1a: Charizard|Weather Ball|p2a: Clefable
|-damage|p2a: Clefable|63/100
|move|p2a: Clefable|Moonblast|p1b: Toxapex
|-resisted|p1b: Toxapex|1
|-damage|p1b: Toxapex|85/100
|
|-weather|Sandstorm|[upkeep]
|-damage|p1a: Charizard|94/100|[from] Sandstorm
|-damage|p1b: Toxapex|79/100|[from] Sandstorm
|-heal|p1b: Toxapex|85/100|[from] item: Leftovers
|upkeep
|turn|3
|inactive|big electric fan has 30 seconds left.
|inactive|big electric fan has 20 seconds left.
|
|t:|1784247573
|switch|p1a: Scrafty|Scrafty, L50, F|100/100
|-ability|p1a: Scrafty|Intimidate|boost
|-unboost|p2a: Clefable|atk|1
|-unboost|p2b: Tyranitar|atk|1
|switch|p2a: Rotom|Rotom-Wash, L50|100/100
|move|p2b: Tyranitar|Rock Slide|p1b: Toxapex|[spread] p1a,p1b
|-resisted|p1a: Scrafty|1
|-damage|p1a: Scrafty|92/100
|-damage|p1b: Toxapex|71/100
|move|p1b: Toxapex|Infestation|p2b: Tyranitar
|-supereffective|p2b: Tyranitar|1
|-damage|p2b: Tyranitar|96/100
|-activate|p2b: Tyranitar|move: Infestation|[of] p1b: Toxapex
|
|-weather|Sandstorm|[upkeep]
|-damage|p2a: Rotom|94/100|[from] Sandstorm
|-damage|p1a: Scrafty|86/100|[from] Sandstorm
|-damage|p1b: Toxapex|66/100|[from] Sandstorm
|-heal|p1b: Toxapex|71/100|[from] item: Leftovers
|-damage|p2b: Tyranitar|84/100|[from] move: Infestation|[partiallytrapped]
|upkeep
|turn|4
|
|t:|1784247594
|move|p2b: Tyranitar|Protect|p2b: Tyranitar
|-singleturn|p2b: Tyranitar|Protect
|move|p1a: Scrafty|Fake Out|p2a: Rotom
|-damage|p2a: Rotom|85/100
|cant|p2a: Rotom|flinch
|move|p1b: Toxapex|Toxic|p2a: Rotom
|-status|p2a: Rotom|tox
|
|-weather|Sandstorm|[upkeep]
|-damage|p2a: Rotom|79/100 tox|[from] Sandstorm
|-damage|p1a: Scrafty|80/100|[from] Sandstorm
|-damage|p1b: Toxapex|66/100|[from] Sandstorm
|-heal|p1b: Toxapex|71/100|[from] item: Leftovers
|-damage|p2a: Rotom|73/100 tox|[from] psn
|-damage|p2b: Tyranitar|71/100|[from] move: Infestation|[partiallytrapped]
|upkeep
|turn|5
|
|t:|1784247610
|move|p1b: Toxapex|Baneful Bunker|p1b: Toxapex
|-singleturn|p1b: Toxapex|move: Protect
|move|p2a: Rotom|Volt Switch|p1a: Scrafty
|-damage|p1a: Scrafty|56/100
|
|t:|1784247616
|switch|p2a: Chandelure|Chandelure, L50, F|100/100|[from] Volt Switch
|move|p2b: Tyranitar|Low Kick|p1a: Scrafty
|-supereffective|p1a: Scrafty|1
|-damage|p1a: Scrafty|36/100
|move|p1a: Scrafty|Drain Punch|p2b: Tyranitar
|-supereffective|p2b: Tyranitar|2
|-damage|p2b: Tyranitar|2/100
|-heal|p1a: Scrafty|78/100|[from] drain|[of] p2b: Tyranitar
|
|-weather|Sandstorm|[upkeep]
|-damage|p2a: Chandelure|94/100|[from] Sandstorm
|-damage|p1a: Scrafty|72/100|[from] Sandstorm
|-damage|p1b: Toxapex|66/100|[from] Sandstorm
|-heal|p1b: Toxapex|71/100|[from] item: Leftovers
|-damage|p2b: Tyranitar|0 fnt|[from] move: Infestation|[partiallytrapped]
|faint|p2b: Tyranitar
|upkeep
|
|t:|1784247630
|switch|p2b: Rotom|Rotom-Wash, L50|73/100 tox
|turn|6
|
|t:|1784247646
|move|p2b: Rotom|Thunderbolt|p1b: Toxapex
|-supereffective|p1b: Toxapex|1
|-damage|p1b: Toxapex|13/100
|move|p2a: Chandelure|Heat Wave|p1b: Toxapex|[spread] p1a,p1b
|-resisted|p1b: Toxapex|1
|-damage|p1a: Scrafty|36/100
|-damage|p1b: Toxapex|0 fnt
|faint|p1b: Toxapex
|move|p1a: Scrafty|Throat Chop|p2a: Chandelure
|-supereffective|p2a: Chandelure|1
|-damage|p2a: Chandelure|36/100
|-start|p2a: Chandelure|Throat Chop|[silent]
|
|-weather|none
|-damage|p2b: Rotom|68/100 tox|[from] psn
|upkeep
|
|t:|1784247658
|switch|p1b: Mamoswine|Mamoswine, L50, M|100/100
|turn|7
|
|t:|1784247680
|move|p2a: Chandelure|Protect|p2a: Chandelure
|-singleturn|p2a: Chandelure|Protect
|move|p1a: Scrafty|Protect|p1a: Scrafty
|-singleturn|p1a: Scrafty|Protect
|move|p2b: Rotom|Thunderbolt|p1a: Scrafty
|-activate|p1a: Scrafty|move: Protect
|move|p1b: Mamoswine|Earthquake|p2b: Rotom|[spread] 
|-activate|p1a: Scrafty|move: Protect
|-activate|p2a: Chandelure|move: Protect
|-immune|p2b: Rotom|[from] ability: Levitate
|
|-damage|p2b: Rotom|56/100 tox|[from] psn
|-end|p2a: Chandelure|Throat Chop|[silent]
|upkeep
|turn|8
|
|t:|1784247701
|move|p2b: Rotom|Thunderbolt|p1a: Scrafty
|-damage|p1a: Scrafty|8/100
|move|p1b: Mamoswine|Icicle Crash|p2a: Chandelure
|-resisted|p2a: Chandelure|1
|-damage|p2a: Chandelure|10/100
|move|p2a: Chandelure|Heat Wave|p1a: Scrafty|[spread] p1a,p1b
|-supereffective|p1b: Mamoswine|1
|-damage|p1a: Scrafty|0 fnt
|-enditem|p1b: Mamoswine|Focus Sash
|-damage|p1b: Mamoswine|1/100
|-status|p1b: Mamoswine|brn
|faint|p1a: Scrafty
|
|-damage|p2b: Rotom|39/100 tox|[from] psn
|-damage|p1b: Mamoswine|0 fnt|[from] brn
|faint|p1b: Mamoswine
|upkeep
|
|t:|1784247711
|switch|p1b: Charizard|Charizard-Mega-Y, L50, F|94/100
|-weather|SunnyDay|[from] ability: Drought|[of] p1b: Charizard
|turn|9
|
|t:|1784247730
|move|p2b: Rotom|Thunderbolt|p1b: Charizard
|-supereffective|p1b: Charizard|1
|-damage|p1b: Charizard|32/100
|move|p1b: Charizard|Solar Beam||[still]
|-prepare|p1b: Charizard|Solar Beam
|-anim|p1b: Charizard|Solar Beam|p2a: Chandelure
|-resisted|p2a: Chandelure|1
|-damage|p2a: Chandelure|0 fnt
|faint|p2a: Chandelure
|
|-weather|SunnyDay|[upkeep]
|-damage|p2b: Rotom|16/100 tox|[from] psn
|upkeep
|
|t:|1784247736
|switch|p2a: Clefable|Clefable, L50, M|63/100
|turn|10
|
|t:|1784247745
|detailschange|p2a: Clefable|Clefable-Mega, L50, M
|-mega|p2a: Clefable|Clefable|Clefablite
|move|p1b: Charizard|Protect|p1b: Charizard
|-singleturn|p1b: Charizard|Protect
|move|p2b: Rotom|Thunderbolt|p1b: Charizard
|-activate|p1b: Charizard|move: Protect
|move|p2a: Clefable|Heal Pulse|p2b: Rotom
|-heal|p2b: Rotom|66/100 tox
|
|-weather|SunnyDay|[upkeep]
|-damage|p2b: Rotom|38/100 tox|[from] psn
|upkeep
|turn|11
|
|t:|1784247757
|move|p1b: Charizard|Protect|p1b: Charizard
|-singleturn|p1b: Charizard|Protect
|move|p2b: Rotom|Thunderbolt|p1b: Charizard
|-activate|p1b: Charizard|move: Protect
|move|p2a: Clefable|Heal Pulse|p2b: Rotom
|-heal|p2b: Rotom|88/100 tox
|
|-weather|SunnyDay|[upkeep]
|-damage|p2b: Rotom|54/100 tox|[from] psn
|upkeep
|turn|12
|
|t:|1784247766
|move|p1b: Charizard|Protect||[still]
|-fail|p1b: Charizard
|move|p2b: Rotom|Thunderbolt|p1b: Charizard
|-supereffective|p1b: Charizard|1
|-damage|p1b: Charizard|0 fnt
|faint|p1b: Charizard
|
|win|sbhaga34
