|j|☆FreemanGordon
|j|☆PizzaSanwitch
|html|FreemanGordonPizzaSanwitch    
|uhtml|bestof|Game 1 of a best-of-3
|t:|1784668290
|gametype|doubles
|player|p1|FreemanGordon|170|1121
|player|p2|PizzaSanwitch|101|1199
|gen|9
|tier|[Gen 9 Champions] VGC 2026 Reg M-B (Bo3)
|rated|
|rule|Species Clause: Limit one of each Pokémon
|rule|Item Clause: Limit 1 of each item
|clearpoke
|poke|p1|Ninetales-Alola, L50, M|
|poke|p1|Metagross, L50|
|poke|p1|Farigiraf, L50, F|
|poke|p1|Decidueye-Hisui, L50, F|
|poke|p1|Blaziken, L50, F|
|poke|p1|Glimmora, L50, M|
|poke|p2|Pelipper, L50, F|
|poke|p2|Archaludon, L50, M|
|poke|p2|Venusaur, L50, F|
|poke|p2|Basculegion, L50, M|
|poke|p2|Grimmsnarl, L50, M|
|poke|p2|Charizard, L50, F|
|teampreview|4
|showteam|p1|Ninetales-Alola||ChoiceScarf|SnowWarning|Blizzard,FreezeDry,Moonblast,Psyshock|Modest||M|||50|]Metagross||Metagrossite|ClearBody|Protect,IronHead,PsychicFangs,BodyPress|Jolly|||||50|]Farigiraf||SitrusBerry|ArmorTail|HelpingHand,TrickRoom,TwinBeam,Thunderbolt|Calm||F|||50|]Decidueye-Hisui||LifeOrb|Scrappy|Protect,CloseCombat,LeafBlade,SuckerPunch|Adamant||F|||50|]Blaziken||Blazikenite|SpeedBoost|Protect,CloseCombat,FlareBlitz,RockSlide|Adamant||F|||50|]Glimmora||FocusSash|ToxicDebris|Protect,EarthPower,PowerGem,SludgeBomb|Timid||M|||50|
|showteam|p2|Pelipper||SitrusBerry|Drizzle|WeatherBall,Hurricane,Tailwind,Protect|Modest||F|||50|]Archaludon||Leftovers|Stamina|ElectroShot,AuraSphere,DragonPulse,Protect|Modest||M|||50|]Venusaur||Venusaurite|Chlorophyll|GigaDrain,SludgeBomb,EarthPower,Protect|Modest||F|||50|]Basculegion||ChoiceScarf|Adaptability|WaveCrash,LastRespects,AquaJet,FlipTurn|Jolly||M|||50|]Grimmsnarl||LightClay|Prankster|SpiritBreak,Reflect,LightScreen,PartingShot|Careful||M|||50|]Charizard||CharizarditeY|SolarPower|HeatWave,WeatherBall,Hurricane,Protect|Modest||F|||50|
|inactive|Battle timer is ON: inactive players will automatically lose when time's up. (requested by FreemanGordon)
|inactive|PizzaSanwitch has 60 seconds left.
|
|t:|1784668420
|teamsize|p1|4
|teamsize|p2|4
|start
|switch|p1a: Metagross|Metagross, L50|100/100
|switch|p1b: Glimmora|Glimmora, L50, M|100/100
|switch|p2a: Basculegion|Basculegion, L50, M|100/100
|switch|p2b: Venusaur|Venusaur, L50, F|100/100
|turn|1
|inactive|FreemanGordon has 30 seconds left.
|inactive|PizzaSanwitch has 30 seconds left.
|inactive|FreemanGordon has 20 seconds left.
|inactive|PizzaSanwitch has 20 seconds left.
|inactive|FreemanGordon has 15 seconds left.
|inactive|PizzaSanwitch has 15 seconds left.
|inactive|FreemanGordon has 10 seconds left.
|inactive|PizzaSanwitch has 10 seconds left.
|
|t:|1784668469
|detailschange|p1a: Metagross|Metagross-Mega, L50
|-mega|p1a: Metagross|Metagross|Metagrossite
|detailschange|p2b: Venusaur|Venusaur-Mega, L50, F
|-mega|p2b: Venusaur|Venusaur|Venusaurite
|move|p2b: Venusaur|Protect|p2b: Venusaur
|-singleturn|p2b: Venusaur|Protect
|move|p2a: Basculegion|Flip Turn|p1a: Metagross
|-damage|p1a: Metagross|71/100
|
|t:|1784668477
|switch|p2a: Archaludon|Archaludon, L50, M|100/100|[from] Flip Turn
|move|p1a: Metagross|Psychic Fangs|p2b: Venusaur
|-activate|p2b: Venusaur|move: Protect
|move|p1b: Glimmora|Earth Power|p2a: Archaludon
|-supereffective|p2a: Archaludon|1
|-damage|p2a: Archaludon|42/100
|-ability|p2a: Archaludon|Stamina|boost
|-boost|p2a: Archaludon|def|1
|
|-heal|p2a: Archaludon|48/100|[from] item: Leftovers
|upkeep
|turn|2
|
|t:|1784668498
|switch|p2a: Pelipper|Pelipper, L50, F|100/100
|-weather|RainDance|[from] ability: Drizzle|[of] p2a: Pelipper
|move|p1a: Metagross|Psychic Fangs|p2b: Venusaur
|-supereffective|p2b: Venusaur|1
|-damage|p2b: Venusaur|13/100
|move|p1b: Glimmora|Earth Power|p2a: Pelipper
|-immune|p2a: Pelipper
|move|p2b: Venusaur|Earth Power|p1b: Glimmora
|-supereffective|p1b: Glimmora|2
|-enditem|p1b: Glimmora|Focus Sash
|-damage|p1b: Glimmora|1/100
|
|-weather|RainDance|[upkeep]
|upkeep
|turn|3
|
|t:|1784668518
|move|p2b: Venusaur|Protect|p2b: Venusaur
|-singleturn|p2b: Venusaur|Protect
|move|p1a: Metagross|Body Press|p2b: Venusaur
|-activate|p2b: Venusaur|move: Protect
|move|p1b: Glimmora|Power Gem|p2a: Pelipper
|-supereffective|p2a: Pelipper|1
|-damage|p2a: Pelipper|4/100
|-enditem|p2a: Pelipper|Sitrus Berry|[eat]
|-heal|p2a: Pelipper|29/100|[from] item: Sitrus Berry
|move|p2a: Pelipper|Tailwind|p2a: Pelipper
|-sidestart|p2: PizzaSanwitch|move: Tailwind
|
|-weather|RainDance|[upkeep]
|upkeep
|turn|4
|inactive|FreemanGordon has 30 seconds left.
|inactive|PizzaSanwitch has 30 seconds left.
|inactive|FreemanGordon has 20 seconds left.
|inactive|FreemanGordon has 15 seconds left.
|
|t:|1784668560
|move|p2b: Venusaur|Earth Power|p1a: Metagross
|-supereffective|p1a: Metagross|1
|-damage|p1a: Metagross|10/100
|move|p2a: Pelipper|Weather Ball|p1a: Metagross
|-damage|p1a: Metagross|0 fnt
|faint|p1a: Metagross
|move|p1b: Glimmora|Power Gem|p2b: Venusaur
|-damage|p2b: Venusaur|0 fnt
|faint|p2b: Venusaur
|
|-weather|RainDance|[upkeep]
|upkeep
|
|t:|1784668575
|switch|p1a: Ninetales|Ninetales-Alola, L50, M|100/100
|switch|p2b: Archaludon|Archaludon, L50, M|48/100
|-weather|Snowscape|[from] ability: Snow Warning|[of] p1a: Ninetales
|turn|5
|inactive|PizzaSanwitch has 30 seconds left.
|inactive|FreemanGordon has 30 seconds left.
|inactive|PizzaSanwitch has 20 seconds left.
|inactive|FreemanGordon has 20 seconds left.
|inactive|PizzaSanwitch has 15 seconds left.
|inactive|PizzaSanwitch has 10 seconds left.
|inactive|FreemanGordon has 15 seconds left.
|inactive|PizzaSanwitch has 5 seconds left.
|
|t:|1784668627
|switch|p1a: Decidueye|Decidueye-Hisui, L50, F|100/100
|switch|p2a: Basculegion|Basculegion, L50, M|100/100
|move|p2b: Archaludon|Dragon Pulse|p1b: Glimmora
|-damage|p1b: Glimmora|0 fnt
|faint|p1b: Glimmora
|
|-weather|Snowscape|[upkeep]
|-heal|p2b: Archaludon|54/100|[from] item: Leftovers
|upkeep
|
|t:|1784668636
|switch|p1b: Ninetales|Ninetales-Alola, L50, M|100/100
|turn|6
|inactive|PizzaSanwitch has 30 seconds left.
|inactive|FreemanGordon has 30 seconds left.
|
|t:|1784668672
|move|p2a: Basculegion|Last Respects|p1b: Ninetales
|-damage|p1b: Ninetales|33/100
|move|p1b: Ninetales|Moonblast|p2b: Archaludon
|-damage|p2b: Archaludon|14/100
|-ability|p2b: Archaludon|Stamina|boost
|-boost|p2b: Archaludon|def|1
|move|p2b: Archaludon|Aura Sphere|p1b: Ninetales
|-damage|p1b: Ninetales|1/100
|move|p1a: Decidueye|Leaf Blade|p2a: Basculegion
|-supereffective|p2a: Basculegion|1
|-damage|p2a: Basculegion|0 fnt
|faint|p2a: Basculegion
|-damage|p1a: Decidueye|90/100|[from] item: Life Orb
|
|-weather|Snowscape|[upkeep]
|-heal|p2b: Archaludon|20/100y|[from] item: Leftovers
|-sideend|p2: PizzaSanwitch|move: Tailwind
|upkeep
|
|t:|1784668679
|switch|p2a: Pelipper|Pelipper, L50, F|29/100
|-weather|RainDance|[from] ability: Drizzle|[of] p2a: Pelipper
|turn|7
|-message|PizzaSanwitch forfeited.
|
|win|FreemanGordon
||PizzaSanwitch is ready for game 2.
|c|☆FreemanGordon|wait
|inactive|FreemanGordon has 30 seconds to confirm battle start!
|c|☆FreemanGordon|you dont have flash cannon
||FreemanGordon is ready for game 2.
|uhtml|next|Next: Game 2 of 3
