|j|☆Barri Deagol
|j|☆uno33
|html|Barri Deagoluno33    
|uhtml|bestof|Game 3 of a best-of-3
|t:|1756300910
|gametype|doubles
|player|p1|Barri Deagol|brycenman|1068
|player|p2|uno33|youngster-gen4dp|1045
|gen|9
|tier|[Gen 9] VGC 2025 Reg H (Bo3)
|rated|
|rule|Species Clause: Limit one of each Pokémon
|rule|Item Clause: Limit 1 of each item
|clearpoke
|poke|p1|Incineroar, L50, M|
|poke|p1|Pelipper, L50, F|
|poke|p1|Basculegion, L50, M|
|poke|p1|Amoonguss, L50, M|
|poke|p1|Maushold-Four, L50|
|poke|p1|Archaludon, L50, F|
|poke|p2|Charizard, L50, M|
|poke|p2|Torkoal, L50, F|
|poke|p2|Porygon2, L50|
|poke|p2|Incineroar, L50, F|
|poke|p2|Jumpluff, L50, F|
|poke|p2|Ursaluna, L50, M|
|teampreview|4
|showteam|p1|Incineroar||SafetyGoggles|Intimidate|FakeOut,FlareBlitz,KnockOff,PartingShot|||M|||50|,,,,,Ghost]Pelipper||FocusSash|Drizzle|Hurricane,WeatherBall,Tailwind,Protect|||F|||50|,,,,,Ghost]Basculegion||MysticWater|SwiftSwim|Protect,WaveCrash,AquaJet,LastRespects|||M|||50|,,,,,Water]Amoonguss||SitrusBerry|Regenerator|Spore,RagePowder,PollenPuff,ClearSmog|||M|||50|,,,,,Water]Maushold-Four||WideLens|Technician|PopulationBomb,FollowMe,Taunt,Protect||||||50|,,,,,Grass]Archaludon||AssaultVest|Stamina|ElectroShot,DragonPulse,FlashCannon,BodyPress|||F|||50|,,,,,Grass
|showteam|p2|Charizard||ChoiceSpecs|SolarPower|HeatWave,Overheat,WeatherBall,AirSlash|||M|||50|,,,,,Ghost]Torkoal||EjectPack|Drought|Eruption,Overheat,HelpingHand,Protect|||F|||50|,,,,,Fire]Porygon2||Eviolite|Download|TeraBlast,IceBeam,Recover,TrickRoom||||||50|,,,,,Fighting]Incineroar||SitrusBerry|Intimidate|FlareBlitz,KnockOff,FakeOut,PartingShot|||F|||50|,,,,,Ghost]Jumpluff||CovertCloak|Chlorophyll|SleepPowder,SunnyDay,RagePowder,Tailwind|||F|||50|,,,,,Water]Ursaluna||FlameOrb|Guts|HeadlongRush,Facade,Earthquake,Protect|||M|||50|,,,,,Ghost
|
|t:|1756300942
|teamsize|p1|4
|teamsize|p2|4
|start
|switch|p1a: Incineroar|Incineroar, L50, M|100/100
|switch|p1b: Maushold|Maushold-Four, L50|100/100
|switch|p2a: Incineroar|Incineroar, L50, F|100/100
|switch|p2b: Porygon2|Porygon2, L50|100/100
|-ability|p2a: Incineroar|Intimidate|boost
|-unboost|p1a: Incineroar|atk|1
|-unboost|p1b: Maushold|atk|1
|-ability|p1a: Incineroar|Intimidate|boost
|-unboost|p2a: Incineroar|atk|1
|-unboost|p2b: Porygon2|atk|1
|-ability|p2b: Porygon2|Download|boost
|-boost|p2b: Porygon2|atk|1
|turn|1
|
|t:|1756300983
|move|p1a: Incineroar|Fake Out|p2b: Porygon2
|-damage|p2b: Porygon2|95/100
|move|p1b: Maushold|Population Bomb|p2b: Porygon2
|-damage|p2b: Porygon2|90/100
|-damage|p2b: Porygon2|85/100
|-damage|p2b: Porygon2|80/100
|-damage|p2b: Porygon2|74/100
|-damage|p2b: Porygon2|69/100
|-crit|p2b: Porygon2
|-damage|p2b: Porygon2|59/100
|-damage|p2b: Porygon2|54/100
|-crit|p2b: Porygon2
|-damage|p2b: Porygon2|43/100
|-damage|p2b: Porygon2|39/100
|-damage|p2b: Porygon2|33/100
|-hitcount|p2b: Porygon2|10
|move|p2a: Incineroar|Parting Shot|p1b: Maushold
|-unboost|p1b: Maushold|atk|1
|-unboost|p1b: Maushold|spa|1
|
|t:|1756300991
|switch|p2a: Ursaluna|Ursaluna, L50, M|100/100|[from] Parting Shot
|cant|p2b: Porygon2|flinch
|
|-status|p2a: Ursaluna|brn|[from] item: Flame Orb
|upkeep
|turn|2
|
|t:|1756301037
|move|p1b: Maushold|Population Bomb|p2b: Porygon2
|-damage|p2b: Porygon2|29/100
|-damage|p2b: Porygon2|25/100
|-damage|p2b: Porygon2|21/100
|-damage|p2b: Porygon2|18/100
|-damage|p2b: Porygon2|14/100
|-damage|p2b: Porygon2|10/100
|-damage|p2b: Porygon2|7/100
|-crit|p2b: Porygon2
|-damage|p2b: Porygon2|0 fnt
|faint|p2b: Porygon2
|-hitcount|p2: Porygon2|8
|move|p2a: Ursaluna|Facade|p1b: Maushold
|-damage|p1b: Maushold|0 fnt
|faint|p1b: Maushold
|move|p1a: Incineroar|Knock Off|p2a: Ursaluna
|-damage|p2a: Ursaluna|75/100 brn
|-enditem|p2a: Ursaluna|Flame Orb|[from] move: Knock Off|[of] p1a: Incineroar
|
|-damage|p2a: Ursaluna|69/100 brn|[from] brn
|upkeep
|
|t:|1756301071
|switch|p1b: Basculegion|Basculegion, L50, M|100/100
|switch|p2b: Incineroar|Incineroar, L50, F|100/100
|-ability|p2b: Incineroar|Intimidate|boost
|-unboost|p1a: Incineroar|atk|1
|-unboost|p1b: Basculegion|atk|1
|turn|3
|
|t:|1756301103
|switch|p1b: Pelipper|Pelipper, L50, F|100/100
|-weather|RainDance|[from] ability: Drizzle|[of] p1b: Pelipper
|switch|p2a: Torkoal|Torkoal, L50, F|100/100
|-weather|SunnyDay|[from] ability: Drought|[of] p2a: Torkoal
|move|p2b: Incineroar|Knock Off|p1b: Pelipper
|-damage|p1b: Pelipper|45/100
|-enditem|p1b: Pelipper|Focus Sash|[from] move: Knock Off|[of] p2b: Incineroar
|move|p1a: Incineroar|Parting Shot|p2a: Torkoal
|-unboost|p2a: Torkoal|atk|1
|-unboost|p2a: Torkoal|spa|1
|
|t:|1756301117
|switch|p1a: Basculegion|Basculegion, L50, M|100/100|[from] Parting Shot
|
|-weather|SunnyDay|[upkeep]
|upkeep
|turn|4
|
|t:|1756301155
|switch|p1b: Incineroar|Incineroar, L50, M|100/100
|-ability|p1b: Incineroar|Intimidate|boost
|-unboost|p2a: Torkoal|atk|1
|-unboost|p2b: Incineroar|atk|1
|-enditem|p2a: Torkoal|Eject Pack
|
|t:|1756301160
|switch|p2a: Ursaluna|Ursaluna, L50, M|69/100 brn
|move|p1a: Basculegion|Protect|p1a: Basculegion
|-singleturn|p1a: Basculegion|Protect
|move|p2b: Incineroar|Knock Off|p1a: Basculegion
|-activate|p1a: Basculegion|move: Protect
|
|-weather|SunnyDay|[upkeep]
|-damage|p2a: Ursaluna|63/100 brn|[from] brn
|upkeep
|turn|5
|
|t:|1756301191
|switch|p2a: Torkoal|Torkoal, L50, F|100/100
|switch|p1b: Pelipper|Pelipper, L50, F|45/100
|-weather|RainDance|[from] ability: Drizzle|[of] p1b: Pelipper
|-terastallize|p1a: Basculegion|Water
|move|p1a: Basculegion|Wave Crash|p2a: Torkoal
|-supereffective|p2a: Torkoal
|-damage|p2a: Torkoal|0 fnt
|faint|p2a: Torkoal
|-damage|p1a: Basculegion|71/100|[from] Recoil
|move|p2b: Incineroar|Knock Off|p1a: Basculegion
|-damage|p1a: Basculegion|35/100
|-enditem|p1a: Basculegion|Mystic Water|[from] move: Knock Off|[of] p2b: Incineroar
|
|-weather|RainDance|[upkeep]
|upkeep
|
|t:|1756301199
|switch|p2a: Ursaluna|Ursaluna, L50, M|63/100 brn
|turn|6
|
|t:|1756301227
|-terastallize|p2b: Incineroar|Ghost
|move|p2a: Ursaluna|Protect|p2a: Ursaluna
|-singleturn|p2a: Ursaluna|Protect
|move|p1a: Basculegion|Wave Crash|p2a: Ursaluna
|-activate|p2a: Ursaluna|move: Protect
|move|p1b: Pelipper|Weather Ball|p2b: Incineroar
|-damage|p2b: Incineroar|32/100
|-enditem|p2b: Incineroar|Sitrus Berry|[eat]
|-heal|p2b: Incineroar|57/100|[from] item: Sitrus Berry
|move|p2b: Incineroar|Knock Off|p1a: Basculegion
|-damage|p1a: Basculegion|8/100
|
|-weather|RainDance|[upkeep]
|-damage|p2a: Ursaluna|57/100 brn|[from] brn
|upkeep
|turn|7
|c|☆uno33|ggs
|-message|uno33 forfeited.
|
|win|Barri Deagol
|raw|Barri Deagol's rating: 1068 → 1096(+28 for winning)
|raw|uno33's rating: 1045 → 1029(-16 for losing)
|l|☆uno33
|player|p2|
