|j|☆mysteriousmothman
|j|☆Preciosa Papaya
|html|mysteriousmothmanPreciosa Papaya    
|uhtml|bestof|Game 2 of a best-of-3
|t:|1754497490
|gametype|doubles
|player|p1|mysteriousmothman|skier|1124
|player|p2|Preciosa Papaya|iono|1192
|gen|9
|tier|[Gen 9] VGC 2025 Reg H (Bo3)
|rated|
|rule|Species Clause: Limit one of each Pokémon
|rule|Item Clause: Limit 1 of each item
|clearpoke
|poke|p1|Porygon2, L50|
|poke|p1|Hydreigon, L50, M|
|poke|p1|Incineroar, L50, F|
|poke|p1|Garchomp, L50, F|
|poke|p1|Amoonguss, L50, M|
|poke|p1|Gholdengo, L50|
|poke|p2|Kommo-o, L50, M|
|poke|p2|Electabuzz, L50, M|
|poke|p2|Sinistcha, L50|
|poke|p2|Talonflame, L50, F|
|poke|p2|Kingambit, L50, F|
|poke|p2|Ursaluna-Bloodmoon, L50, M|
|teampreview|4
|showteam|p1|Porygon2||Eviolite|Download|TeraBlast,IceBeam,TrickRoom,Recover||||||50|,,,,,Fighting]Hydreigon||SafetyGoggles|Levitate|Snarl,DracoMeteor,Tailwind,Protect|||M|||50|,,,,,Ghost]Incineroar||SitrusBerry|Intimidate|FlareBlitz,KnockOff,PartingShot,FakeOut|||F|||50|,,,,,Grass]Garchomp||LoadedDice|RoughSkin|ScaleShot,Earthquake,StompingTantrum,Protect|||F|||50|,,,,,Fire]Amoonguss||CovertCloak|Regenerator|PollenPuff,Spore,RagePowder,Protect|||M|||50|,,,,,Fire]Gholdengo||MetalCoat|GoodasGold|MakeItRain,ShadowBall,NastyPlot,Protect||||||50|,,,,,Flying
|showteam|p2|Kommo-o||ThroatSpray|Soundproof|ClangingScales,AuraSphere,ClangorousSoul,Protect|||M|||50|,,,,,Steel]Electabuzz||Eviolite|VitalSpirit|Electroweb,Taunt,FollowMe,Protect|||M|||50|,,,,,Ghost]Sinistcha||SitrusBerry|Hospitality|MatchaGotcha,LifeDew,TrickRoom,RagePowder||||||50|,,,,,Water]Talonflame||CovertCloak|GaleWings|Tailwind,DualWingbeat,WillOWisp,FlareBlitz|||F|||50|,,,,,Grass]Kingambit||BlackGlasses|Defiant|KowtowCleave,SuckerPunch,SwordsDance,Protect|||F|||50|,,,,,Dark]Ursaluna-Bloodmoon||LifeOrb|MindsEye|BloodMoon,HyperVoice,EarthPower,Protect|||M|||50|,,,,,Normal
|
|t:|1754497526
|teamsize|p1|4
|teamsize|p2|4
|start
|switch|p1a: Porygon2|Porygon2, L50, shiny|100/100
|switch|p1b: Garchomp|Garchomp, L50, F, shiny|100/100
|switch|p2a: Electabuzz|Electabuzz, L50, M|100/100
|switch|p2b: Kommo-o|Kommo-o, L50, M, shiny|100/100
|-ability|p1a: Porygon2|Download|boost
|-boost|p1a: Porygon2|spa|1
|turn|1
|
|t:|1754497557
|move|p2a: Electabuzz|Follow Me|p2a: Electabuzz
|-singleturn|p2a: Electabuzz|move: Follow Me
|move|p1b: Garchomp|Stomping Tantrum|p2a: Electabuzz
|-supereffective|p2a: Electabuzz
|-damage|p2a: Electabuzz|39/100
|move|p2b: Kommo-o|Clangorous Soul|p2b: Kommo-o
|-boost|p2b: Kommo-o|atk|1
|-boost|p2b: Kommo-o|def|1
|-boost|p2b: Kommo-o|spa|1
|-boost|p2b: Kommo-o|spd|1
|-boost|p2b: Kommo-o|spe|1
|-damage|p2b: Kommo-o|68/100
|-enditem|p2b: Kommo-o|Throat Spray
|-boost|p2b: Kommo-o|spa|1|[from] item: Throat Spray
|move|p1a: Porygon2|Ice Beam|p2a: Electabuzz
|-damage|p2a: Electabuzz|9/100
|
|upkeep
|turn|2
|
|t:|1754497614
|switch|p2a: Sinistcha|Sinistcha, L50|100/100
|-heal|p2b: Kommo-o|93/100|[from] ability: Hospitality|[of] p2a: Sinistcha
|-terastallize|p1a: Porygon2|Fighting
|move|p2b: Kommo-o|Protect|p2b: Kommo-o
|-singleturn|p2b: Kommo-o|Protect
|move|p1b: Garchomp|Stomping Tantrum|p2a: Sinistcha
|-resisted|p2a: Sinistcha
|-damage|p2a: Sinistcha|80/100
|move|p1a: Porygon2|Trick Room|p1a: Porygon2
|-fieldstart|move: Trick Room|[of] p1a: Porygon2
|
|upkeep
|turn|3
|
|t:|1754497651
|move|p2b: Kommo-o|Protect|p2b: Kommo-o
|-singleturn|p2b: Kommo-o|Protect
|move|p1a: Porygon2|Ice Beam|p2a: Sinistcha
|-supereffective|p2a: Sinistcha
|-damage|p2a: Sinistcha|10/100
|-enditem|p2a: Sinistcha|Sitrus Berry|[eat]
|-heal|p2a: Sinistcha|35/100|[from] item: Sitrus Berry
|move|p1b: Garchomp|Scale Shot|p2b: Kommo-o
|-activate|p2b: Kommo-o|move: Protect
|move|p2a: Sinistcha|Trick Room|p2a: Sinistcha
|-fieldend|move: Trick Room
|
|upkeep
|turn|4
|
|t:|1754497692
|switch|p1a: Amoonguss|Amoonguss, L50, M, shiny|100/100
|move|p1b: Garchomp|Protect|p1b: Garchomp
|-singleturn|p1b: Garchomp|Protect
|move|p2b: Kommo-o|Clanging Scales|p1b: Garchomp|[spread] p1a
|-activate|p1b: Garchomp|move: Protect
|-damage|p1a: Amoonguss|43/100
|-unboost|p2b: Kommo-o|def|1
|move|p2a: Sinistcha|Matcha Gotcha|p1b: Garchomp|[spread] p1a
|-activate|p1b: Garchomp|move: Protect
|-resisted|p1a: Amoonguss
|-damage|p1a: Amoonguss|39/100
|-heal|p2a: Sinistcha|37/100|[from] drain|[of] p1a: Amoonguss
|
|upkeep
|turn|5
|
|t:|1754497733
|move|p2a: Sinistcha|Rage Powder|p2a: Sinistcha
|-singleturn|p2a: Sinistcha|move: Rage Powder
|move|p2b: Kommo-o|Clanging Scales|p1a: Amoonguss|[spread] p1a,p1b
|-supereffective|p1b: Garchomp
|-damage|p1a: Amoonguss|0 fnt
|-damage|p1b: Garchomp|0 fnt
|faint|p1a: Amoonguss
|faint|p1b: Garchomp
|-unboost|p2b: Kommo-o|def|1
|
|upkeep
|
|t:|1754497741
|switch|p1b: Gholdengo|Gholdengo, L50, shiny|100/100
|switch|p1a: Porygon2|Porygon2, L50, shiny, tera:Fighting|100/100
|-ability|p1a: Porygon2|Download|boost
|-boost|p1a: Porygon2|atk|1
|turn|6
|
|t:|1754497775
|move|p2b: Kommo-o|Clanging Scales|p1b: Gholdengo|[spread] p1a,p1b
|-crit|p1a: Porygon2
|-resisted|p1b: Gholdengo
|-damage|p1a: Porygon2|33/100
|-damage|p1b: Gholdengo|64/100
|-unboost|p2b: Kommo-o|def|1
|move|p1b: Gholdengo|Nasty Plot|p1b: Gholdengo
|-boost|p1b: Gholdengo|spa|2
|move|p2a: Sinistcha|Life Dew|p2a: Sinistcha|[spread] p2a,p2b
|-heal|p2a: Sinistcha|62/100
|-heal|p2b: Kommo-o|100/100
|move|p1a: Porygon2|Trick Room|p1a: Porygon2
|-fieldstart|move: Trick Room|[of] p1a: Porygon2
|
|upkeep
|turn|7
|
|t:|1754497793
|move|p1a: Porygon2|Tera Blast|p2b: Kommo-o|[anim] Tera Blast Fighting
|-damage|p2b: Kommo-o|71/100
|move|p1b: Gholdengo|Make It Rain|p2a: Sinistcha|[spread] p2a,p2b
|-damage|p2a: Sinistcha|0 fnt
|-damage|p2b: Kommo-o|0 fnt
|-unboost|p1b: Gholdengo|spa|1
|faint|p2a: Sinistcha
|faint|p2b: Kommo-o
|
|upkeep
|
|t:|1754497800
|switch|p2a: Talonflame|Talonflame, L50, F|100/100
|switch|p2b: Electabuzz|Electabuzz, L50, M|9/100
|turn|8
|
|t:|1754497811
|move|p2b: Electabuzz|Follow Me|p2b: Electabuzz
|-singleturn|p2b: Electabuzz|move: Follow Me
|move|p2a: Talonflame|Dual Wingbeat|p1a: Porygon2
|-supereffective|p1a: Porygon2
|-damage|p1a: Porygon2|11/100
|-supereffective|p1a: Porygon2
|-damage|p1a: Porygon2|0 fnt
|faint|p1a: Porygon2
|-hitcount|p1: Porygon2|2
|move|p1b: Gholdengo|Shadow Ball|p2b: Electabuzz
|-damage|p2b: Electabuzz|0 fnt
|faint|p2b: Electabuzz
|
|upkeep
|turn|9
|
|t:|1754497823
|move|p1b: Gholdengo|Shadow Ball|p2a: Talonflame
|-damage|p2a: Talonflame|0 fnt
|faint|p2a: Talonflame
|
|win|mysteriousmothman
|raw|mysteriousmothman's rating: 1124 → 1154(+30 for winning)
|raw|Preciosa Papaya's rating: 1192 → 1162(-30 for losing)
|l|☆Preciosa Papaya
|player|p2|
