|j|☆the killer1234
|j|☆Fell Blue
|html|the killer1234Fell Blue    
|uhtml|bestof|Game 1 of a best-of-3
|t:|1784747395
|gametype|doubles
|player|p1|the killer1234|169|1135
|player|p2|Fell Blue|fantina|1084
|gen|9
|tier|[Gen 9 Champions] VGC 2026 Reg M-B (Bo3)
|rated|
|rule|Species Clause: Limit one of each Pokémon
|rule|Item Clause: Limit 1 of each item
|clearpoke
|poke|p1|Charizard, L50, F|
|poke|p1|Tyranitar, L50, M|
|poke|p1|Milotic, L50, F|
|poke|p1|Incineroar, L50, F|
|poke|p1|Sinistcha, L50|
|poke|p1|Sneasler, L50, F|
|poke|p2|Mawile, L50, F|
|poke|p2|Liepard, L50, M|
|poke|p2|Sneasler, L50, M|
|poke|p2|Chandelure, L50, F|
|poke|p2|Ninetales-Alola, L50, F|
|poke|p2|Incineroar, L50, F|
|teampreview|4
|showteam|p1|Charizard||CharizarditeY|Blaze|HeatWave,WeatherBall,SolarBeam,Protect|Modest||F|||50|]Tyranitar||Tyranitarite|SandStream|RockSlide,Crunch,Protect,HighHorsepower|Adamant||M|||50|]Milotic||Leftovers|Competitive|IcyWind,Scald,Protect,Recover|Calm||F|||50|]Incineroar||SitrusBerry|Intimidate|FakeOut,FlareBlitz,PartingShot,ThroatChop|Adamant||F|||50|]Sinistcha||CobaBerry|Hospitality|MatchaGotcha,RagePowder,LifeDew,TrickRoom|Bold|||||50|]Sneasler||WhiteHerb|Unburden|FakeOut,CloseCombat,DireClaw,Coaching|Adamant||F|||50|
|showteam|p2|Mawile||Mawilite|HyperCutter|PlayRough,SuckerPunch,Protect,RockSlide|Adamant||F|||50|]Liepard||FocusSash|Prankster|FakeOut,ThunderWave,FoulPlay,Encore|Timid||M|||50|]Sneasler||WhiteHerb|Unburden|DireClaw,Coaching,FakeOut,CloseCombat|Adamant||M|||50|]Chandelure||Chandelurite|FlashFire|ShadowBall,HeatWave,CalmMind,Protect|Modest||F|||50|]Ninetales-Alola||LightClay|SnowWarning|AuroraVeil,Protect,FreezeDry,IcyWind|Timid||F|||50|]Incineroar||SitrusBerry|Intimidate|FakeOut,PartingShot,ThroatChop,FlareBlitz|Impish||F|||50|
|inactive|Battle timer is ON: inactive players will automatically lose when time's up. (requested by the killer1234)
|inactive|the killer1234 has 60 seconds left.
|inactive|Fell Blue has 60 seconds left.
|
|t:|1784747440
|teamsize|p1|4
|teamsize|p2|4
|start
|switch|p1a: Charizard|Charizard, L50, F|100/100
|switch|p1b: Incineroar|Incineroar, L50, F|100/100
|switch|p2a: Sneasler|Sneasler, L50, M|100/100
|switch|p2b: Incineroar|Incineroar, L50, F|100/100
|-ability|p1b: Incineroar|Intimidate|boost
|-unboost|p2a: Sneasler|atk|1
|-unboost|p2b: Incineroar|atk|1
|-ability|p2b: Incineroar|Intimidate|boost
|-unboost|p1a: Charizard|atk|1
|-unboost|p1b: Incineroar|atk|1
|-enditem|p2a: Sneasler|White Herb
|-clearnegativeboost|p2a: Sneasler|[silent]
|turn|1
|
|t:|1784747462
|move|p1a: Charizard|Protect|p1a: Charizard
|-singleturn|p1a: Charizard|Protect
|move|p1b: Incineroar|Fake Out|p2b: Incineroar
|-damage|p2b: Incineroar|94/100
|cant|p2b: Incineroar|flinch
|move|p2a: Sneasler|Close Combat|p1b: Incineroar
|-supereffective|p1b: Incineroar|1
|-damage|p1b: Incineroar|0 fnt
|-unboost|p2a: Sneasler|def|1
|-unboost|p2a: Sneasler|spd|1
|faint|p1b: Incineroar
|
|upkeep
|
|t:|1784747479
|switch|p1b: Milotic|Milotic, L50, F|100/100
|turn|2
|
|t:|1784747496
|detailschange|p1a: Charizard|Charizard-Mega-Y, L50, F
|-mega|p1a: Charizard|Charizard|Charizardite Y
|-weather|SunnyDay|[from] ability: Drought|[of] p1a: Charizard
|move|p2a: Sneasler|Dire Claw|p1a: Charizard
|-damage|p1a: Charizard|57/100
|-status|p1a: Charizard|slp
|cant|p1a: Charizard|slp
|move|p1b: Milotic|Scald|p2a: Sneasler
|-damage|p2a: Sneasler|75/100
|move|p2b: Incineroar|Parting Shot|p1a: Charizard
|-unboost|p1a: Charizard|atk|1
|-unboost|p1a: Charizard|spa|1
|
|t:|1784747506
|switch|p2b: Mawile|Mawile, L50, F|100/100|[from] Parting Shot
|
|-weather|SunnyDay|[upkeep]
|upkeep
|turn|3
|
|t:|1784747517
|detailschange|p2b: Mawile|Mawile-Mega, L50, F
|-mega|p2b: Mawile|Mawile|Mawilite
|-curestatus|p1a: Charizard|slp|[msg]
|move|p1a: Charizard|Protect|p1a: Charizard
|-singleturn|p1a: Charizard|Protect
|move|p1b: Milotic|Protect|p1b: Milotic
|-singleturn|p1b: Milotic|Protect
|move|p2a: Sneasler|Dire Claw|p1b: Milotic
|-activate|p1b: Milotic|move: Protect
|move|p2b: Mawile|Rock Slide|p1a: Charizard|[spread] 
|-activate|p1a: Charizard|move: Protect
|-activate|p1b: Milotic|move: Protect
|
|-weather|SunnyDay|[upkeep]
|upkeep
|turn|4
|inactive|the killer1234 has 30 seconds left.
|
|t:|1784747543
|move|p2b: Mawile|Sucker Punch|p1a: Charizard
|-damage|p1a: Charizard|12/100
|move|p2a: Sneasler|Dire Claw|p1a: Charizard
|-damage|p1a: Charizard|0 fnt
|faint|p1a: Charizard
|move|p1b: Milotic|Scald|p2a: Sneasler
|-damage|p2a: Sneasler|51/100
|
|-weather|SunnyDay|[upkeep]
|upkeep
|
|t:|1784747552
|switch|p1a: Sinistcha|Sinistcha, L50|100/100
|turn|5
|
|t:|1784747560
|move|p2a: Sneasler|Dire Claw|p1a: Sinistcha
|-damage|p1a: Sinistcha|66/100
|move|p1b: Milotic|Icy Wind|p2b: Mawile|[spread] p2a
|-miss|p1b: Milotic|p2b: Mawile
|-damage|p2a: Sneasler|35/100
|-unboost|p2a: Sneasler|spe|1
|move|p1a: Sinistcha|Matcha Gotcha|p2b: Mawile|[spread] p2a,p2b
|-resisted|p2a: Sneasler|1
|-resisted|p2b: Mawile|1
|-damage|p2a: Sneasler|12/100
|-heal|p1a: Sinistcha|77/100|[from] drain|[of] p2a: Sneasler
|-damage|p2b: Mawile|85/100
|-heal|p1a: Sinistcha|84/100|[from] drain|[of] p2b: Mawile
|move|p2b: Mawile|Play Rough|p1a: Sinistcha
|-damage|p1a: Sinistcha|10/100
|
|-weather|SunnyDay|[upkeep]
|upkeep
|turn|6
|inactive|the killer1234 has 30 seconds left.
|
|t:|1784747587
|move|p2a: Sneasler|Dire Claw|p1a: Sinistcha
|-damage|p1a: Sinistcha|0 fnt
|faint|p1a: Sinistcha
|move|p1b: Milotic|Icy Wind|p2a: Sneasler|[spread] p2a,p2b
|-resisted|p2b: Mawile|1
|-damage|p2a: Sneasler|0 fnt
|-damage|p2b: Mawile|78/100
|-unboost|p2b: Mawile|spe|1
|faint|p2a: Sneasler
|move|p2b: Mawile|Play Rough|p1b: Milotic|[miss]
|-miss|p2b: Mawile|p1b: Milotic
|
|-weather|none
|upkeep
|
|t:|1784747593
|switch|p2a: Liepard|Liepard, L50, M|100/100
|turn|7
|
|t:|1784747605
|move|p2a: Liepard|Fake Out|p1b: Milotic
|-damage|p1b: Milotic|92/100
|cant|p1b: Milotic|flinch
|move|p2b: Mawile|Play Rough|p1b: Milotic
|-damage|p1b: Milotic|22/100
|
|-heal|p1b: Milotic|28/100|[from] item: Leftovers
|upkeep
|turn|8
|
|t:|1784747617
|move|p2a: Liepard|Thunder Wave|p1b: Milotic
|-status|p1b: Milotic|par
|move|p2b: Mawile|Play Rough|p1b: Milotic
|-damage|p1b: Milotic|0 fnt
|faint|p1b: Milotic
|
|win|Fell Blue
||the killer1234 is ready for game 2.
