|j|☆lukashz
|j|☆SunFakeout
|html|lukashzSunFakeout    
|uhtml|bestof|Game 2 of a best-of-3
|t:|1783561690
|gametype|doubles
|player|p1|lukashz|elesa|1386
|player|p2|SunFakeout|265|1452
|gen|9
|tier|[Gen 9 Champions] VGC 2026 Reg M-B (Bo3)
|rated|
|rule|Species Clause: Limit one of each Pokémon
|rule|Item Clause: Limit 1 of each item
|clearpoke
|poke|p1|Chandelure, L50, M|
|poke|p1|Kangaskhan, L50, F|
|poke|p1|Sylveon, L50, F|
|poke|p1|Kingambit, L50, F|
|poke|p1|Sneasler, L50, M|
|poke|p1|Venusaur, L50, F|
|poke|p2|Staraptor, L50, M|
|poke|p2|Glimmora, L50, F|
|poke|p2|Kingambit, L50, M|
|poke|p2|Raichu, L50, M|
|poke|p2|Farigiraf, L50, F|
|poke|p2|Torkoal, L50, F|
|teampreview|4
|showteam|p1|Chandelure||FocusSash|FlashFire|HeatWave,ShadowBall,TrickRoom,Taunt|Quiet||M|||50|]Kangaskhan||Kangaskhanite|InnerFocus|FakeOut,DoubleEdge,SuckerPunch,HammerArm|Brave||F|||50|]Sylveon||FairyFeather|Pixilate|HyperVoice,Protect,HyperBeam,QuickAttack|Quiet||F|||50|]Kingambit||BlackGlasses|Defiant|KowtowCleave,SuckerPunch,IronHead,Protect|Brave||F|||50|]Sneasler||WhiteHerb|Unburden|FakeOut,Coaching,CloseCombat,DireClaw|Jolly||M|||50|]Venusaur||Venusaurite|Chlorophyll|EarthPower,SleepPowder,GigaDrain,Protect|Modest||F|||50|
|showteam|p2|Staraptor||Staraptite|Intimidate|DualWingbeat,CloseCombat,Roost,Protect|Jolly||M|||50|]Glimmora||FocusSash|ToxicDebris|PowerGem,SludgeBomb,EarthPower,SpikyShield|Timid||F|||50|]Kingambit||LifeOrb|Defiant|KowtowCleave,SuckerPunch,SwordsDance,Protect|Adamant||M|||50|]Raichu||RaichuniteY|LightningRod|ZapCannon,FocusBlast,FakeOut,Protect|Timid||M|||50|]Farigiraf||SitrusBerry|ArmorTail|Psychic,HelpingHand,TrickRoom,Protect|Sassy||F|||50|]Torkoal||Charcoal|Drought|Eruption,WeatherBall,HeatWave,Protect|Quiet||F|||50|
|
|t:|1783561721
|teamsize|p1|4
|teamsize|p2|4
|start
|switch|p1a: Kangaskhan|Kangaskhan, L50, F|100/100
|switch|p1b: Sneasler|Sneasler, L50, M|100/100
|switch|p2a: Staraptor|Staraptor, L50, M|100/100
|switch|p2b: Glimmora|Glimmora, L50, F|100/100
|-ability|p2a: Staraptor|Intimidate|boost
|-fail|p1a: Kangaskhan|unboost|Attack|[from] ability: Inner Focus|[of] p1a: Kangaskhan
|-unboost|p1b: Sneasler|atk|1
|-enditem|p1b: Sneasler|White Herb
|-clearnegativeboost|p1b: Sneasler|[silent]
|turn|1
|
|t:|1783561745
|detailschange|p2a: Staraptor|Staraptor-Mega, L50, M
|-mega|p2a: Staraptor|Staraptor|Staraptite
|detailschange|p1a: Kangaskhan|Kangaskhan-Mega, L50, F
|-mega|p1a: Kangaskhan|Kangaskhan|Kangaskhanite
|move|p2a: Staraptor|Protect|p2a: Staraptor
|-singleturn|p2a: Staraptor|Protect
|move|p2b: Glimmora|Spiky Shield|p2b: Glimmora
|-singleturn|p2b: Glimmora|move: Protect
|move|p1a: Kangaskhan|Fake Out|p2a: Staraptor
|-activate|p2a: Staraptor|move: Protect
|move|p1b: Sneasler|Coaching|p1a: Kangaskhan
|-boost|p1a: Kangaskhan|atk|1
|-boost|p1a: Kangaskhan|def|1
|
|upkeep
|turn|2
|
|t:|1783561776
|move|p1b: Sneasler|Coaching|p1a: Kangaskhan
|-boost|p1a: Kangaskhan|atk|1
|-boost|p1a: Kangaskhan|def|1
|move|p2a: Staraptor|Close Combat|p1a: Kangaskhan
|-supereffective|p1a: Kangaskhan|1
|-damage|p1a: Kangaskhan|51/100
|-boost|p2a: Staraptor|def|1
|-boost|p2a: Staraptor|spd|1
|move|p2b: Glimmora|Sludge Bomb|p1a: Kangaskhan
|-damage|p1a: Kangaskhan|13/100
|move|p1a: Kangaskhan|Hammer Arm|p2b: Glimmora
|-damage|p2b: Glimmora|16/100
|-unboost|p1a: Kangaskhan|spe|1
|-activate|p2b: Glimmora|ability: Toxic Debris
|-sidestart|p1: lukashz|move: Toxic Spikes
|-damage|p2b: Glimmora|0 fnt
|-unboost|p1a: Kangaskhan|spe|1
|-activate|p2b: Glimmora|ability: Toxic Debris
|-sidestart|p1: lukashz|move: Toxic Spikes
|faint|p2b: Glimmora
|-hitcount|p2: Glimmora|2
|
|upkeep
|
|t:|1783561796
|switch|p2b: Farigiraf|Farigiraf, L50, F|100/100
|turn|3
|
|t:|1783561813
|switch|p1a: Chandelure|Chandelure, L50, M|100/100
|-status|p1a: Chandelure|tox
|move|p1b: Sneasler|Dire Claw|p2a: Staraptor
|-damage|p2a: Staraptor|76/100
|move|p2a: Staraptor|Close Combat|p1a: Chandelure
|-immune|p1a: Chandelure
|move|p2b: Farigiraf|Psychic|p1b: Sneasler
|-supereffective|p1b: Sneasler|2
|-damage|p1b: Sneasler|0 fnt
|faint|p1b: Sneasler
|
|-damage|p1a: Chandelure|94/100 tox|[from] psn
|upkeep
|
|t:|1783561828
|switch|p1b: Kingambit|Kingambit, L50, F|100/100
|turn|4
|
|t:|1783561849
|move|p1b: Kingambit|Protect|p1b: Kingambit
|-singleturn|p1b: Kingambit|Protect
|move|p2a: Staraptor|Close Combat|p1b: Kingambit
|-activate|p1b: Kingambit|move: Protect
|move|p2b: Farigiraf|Psychic|p1a: Chandelure
|-damage|p1a: Chandelure|55/100 tox
|move|p1a: Chandelure|Trick Room|p1a: Chandelure
|-fieldstart|move: Trick Room|[of] p1a: Chandelure
|
|-damage|p1a: Chandelure|43/100 tox|[from] psn
|upkeep
|turn|5
|
|t:|1783561870
|move|p1b: Kingambit|Kowtow Cleave|p2b: Farigiraf
|-supereffective|p2b: Farigiraf|1
|-damage|p2b: Farigiraf|0 fnt
|faint|p2b: Farigiraf
|move|p1a: Chandelure|Heat Wave|p2a: Staraptor
|-damage|p2a: Staraptor|37/100
|move|p2a: Staraptor|Close Combat|p1b: Kingambit
|-supereffective|p1b: Kingambit|2
|-damage|p1b: Kingambit|0 fnt
|-boost|p2a: Staraptor|def|1
|-boost|p2a: Staraptor|spd|1
|faint|p1b: Kingambit
|
|-damage|p1a: Chandelure|25/100 tox|[from] psn
|upkeep
|
|t:|1783561877
|switch|p1b: Kangaskhan|Kangaskhan-Mega, L50, F|13/100
|switch|p2b: Kingambit|Kingambit, L50, M|100/100
|-status|p1b: Kangaskhan|tox
|turn|6
|
|t:|1783561891
|move|p2b: Kingambit|Protect|p2b: Kingambit
|-singleturn|p2b: Kingambit|Protect
|move|p2a: Staraptor|Protect|p2a: Staraptor
|-singleturn|p2a: Staraptor|Protect
|move|p1b: Kangaskhan|Fake Out|p2b: Kingambit
|-activate|p2b: Kingambit|move: Protect
|move|p1a: Chandelure|Heat Wave|p2a: Staraptor|[spread] 
|-activate|p2a: Staraptor|move: Protect
|-activate|p2b: Kingambit|move: Protect
|
|-damage|p1a: Chandelure|1/100 tox|[from] psn
|-damage|p1b: Kangaskhan|7/100 tox|[from] psn
|upkeep
|turn|7
|
|t:|1783561904
|move|p2b: Kingambit|Sucker Punch|p1b: Kangaskhan
|-damage|p1b: Kangaskhan|0 fnt
|faint|p1b: Kangaskhan
|-damage|p2b: Kingambit|90/100|[from] item: Life Orb
|move|p1a: Chandelure|Heat Wave|p2b: Kingambit|[spread] p2a,p2b
|-supereffective|p2b: Kingambit|1
|-damage|p2a: Staraptor|12/100
|-damage|p2b: Kingambit|0 fnt
|faint|p2b: Kingambit
|move|p2a: Staraptor|Roost|p2a: Staraptor
|-heal|p2a: Staraptor|62/100
|-singleturn|p2a: Staraptor|move: Roost
|
|-damage|p1a: Chandelure|0 fnt|[from] psn
|faint|p1a: Chandelure
|
|win|SunFakeout
|raw|lukashz's rating: 1386 → 1370(-16 for losing)
|raw|SunFakeout's rating: 1452 → 1468(+16 for winning)
|l|☆SunFakeout
|player|p2|
