|j|☆TeyVgc
|j|☆PresidentObuga
|html|TeyVgcPresidentObuga    
|uhtml|bestof|Game 2 of a best-of-3
|t:|1757102915
|gametype|doubles
|player|p1|TeyVgc|101|1291
|player|p2|PresidentObuga|ghetsis|1211
|gen|9
|tier|[Gen 9] VGC 2025 Reg H (Bo3)
|rated|
|rule|Species Clause: Limit one of each Pokémon
|rule|Item Clause: Limit 1 of each item
|clearpoke
|poke|p1|Gholdengo, L50|
|poke|p1|Dragonite, L50, M|
|poke|p1|Sneasler, L50, F|
|poke|p1|Incineroar, L50, M|
|poke|p1|Indeedee, L50, M|
|poke|p1|Gastrodon, L50, M|
|poke|p2|Kingambit, L50, F|
|poke|p2|Primarina, L50, F|
|poke|p2|Sneasler, L50, M|
|poke|p2|Magmar, L50, M|
|poke|p2|Rillaboom, L50, F|
|poke|p2|Dragapult, L50, M|
|teampreview|4
|showteam|p1|Gholdengo||LifeOrb|GoodasGold|Protect,MakeItRain,ShadowBall,NastyPlot||||||50|,,,,,Water]Dragonite||LoadedDice|Multiscale|ScaleShot,Tailwind,Haze,Protect|||M|||50|,,,,,Fairy]Sneasler||PsychicSeed|Unburden|Protect,DireClaw,CloseCombat,ThroatChop|||F|||50|,,,,,Dark]Incineroar||SafetyGoggles|Intimidate|KnockOff,PartingShot,FlareBlitz,FakeOut|||M|||50|,,,,,Ghost]Indeedee||FocusSash|PsychicSurge|ExpandingForce,TrickRoom,Imprison,TeraBlast|||M|||50|,,,,,Fighting]Gastrodon||Leftovers|StormDrain|EarthPower,Yawn,Recover,IceBeam|||M|||50|,,,,,Poison
|showteam|p2|Kingambit||BlackGlasses|Defiant|KowtowCleave,SuckerPunch,SwordsDance,Protect|||F|||50|,,,,,Ghost]Primarina||SitrusBerry|LiquidVoice|HyperVoice,Moonblast,Haze,Protect|||F|||50|,,,,,Water]Sneasler||FocusSash|PoisonTouch|CloseCombat,DireClaw,FakeOut,Protect|||M|||50|,,,,,Stellar]Magmar||Eviolite|VitalSpirit|Overheat,WillOWisp,FollowMe,Protect|||M|||50|,,,,,Ghost]Rillaboom||AssaultVest|GrassySurge|WoodHammer,GrassyGlide,HighHorsepower,FakeOut|||F|||50|,,,,,Fire]Dragapult||ChoiceBand|ClearBody|DragonDarts,PhantomForce,TeraBlast,Uturn|||M|||50|,,,,,Ghost
|inactive|Battle timer is ON: inactive players will automatically lose when time's up. (requested by PresidentObuga)
|inactive|TeyVgc has 60 seconds left.
|
|t:|1757102968
|teamsize|p1|4
|teamsize|p2|4
|start
|switch|p1a: Leonel|Sneasler, L50, F|100/100
|switch|p1b: Joaquin|Dragonite, L50, M|100/100
|switch|p2a: Magmar|Magmar, L50, M|100/100
|switch|p2b: Dragapult|Dragapult, L50, M|100/100
|turn|1
|inactive|PresidentObuga has 30 seconds left.
|
|t:|1757103000
|-terastallize|p1b: Joaquin|Fairy
|move|p1a: Leonel|Protect|p1a: Leonel
|-singleturn|p1a: Leonel|Protect
|move|p2a: Magmar|Follow Me|p2a: Magmar
|-singleturn|p2a: Magmar|move: Follow Me
|move|p2b: Dragapult|Dragon Darts|p1a: Leonel
|-immune|p1b: Joaquin
|move|p1b: Joaquin|Scale Shot|p2a: Magmar
|-damage|p2a: Magmar|89/100
|-damage|p2a: Magmar|77/100
|-damage|p2a: Magmar|64/100
|-damage|p2a: Magmar|52/100
|-hitcount|p2a: Magmar|4
|-unboost|p1b: Joaquin|def|1
|-boost|p1b: Joaquin|spe|1
|
|upkeep
|turn|2
|inactive|TeyVgc has 30 seconds left.
|
|t:|1757103027
|switch|p2b: Primarina|Primarina, L50, F|100/100
|switch|p1a: Hector|Gholdengo, L50|100/100
|move|p1b: Joaquin|Scale Shot|p2a: Magmar
|-damage|p2a: Magmar|39/100
|-damage|p2a: Magmar|28/100
|-damage|p2a: Magmar|16/100
|-damage|p2a: Magmar|5/100
|-hitcount|p2a: Magmar|4
|-unboost|p1b: Joaquin|def|1
|-boost|p1b: Joaquin|spe|1
|move|p2a: Magmar|Will-O-Wisp|p1b: Joaquin
|-status|p1b: Joaquin|brn
|
|-damage|p1b: Joaquin|94/100 brn|[from] brn
|upkeep
|turn|3
|
|t:|1757103048
|-terastallize|p2b: Primarina|Water
|move|p1a: Hector|Protect|p1a: Hector
|-singleturn|p1a: Hector|Protect
|move|p2a: Magmar|Protect|p2a: Magmar
|-singleturn|p2a: Magmar|Protect
|move|p1b: Joaquin|Tailwind|p1b: Joaquin
|-sidestart|p1: TeyVgc|move: Tailwind
|move|p2b: Primarina|Hyper Voice|p1a: Hector|[spread] p1b
|-activate|p1a: Hector|move: Protect
|-damage|p1b: Joaquin|46/100 brn
|
|-damage|p1b: Joaquin|40/100 brn|[from] brn
|upkeep
|turn|4
|
|t:|1757103071
|move|p1b: Joaquin|Scale Shot|p2a: Magmar
|-damage|p2a: Magmar|0 fnt
|faint|p2a: Magmar
|-hitcount|p2: Magmar|1
|-unboost|p1b: Joaquin|def|1
|-boost|p1b: Joaquin|spe|1
|move|p1a: Hector|Nasty Plot|p1a: Hector
|-boost|p1a: Hector|spa|2
|move|p2b: Primarina|Hyper Voice|p1b: Joaquin|[spread] p1a,p1b
|-damage|p1a: Hector|56/100
|-damage|p1b: Joaquin|0 fnt
|faint|p1b: Joaquin
|
|upkeep
|
|t:|1757103087
|switch|p1b: Leonel|Sneasler, L50, F|100/100
|switch|p2a: Dragapult|Dragapult, L50, M|100/100
|turn|5
|
|t:|1757103104
|switch|p2a: Rillaboom|Rillaboom, L50, F|100/100
|-fieldstart|move: Grassy Terrain|[from] ability: Grassy Surge|[of] p2a: Rillaboom
|move|p1b: Leonel|Throat Chop|p2a: Rillaboom
|-damage|p2a: Rillaboom|76/100
|-start|p2a: Rillaboom|Throat Chop|[silent]
|move|p1a: Hector|Make It Rain|p2a: Rillaboom|[spread] p2a,p2b
|-resisted|p2b: Primarina
|-damage|p2a: Rillaboom|0 fnt
|-damage|p2b: Primarina|52/100
|-unboost|p1a: Hector|spa|1
|faint|p2a: Rillaboom
|-damage|p1a: Hector|46/100|[from] item: Life Orb
|move|p2b: Primarina|Hyper Voice|p1b: Leonel|[spread] p1a,p1b
|-damage|p1a: Hector|2/100
|-damage|p1b: Leonel|44/100
|
|-heal|p1b: Leonel|50/100|[from] Grassy Terrain
|-heal|p1a: Hector|8/100|[from] Grassy Terrain
|-heal|p2b: Primarina|58/100|[from] Grassy Terrain
|upkeep
|
|t:|1757103108
|switch|p2a: Dragapult|Dragapult, L50, M|100/100
|turn|6
|
|t:|1757103124
|move|p1b: Leonel|Throat Chop|p2a: Dragapult
|-supereffective|p2a: Dragapult
|-damage|p2a: Dragapult|21/100
|-start|p2a: Dragapult|Throat Chop|[silent]
|move|p1a: Hector|Make It Rain|p2b: Primarina|[spread] p2a,p2b
|-resisted|p2b: Primarina
|-damage|p2a: Dragapult|0 fnt
|-damage|p2b: Primarina|22/100
|-unboost|p1a: Hector|spa|1
|-enditem|p2b: Primarina|Sitrus Berry|[eat]
|-heal|p2b: Primarina|47/100|[from] item: Sitrus Berry
|faint|p2a: Dragapult
|-damage|p1a: Hector|0 fnt|[from] item: Life Orb
|faint|p1a: Hector
|move|p2b: Primarina|Hyper Voice|p1b: Leonel
|-damage|p1b: Leonel|0 fnt
|faint|p1b: Leonel
|
|-heal|p2b: Primarina|53/100|[from] Grassy Terrain
|-sideend|p1: TeyVgc|move: Tailwind
|upkeep
|
|t:|1757103128
|switch|p1b: Marco|Indeedee, L50, M|100/100
|-fieldstart|move: Psychic Terrain|[from] ability: Psychic Surge|[of] p1b: Marco
|turn|7
|
|t:|1757103145
|move|p2b: Primarina|Protect|p2b: Primarina
|-singleturn|p2b: Primarina|Protect
|move|p1b: Marco|Expanding Force|p2b: Primarina
|-activate|p2b: Primarina|move: Protect
|
|upkeep
|turn|8
|
|t:|1757103161
|move|p1b: Marco|Expanding Force|p2b: Primarina
|-damage|p2b: Primarina|0 fnt
|faint|p2b: Primarina
|
|win|TeyVgc
|raw|TeyVgc's rating: 1291 → 1310(+19 for winning)
|raw|PresidentObuga's rating: 1211 → 1192(-19 for losing)
