|j|☆jackpaulsartre33
|j|☆paralyze u
|html|jackpaulsartre33paralyze u    
|uhtml|bestof|Game 3 of a best-of-3
|t:|1785444219
|gametype|doubles
|player|p1|jackpaulsartre33|102|1103
|player|p2|paralyze u|2|1211
|gen|9
|tier|[Gen 9 Champions] VGC 2026 Reg M-B (Bo3)
|rated|
|rule|Species Clause: Limit one of each Pokémon
|rule|Item Clause: Limit 1 of each item
|clearpoke
|poke|p1|Gengar, L50, M|
|poke|p1|Incineroar, L50, F|
|poke|p1|Ninetales-Alola, L50, M|
|poke|p1|Garchomp, L50, M|
|poke|p1|Kingambit, L50, F|
|poke|p1|Charizard, L50, M|
|poke|p2|Gardevoir, L50, F, shiny|
|poke|p2|Basculegion, L50, M|
|poke|p2|Talonflame, L50, F|
|poke|p2|Maushold, L50|
|poke|p2|Kingambit, L50, M|
|poke|p2|Kommo-o, L50, M|
|teampreview|4
|showteam|p1|Gengar||Gengarite|CursedBody|Protect,ShadowBall,SludgeBomb,PerishSong|Timid||M|||50|]Incineroar||SitrusBerry|Intimidate|Protect,PartingShot,ThroatChop,FakeOut|Impish||F|||50|]Ninetales-Alola||NeverMeltIce|SnowWarning|Protect,Blizzard,FreezeDry,IcyWind|Timid||M|||50|]Garchomp||LifeOrb|RoughSkin|Protect,DragonClaw,StompingTantrum,RockSlide|Jolly||M|||50|]Kingambit||FocusSash|Defiant|Protect,KowtowCleave,SuckerPunch,LowKick|Adamant||F|||50|]Charizard||CharizarditeY|Blaze|Protect,HeatWave,SolarBeam,WeatherBall|Modest||M|||50|
|showteam|p2|Gardevoir||Gardevoirite|Trace|HyperVoice,Psychic,Thunderbolt,Protect|Modest||F|||50|]Basculegion||ChoiceScarf|Adaptability|WaveCrash,LastRespects,FlipTurn,AquaJet|Jolly||M|||50|]Talonflame||SharpBeak|GaleWings|DualWingbeat,FlareBlitz,Tailwind,Protect|Jolly||F|||50|]Maushold||FocusSash|FriendGuard|SuperFang,Feint,FollowMe,Protect|Jolly|||||50|]Kingambit||ExpertBelt|Defiant|KowtowCleave,SuckerPunch,IronHead,LowKick|Jolly||M|||50|]Kommo-o||LifeOrb|Soundproof|ClangingScales,DracoMeteor,AuraSphere,Protect|Modest||M|||50|
|inactive|Battle timer is ON: inactive players will automatically lose when time's up. (requested by jackpaulsartre33)
|
|t:|1785444271
|teamsize|p1|4
|teamsize|p2|4
|start
|switch|p1a: Ninetales|Ninetales-Alola, L50, M|100/100
|switch|p1b: Charizard|Charizard, L50, M|100/100
|switch|p2a: Kommo-o|Kommo-o, L50, M|100/100
|switch|p2b: Maushold|Maushold, L50|100/100
|-weather|Snowscape|[from] ability: Snow Warning|[of] p1a: Ninetales
|turn|1
|inactive|paralyze u has 30 seconds left.
|inactive|paralyze u has 20 seconds left.
|
|t:|1785444309
|switch|p1b: Kingambit|Kingambit, L50, F|100/100
|move|p2a: Kommo-o|Protect|p2a: Kommo-o
|-singleturn|p2a: Kommo-o|Protect
|move|p2b: Maushold|Super Fang|p1b: Kingambit
|-damage|p1b: Kingambit|50/100g
|move|p1a: Ninetales|Blizzard|p2a: Kommo-o|[spread] p2b
|-activate|p2a: Kommo-o|move: Protect
|-damage|p2b: Maushold|60/100
|
|-weather|Snowscape|[upkeep]
|upkeep
|turn|2
|inactive|paralyze u has 30 seconds left.
|
|t:|1785444338
|move|p1b: Kingambit|Protect|p1b: Kingambit
|-singleturn|p1b: Kingambit|Protect
|move|p2b: Maushold|Follow Me|p2b: Maushold
|-singleturn|p2b: Maushold|move: Follow Me
|move|p1a: Ninetales|Blizzard|p2b: Maushold|[spread] p2a,p2b
|-supereffective|p2a: Kommo-o|1
|-crit|p2b: Maushold
|-damage|p2a: Kommo-o|40/100
|-damage|p2b: Maushold|0 fnt
|faint|p2b: Maushold
|move|p2a: Kommo-o|Aura Sphere|p1a: Ninetales
|-damage|p1a: Ninetales|42/100
|-damage|p2a: Kommo-o|30/100|[from] item: Life Orb
|
|-weather|Snowscape|[upkeep]
|upkeep
|
|t:|1785444346
|switch|p2b: Gardevoir|Gardevoir, L50, F, shiny|100/100
|-ability|p2b: Gardevoir|Defiant|Trace|[from] ability: Trace|[of] p1b: Kingambit
|turn|3
|
|t:|1785444369
|switch|p2a: Basculegion|Basculegion, L50, M|100/100
|detailschange|p2b: Gardevoir|Gardevoir-Mega, L50, F, shiny
|-mega|p2b: Gardevoir|Gardevoir|Gardevoirite
|move|p1b: Kingambit|Sucker Punch|p2b: Gardevoir
|-damage|p2b: Gardevoir|31/100
|move|p1a: Ninetales|Icy Wind|p2a: Basculegion|[spread] p2a,p2b
|-resisted|p2a: Basculegion|1
|-damage|p2a: Basculegion|90/100
|-damage|p2b: Gardevoir|15/100
|-unboost|p2a: Basculegion|spe|1
|-unboost|p2b: Gardevoir|spe|1
|move|p2b: Gardevoir|Hyper Voice|p1a: Ninetales|[spread] p1a,p1b
|-damage|p1a: Ninetales|0 fnt
|-damage|p1b: Kingambit|0 fnt
|faint|p1a: Ninetales
|faint|p1b: Kingambit
|
|-weather|Snowscape|[upkeep]
|upkeep
|
|t:|1785444384
|switch|p1a: Garchomp|Garchomp, L50, M|100/100
|switch|p1b: Charizard|Charizard, L50, M|100/100
|turn|4
|
|t:|1785444407
|switch|p2a: Kommo-o|Kommo-o, L50, M|30/100
|detailschange|p1b: Charizard|Charizard-Mega-Y, L50, M
|-mega|p1b: Charizard|Charizard|Charizardite Y
|-weather|SunnyDay|[from] ability: Drought|[of] p1b: Charizard
|move|p2b: Gardevoir|Protect|p2b: Gardevoir
|-singleturn|p2b: Gardevoir|Protect
|move|p1a: Garchomp|Rock Slide|p2a: Kommo-o|[spread] p2a
|-activate|p2b: Gardevoir|move: Protect
|-resisted|p2a: Kommo-o|1
|-damage|p2a: Kommo-o|18/100
|-damage|p1a: Garchomp|90/100|[from] item: Life Orb
|move|p1b: Charizard|Solar Beam||[still]
|-prepare|p1b: Charizard|Solar Beam
|-anim|p1b: Charizard|Solar Beam|p2a: Kommo-o
|-resisted|p2a: Kommo-o|1
|-damage|p2a: Kommo-o|0 fnt
|faint|p2a: Kommo-o
|
|-weather|SunnyDay|[upkeep]
|upkeep
|
|t:|1785444423
|switch|p2a: Basculegion|Basculegion, L50, M|90/100
|turn|5
|
|t:|1785444443
|move|p2a: Basculegion|Last Respects|p1b: Charizard
|-damage|p1b: Charizard|9/100
|move|p1a: Garchomp|Rock Slide|p2b: Gardevoir|[spread] p2a,p2b
|-damage|p2a: Basculegion|62/100
|-damage|p2b: Gardevoir|0 fnt
|faint|p2b: Gardevoir
|-damage|p1a: Garchomp|80/100|[from] item: Life Orb
|move|p1b: Charizard|Solar Beam||[still]
|-prepare|p1b: Charizard|Solar Beam
|-anim|p1b: Charizard|Solar Beam|p2a: Basculegion
|-supereffective|p2a: Basculegion|1
|-damage|p2a: Basculegion|0 fnt
|faint|p2a: Basculegion
|
|win|jackpaulsartre33
|raw|jackpaulsartre33's rating: 1103 → 1136(+33 for winning)
|raw|paralyze u's rating: 1211 → 1178(-33 for losing)
