|j|☆Rock slap
|j|☆Davirate
|html|Rock slapDavirate    
|uhtml|bestof|Game 3 of a best-of-3
|t:|1757631885
|gametype|doubles
|player|p1|Rock slap|hiker-gen4|1232
|player|p2|Davirate|steven-masters2|1272
|gen|9
|tier|[Gen 9] VGC 2025 Reg H (Bo3)
|rated|
|rule|Species Clause: Limit one of each Pokémon
|rule|Item Clause: Limit 1 of each item
|clearpoke
|poke|p1|Kommo-o, L50, M|
|poke|p1|Incineroar, L50, M|
|poke|p1|Rillaboom, L50, F|
|poke|p1|Volcarona, L50, F|
|poke|p1|Electabuzz, L50, M|
|poke|p1|Golduck, L50, M|
|poke|p2|Sneasler, L50, F|
|poke|p2|Indeedee, L50, M|
|poke|p2|Volcarona, L50, M|
|poke|p2|Ursaluna-Bloodmoon, L50, M|
|poke|p2|Annihilape, L50, F|
|poke|p2|Tyranitar, L50, M|
|teampreview|4
|showteam|p1|Kommo-o||ThroatSpray|Soundproof|ClangingScales,FlashCannon,ClangorousSoul,Protect|||M|||50|,,,,,Steel]Incineroar||SafetyGoggles|Intimidate|FakeOut,KnockOff,PartingShot,FlareBlitz|||M|||50|,,,,,Ghost]Rillaboom||AssaultVest|GrassySurge|FakeOut,WoodHammer,HighHorsepower,GrassyGlide|||F|||50|,,,,,Water]Volcarona||SitrusBerry|FlameBody|QuiverDance,HeatWave,TeraBlast,Protect|||F|||50|,,,,,Fairy]Electabuzz||Eviolite|VitalSpirit|Protect,Electroweb,Taunt,FollowMe|||M|||50|,,,,,Fairy]Golduck||CovertCloak|CloudNine|IcyWind,SimpleBeam,HelpingHand,Encore|||M|||50|,,,,,Poison
|showteam|p2|Sneasler||PsychicSeed|Unburden|CloseCombat,DireClaw,ThroatChop,Protect|||F|||50|,,,,,Stellar]Indeedee||ChoiceScarf|PsychicSurge|ExpandingForce,TeraBlast,Trick,Protect|||M|||50|,,,,,Psychic]Volcarona||SitrusBerry|FlameBody|Overheat,StruggleBug,RagePowder,Tailwind|||M|||50|,,,,,Grass]Ursaluna-Bloodmoon||LifeOrb|MindsEye|BloodMoon,HyperVoice,EarthPower,Protect|||M|||50|,,,,,Normal]Annihilape||SafetyGoggles|Defiant|CloseCombat,RageFist,Taunt,FinalGambit|||F|||50|,,,,,Fairy]Tyranitar||AssaultVest|SandStream|RockSlide,KnockOff,TeraBlast,LowKick|||M|||50|,,,,,Flying
|
|t:|1757631975
|teamsize|p1|4
|teamsize|p2|4
|start
|switch|p1a: Kommo-o|Kommo-o, L50, M, shiny|100/100
|switch|p1b: Electabuzz|Electabuzz, L50, M, shiny|100/100
|switch|p2a: Annihilape|Annihilape, L50, F|100/100
|switch|p2b: Sneasler|Sneasler, L50, F|100/100
|turn|1
|
|t:|1757631999
|move|p1b: Electabuzz|Follow Me|p1b: Electabuzz
|-singleturn|p1b: Electabuzz|move: Follow Me
|move|p2b: Sneasler|Throat Chop|p1b: Electabuzz
|-damage|p1b: Electabuzz|74/100
|-start|p1b: Electabuzz|Throat Chop|[silent]
|move|p2a: Annihilape|Taunt|p1b: Electabuzz
|-start|p1b: Electabuzz|move: Taunt
|move|p1a: Kommo-o|Clangorous Soul|p1a: Kommo-o
|-boost|p1a: Kommo-o|atk|1
|-boost|p1a: Kommo-o|def|1
|-boost|p1a: Kommo-o|spa|1
|-boost|p1a: Kommo-o|spd|1
|-boost|p1a: Kommo-o|spe|1
|-damage|p1a: Kommo-o|68/100
|-enditem|p1a: Kommo-o|Throat Spray
|-boost|p1a: Kommo-o|spa|1|[from] item: Throat Spray
|
|upkeep
|turn|2
|
|t:|1757632020
|switch|p2a: Indeedee|Indeedee, L50, M|100/100
|-fieldstart|move: Psychic Terrain|[from] ability: Psychic Surge|[of] p2a: Indeedee
|-enditem|p2b: Sneasler|Psychic Seed
|-boost|p2b: Sneasler|spd|1|[from] item: Psychic Seed
|move|p1a: Kommo-o|Protect|p1a: Kommo-o
|-singleturn|p1a: Kommo-o|Protect
|move|p2b: Sneasler|Throat Chop|p1a: Kommo-o
|-activate|p1a: Kommo-o|move: Protect
|move|p1b: Electabuzz|Electroweb|p2a: Indeedee|[spread] p2a,p2b
|-damage|p2a: Indeedee|82/100
|-damage|p2b: Sneasler|86/100
|-unboost|p2a: Indeedee|spe|1
|-unboost|p2b: Sneasler|spe|1
|
|-end|p1b: Electabuzz|Throat Chop|[silent]
|upkeep
|turn|3
|
|t:|1757632051
|move|p2b: Sneasler|Throat Chop|p1a: Kommo-o
|-resisted|p1a: Kommo-o
|-damage|p1a: Kommo-o|58/100
|-start|p1a: Kommo-o|Throat Chop|[silent]
|move|p1a: Kommo-o|Flash Cannon|p2a: Indeedee
|-damage|p2a: Indeedee|9/100
|move|p1b: Electabuzz|Electroweb|p2b: Sneasler|[spread] p2a,p2b
|-damage|p2a: Indeedee|0 fnt
|-damage|p2b: Sneasler|74/100
|-unboost|p2b: Sneasler|spe|1
|faint|p2a: Indeedee
|
|upkeep
|
|t:|1757632076
|switch|p2a: Annihilape|Annihilape, L50, F|100/100
|turn|4
|
|t:|1757632113
|switch|p1b: Rillaboom|Rillaboom, L50, F|100/100
|-fieldstart|move: Grassy Terrain|[from] ability: Grassy Surge|[of] p1b: Rillaboom
|move|p1a: Kommo-o|Protect|p1a: Kommo-o
|-singleturn|p1a: Kommo-o|Protect
|move|p2b: Sneasler|Dire Claw|p1a: Kommo-o
|-activate|p1a: Kommo-o|move: Protect
|move|p2a: Annihilape|Rage Fist|p1b: Rillaboom
|-damage|p1b: Rillaboom|78/100
|
|-heal|p1a: Kommo-o|64/100|[from] Grassy Terrain
|-heal|p2b: Sneasler|80/100|[from] Grassy Terrain
|-heal|p1b: Rillaboom|84/100|[from] Grassy Terrain
|-end|p1a: Kommo-o|Throat Chop|[silent]
|upkeep
|turn|5
|
|t:|1757632158
|move|p2b: Sneasler|Protect|p2b: Sneasler
|-singleturn|p2b: Sneasler|Protect
|move|p1b: Rillaboom|Grassy Glide|p2a: Annihilape
|-damage|p2a: Annihilape|64/100
|move|p1a: Kommo-o|Clanging Scales|p2a: Annihilape|[spread] p2a
|-activate|p2b: Sneasler|move: Protect
|-damage|p2a: Annihilape|0 fnt
|faint|p2a: Annihilape
|-unboost|p1a: Kommo-o|def|1
|
|-heal|p1a: Kommo-o|70/100|[from] Grassy Terrain
|-heal|p2b: Sneasler|86/100|[from] Grassy Terrain
|-heal|p1b: Rillaboom|90/100|[from] Grassy Terrain
|upkeep
|
|t:|1757632170
|switch|p2a: Tyranitar|Tyranitar, L50, M|100/100
|-weather|Sandstorm|[from] ability: Sand Stream|[of] p2a: Tyranitar
|turn|6
|
|t:|1757632180
|switch|p1b: Incineroar|Incineroar, L50, M|100/100
|-ability|p1b: Incineroar|Intimidate|boost
|-unboost|p2a: Tyranitar|atk|1
|-unboost|p2b: Sneasler|atk|1
|-terastallize|p2a: Tyranitar|Flying
|move|p1a: Kommo-o|Protect|p1a: Kommo-o
|-singleturn|p1a: Kommo-o|Protect
|move|p2b: Sneasler|Dire Claw|p1b: Incineroar
|-damage|p1b: Incineroar|72/100
|move|p2a: Tyranitar|Tera Blast|p1a: Kommo-o|[anim] Tera Blast Flying
|-activate|p1a: Kommo-o|move: Protect
|
|-weather|Sandstorm|[upkeep]
|-damage|p1a: Kommo-o|64/100|[from] Sandstorm
|-damage|p2b: Sneasler|80/100|[from] Sandstorm
|-damage|p2a: Tyranitar|95/100|[from] Sandstorm
|-heal|p1a: Kommo-o|70/100|[from] Grassy Terrain
|-heal|p2b: Sneasler|86/100|[from] Grassy Terrain
|-heal|p1b: Incineroar|78/100|[from] Grassy Terrain
|upkeep
|turn|7
|
|t:|1757632225
|move|p1b: Incineroar|Fake Out|p2a: Tyranitar
|-damage|p2a: Tyranitar|85/100
|move|p1a: Kommo-o|Flash Cannon|p2b: Sneasler
|-damage|p2b: Sneasler|42/100
|-unboost|p2b: Sneasler|spd|1
|move|p2b: Sneasler|Close Combat|p1a: Kommo-o
|-damage|p1a: Kommo-o|29/100
|-unboost|p2b: Sneasler|def|1
|-unboost|p2b: Sneasler|spd|1
|cant|p2a: Tyranitar|flinch
|
|-weather|Sandstorm|[upkeep]
|-damage|p1a: Kommo-o|23/100|[from] Sandstorm
|-damage|p2b: Sneasler|36/100|[from] Sandstorm
|-damage|p2a: Tyranitar|79/100|[from] Sandstorm
|-heal|p1a: Kommo-o|29/100|[from] Grassy Terrain
|-heal|p2b: Sneasler|42/100|[from] Grassy Terrain
|-heal|p1b: Incineroar|84/100|[from] Grassy Terrain
|upkeep
|turn|8
|
|t:|1757632248
|-terastallize|p1b: Incineroar|Ghost
|move|p1a: Kommo-o|Protect|p1a: Kommo-o
|-singleturn|p1a: Kommo-o|Protect
|move|p2b: Sneasler|Protect|p2b: Sneasler
|-singleturn|p2b: Sneasler|Protect
|move|p2a: Tyranitar|Tera Blast|p1a: Kommo-o|[anim] Tera Blast Flying
|-activate|p1a: Kommo-o|move: Protect
|move|p1b: Incineroar|Parting Shot|p2a: Tyranitar
|-unboost|p2a: Tyranitar|atk|1
|-unboost|p2a: Tyranitar|spa|1
|
|t:|1757632259
|switch|p1b: Rillaboom|Rillaboom, L50, F|90/100|[from] Parting Shot
|
|-weather|Sandstorm|[upkeep]
|-damage|p1a: Kommo-o|23/100|[from] Sandstorm
|-damage|p2b: Sneasler|36/100|[from] Sandstorm
|-damage|p1b: Rillaboom|84/100|[from] Sandstorm
|-damage|p2a: Tyranitar|73/100|[from] Sandstorm
|-heal|p1a: Kommo-o|29/100|[from] Grassy Terrain
|-heal|p2b: Sneasler|42/100|[from] Grassy Terrain
|-heal|p1b: Rillaboom|90/100|[from] Grassy Terrain
|-fieldend|move: Grassy Terrain
|upkeep
|turn|9
|
|t:|1757632294
|move|p2b: Sneasler|Protect||[still]
|-fail|p2b: Sneasler
|move|p1b: Rillaboom|Fake Out|p2a: Tyranitar
|-damage|p2a: Tyranitar|61/100
|move|p1a: Kommo-o|Clanging Scales|p2b: Sneasler|[spread] p2a,p2b
|-damage|p2a: Tyranitar|10/100
|-damage|p2b: Sneasler|0 fnt
|faint|p2b: Sneasler
|-unboost|p1a: Kommo-o|def|1
|cant|p2a: Tyranitar|flinch
|
|-weather|Sandstorm|[upkeep]
|-damage|p1a: Kommo-o|23/100|[from] Sandstorm
|-damage|p1b: Rillaboom|84/100|[from] Sandstorm
|-damage|p2a: Tyranitar|4/100|[from] Sandstorm
|upkeep
|turn|10
|c|☆Davirate|zzz
|-message|Davirate forfeited.
|
|win|Rock slap
|raw|Rock slap's rating: 1232 → 1260(+28 for winning)
|raw|Davirate's rating: 1272 → 1244(-28 for losing)
