|j|☆Drubird
|j|☆WaluigiVGC
|html|DrubirdWaluigiVGC    
|uhtml|bestof|Game 2 of a best-of-3
|t:|1756483448
|gametype|doubles
|player|p1|Drubird|265|1038
|player|p2|WaluigiVGC|170|1122
|gen|9
|tier|[Gen 9] VGC 2025 Reg H (Bo3)
|rated|
|rule|Species Clause: Limit one of each Pokémon
|rule|Item Clause: Limit 1 of each item
|clearpoke
|poke|p1|Incineroar, L50, F|
|poke|p1|Amoonguss, L50, F|
|poke|p1|Kingambit, L50, M|
|poke|p1|Rillaboom, L50, M|
|poke|p1|Gholdengo, L50|
|poke|p1|Dragapult, L50, F|
|poke|p2|Pelipper, L50, F|
|poke|p2|Tatsugiri-Droopy, L50, M|
|poke|p2|Dondozo, L50, M|
|poke|p2|Archaludon, L50, M|
|poke|p2|Sneasler, L50, M|
|poke|p2|Indeedee, L50, M|
|teampreview|4
|showteam|p1|Incineroar||SafetyGoggles|Intimidate|FakeOut,KnockOff,FlareBlitz,PartingShot|||F|||50|,,,,,Ghost]Amoonguss||SitrusBerry|Regenerator|PollenPuff,Spore,RagePowder,Protect|||F|||50|,,,,,Water]Kingambit||BlackGlasses|Defiant|KowtowCleave,SuckerPunch,Protect,SwordsDance|||M|||50|,,,,,Dark]Rillaboom||AssaultVest|GrassySurge|WoodHammer,GrassyGlide,FakeOut,Uturn|||M|||50|,,,,,Fire]Gholdengo||LifeOrb|GoodasGold|MakeItRain,ShadowBall,NastyPlot,Protect||||||50|,,,,,Dragon]Dragapult||ChoiceBand|ClearBody|DragonDarts,PhantomForce,Outrage,Uturn|||F|||50|,,,,,Dragon
|showteam|p2|Pelipper||CovertCloak|Drizzle|Hurricane,WeatherBall,Tailwind,Protect|||F|||50|,,,,,Grass]Tatsugiri-Droopy||SafetyGoggles|Commander|MuddyWater,DracoMeteor,Taunt,Protect|||M|||50|,,,,,Ghost]Dondozo||Leftovers|Unaware|Earthquake,OrderUp,BodyPress,Protect|||M|||50|,,,,,Steel]Archaludon||AssaultVest|Stamina|ElectroShot,FlashCannon,BodyPress,DragonPulse|||M|||50|,,,,,Grass]Sneasler||PsychicSeed|Unburden|DireClaw,CloseCombat,ThroatChop,Protect|||M|||50|,,,,,Dark]Indeedee||FocusSash|PsychicSurge|ExpandingForce,TrickRoom,Imprison,Protect|||M|||50|,,,,,Ghost
|
|t:|1756483485
|teamsize|p1|4
|teamsize|p2|4
|start
|switch|p1a: Rillaboom|Rillaboom, L50, M|100/100
|switch|p1b: Gholdengo|Gholdengo, L50|100/100
|switch|p2a: Pelipper|Pelipper, L50, F|100/100
|switch|p2b: Dondozo|Dondozo, L50, M|100/100
|-weather|RainDance|[from] ability: Drizzle|[of] p2a: Pelipper
|-fieldstart|move: Grassy Terrain|[from] ability: Grassy Surge|[of] p1a: Rillaboom
|turn|1
|
|t:|1756483509
|switch|p1a: Incineroar|Incineroar, L50, F|100/100
|-ability|p1a: Incineroar|Intimidate|boost
|-unboost|p2a: Pelipper|atk|1
|-unboost|p2b: Dondozo|atk|1
|switch|p2b: Archaludon|Archaludon, L50, M|100/100
|move|p2a: Pelipper|Protect|p2a: Pelipper
|-singleturn|p2a: Pelipper|Protect
|move|p1b: Gholdengo|Shadow Ball|p2a: Pelipper
|-activate|p2a: Pelipper|move: Protect
|
|-weather|RainDance|[upkeep]
|upkeep
|turn|2
|
|t:|1756483538
|switch|p1a: Rillaboom|Rillaboom, L50, M|100/100
|move|p1b: Gholdengo|Shadow Ball|p2a: Pelipper
|-crit|p2a: Pelipper
|-damage|p2a: Pelipper|0 fnt
|faint|p2a: Pelipper
|-damage|p1b: Gholdengo|91/100|[from] item: Life Orb
|move|p2b: Archaludon|Electro Shot||[still]
|-prepare|p2b: Archaludon|Electro Shot
|-boost|p2b: Archaludon|spa|1
|-anim|p2b: Archaludon|Electro Shot|p1b: Gholdengo
|-damage|p1b: Gholdengo|35/100
|
|-weather|RainDance|[upkeep]
|-heal|p1b: Gholdengo|42/100|[from] Grassy Terrain
|upkeep
|
|t:|1756483562
|switch|p2a: Dondozo|Dondozo, L50, M|100/100
|turn|3
|
|t:|1756483587
|switch|p1b: Amoonguss|Amoonguss, L50, F|100/100
|move|p2a: Dondozo|Protect|p2a: Dondozo
|-singleturn|p2a: Dondozo|Protect
|move|p2b: Archaludon|Electro Shot||[still]
|-prepare|p2b: Archaludon|Electro Shot
|-boost|p2b: Archaludon|spa|1
|-anim|p2b: Archaludon|Electro Shot|p1b: Amoonguss
|-resisted|p1b: Amoonguss
|-damage|p1b: Amoonguss|66/100
|move|p1a: Rillaboom|U-turn|p2b: Archaludon
|-resisted|p2b: Archaludon
|-damage|p2b: Archaludon|91/100
|-ability|p2b: Archaludon|Stamina|boost
|-boost|p2b: Archaludon|def|1
|
|t:|1756483598
|switch|p1a: Incineroar|Incineroar, L50, F|100/100|[from] U-turn
|-ability|p1a: Incineroar|Intimidate|boost
|-unboost|p2a: Dondozo|atk|1
|-unboost|p2b: Archaludon|atk|1
|
|-weather|RainDance|[upkeep]
|-heal|p2b: Archaludon|97/100|[from] Grassy Terrain
|-heal|p1b: Amoonguss|72/100|[from] Grassy Terrain
|upkeep
|turn|4
|
|t:|1756483633
|switch|p2b: Tatsugiri|Tatsugiri-Droopy, L50, M|100/100
|-activate|p2b: Tatsugiri|ability: Commander|[of] p2a: Dondozo
|-boost|p2a: Dondozo|atk|2
|-boost|p2a: Dondozo|spa|2
|-boost|p2a: Dondozo|spe|2
|-boost|p2a: Dondozo|def|2
|-boost|p2a: Dondozo|spd|2
|move|p1a: Incineroar|Fake Out|p2a: Dondozo
|-damage|p2a: Dondozo|97/100
|cant|p2a: Dondozo|flinch
|move|p1b: Amoonguss|Spore|p2a: Dondozo
|-status|p2a: Dondozo|slp|[from] move: Spore
|
|-weather|RainDance|[upkeep]
|-heal|p2a: Dondozo|100/100 slp|[from] Grassy Terrain
|-heal|p1b: Amoonguss|78/100|[from] Grassy Terrain
|upkeep
|turn|5
|
|t:|1756483660
|switch|p1b: Gholdengo|Gholdengo, L50|42/100
|cant|p2a: Dondozo|slp
|move|p1a: Incineroar|Parting Shot|p2a: Dondozo
|-unboost|p2a: Dondozo|atk|1
|-unboost|p2a: Dondozo|spa|1
|
|t:|1756483667
|switch|p1a: Rillaboom|Rillaboom, L50, M|100/100|[from] Parting Shot
|
|-weather|none
|-heal|p1b: Gholdengo|48/100|[from] Grassy Terrain
|-fieldend|move: Grassy Terrain
|upkeep
|turn|6
|
|t:|1756483678
|-terastallize|p2a: Dondozo|Steel
|-curestatus|p2a: Dondozo|slp|[msg]
|move|p2a: Dondozo|Order Up|p1a: Rillaboom
|-damage|p1a: Rillaboom|81/100
|-boost|p2a: Dondozo|def|1
|move|p1b: Gholdengo|Nasty Plot|p1b: Gholdengo
|-boost|p1b: Gholdengo|spa|2
|move|p1a: Rillaboom|Wood Hammer|p2a: Dondozo
|-resisted|p2a: Dondozo
|-damage|p2a: Dondozo|93/100
|-damage|p1a: Rillaboom|79/100|[from] Recoil
|
|-heal|p2a: Dondozo|99/100|[from] item: Leftovers
|upkeep
|turn|7
|
|t:|1756483699
|move|p1b: Gholdengo|Protect|p1b: Gholdengo
|-singleturn|p1b: Gholdengo|Protect
|move|p2a: Dondozo|Order Up|p1a: Rillaboom
|-damage|p1a: Rillaboom|62/100
|-boost|p2a: Dondozo|def|1
|move|p1a: Rillaboom|U-turn|p2a: Dondozo
|-resisted|p2a: Dondozo
|-damage|p2a: Dondozo|97/100
|
|t:|1756483705
|switch|p1a: Incineroar|Incineroar, L50, F|100/100|[from] U-turn
|-ability|p1a: Incineroar|Intimidate|boost
|-unboost|p2a: Dondozo|atk|1
|-unboost|p2b: Tatsugiri|atk|1
|
|-heal|p2a: Dondozo|100/100|[from] item: Leftovers
|upkeep
|turn|8
|
|t:|1756483724
|switch|p1b: Rillaboom|Rillaboom, L50, M|62/100
|-fieldstart|move: Grassy Terrain|[from] ability: Grassy Surge|[of] p1b: Rillaboom
|switch|p1a: Amoonguss|Amoonguss, L50, F|100/100
|move|p2a: Dondozo|Protect||[still]
|-fail|p2a: Dondozo
|
|-heal|p1b: Rillaboom|68/100|[from] Grassy Terrain
|upkeep
|turn|9
|
|t:|1756483741
|move|p2a: Dondozo|Protect|p2a: Dondozo
|-singleturn|p2a: Dondozo|Protect
|move|p1b: Rillaboom|U-turn|p2a: Dondozo
|-activate|p2a: Dondozo|move: Protect
|move|p1a: Amoonguss|Spore|p2a: Dondozo
|-activate|p2a: Dondozo|move: Protect
|
|-heal|p1b: Rillaboom|74/100|[from] Grassy Terrain
|upkeep
|turn|10
|
|t:|1756483756
|move|p2a: Dondozo|Body Press|p1b: Rillaboom
|-damage|p1b: Rillaboom|8/100
|move|p1b: Rillaboom|U-turn|p2a: Dondozo
|-resisted|p2a: Dondozo
|-damage|p2a: Dondozo|98/100
|
|t:|1756483761
|switch|p1b: Incineroar|Incineroar, L50, F|100/100|[from] U-turn
|-ability|p1b: Incineroar|Intimidate|boost
|-unboost|p2a: Dondozo|atk|1
|-unboost|p2b: Tatsugiri|atk|1
|move|p1a: Amoonguss|Spore|p2a: Dondozo
|-status|p2a: Dondozo|slp|[from] move: Spore
|
|-heal|p2a: Dondozo|100/100 slp|[from] Grassy Terrain
|upkeep
|turn|11
|
|t:|1756483776
|switch|p1a: Gholdengo|Gholdengo, L50|48/100
|cant|p2a: Dondozo|slp
|move|p1b: Incineroar|Flare Blitz|p2a: Dondozo
|-supereffective|p2a: Dondozo
|-damage|p2a: Dondozo|81/100 slp
|-damage|p1b: Incineroar|93/100|[from] Recoil
|
|-heal|p2a: Dondozo|87/100 slp|[from] Grassy Terrain
|-heal|p2a: Dondozo|93/100 slp|[from] item: Leftovers
|-heal|p1a: Gholdengo|54/100|[from] Grassy Terrain
|-heal|p1b: Incineroar|99/100|[from] Grassy Terrain
|upkeep
|turn|12
|
|t:|1756483793
|cant|p2a: Dondozo|slp
|move|p1a: Gholdengo|Nasty Plot|p1a: Gholdengo
|-boost|p1a: Gholdengo|spa|2
|move|p1b: Incineroar|Parting Shot|p2a: Dondozo
|-unboost|p2a: Dondozo|atk|1
|-unboost|p2a: Dondozo|spa|1
|
|t:|1756483797
|switch|p1b: Amoonguss|Amoonguss, L50, F|100/100|[from] Parting Shot
|
|-heal|p2a: Dondozo|99/100 slp|[from] Grassy Terrain
|-heal|p2a: Dondozo|100/100 slp|[from] item: Leftovers
|-heal|p1a: Gholdengo|60/100|[from] Grassy Terrain
|-fieldend|move: Grassy Terrain
|upkeep
|turn|13
|
|t:|1756483814
|cant|p2a: Dondozo|slp
|move|p1a: Gholdengo|Shadow Ball|p2a: Dondozo
|-damage|p2a: Dondozo|79/100 slp
|-damage|p1a: Gholdengo|50/100|[from] item: Life Orb
|move|p1b: Amoonguss|Pollen Puff|p1a: Gholdengo
|-heal|p1a: Gholdengo|100/100
|
|-heal|p2a: Dondozo|85/100 slp|[from] item: Leftovers
|upkeep
|turn|14
|
|t:|1756483828
|move|p1a: Gholdengo|Protect|p1a: Gholdengo
|-singleturn|p1a: Gholdengo|Protect
|-curestatus|p2a: Dondozo|slp|[msg]
|move|p2a: Dondozo|Body Press|p1b: Amoonguss
|-resisted|p1b: Amoonguss
|-damage|p1b: Amoonguss|70/100
|move|p1b: Amoonguss|Spore|p2a: Dondozo
|-status|p2a: Dondozo|slp|[from] move: Spore
|
|-heal|p2a: Dondozo|92/100 slp|[from] item: Leftovers
|upkeep
|turn|15
|
|t:|1756483850
|switch|p1b: Incineroar|Incineroar, L50, F|99/100
|-ability|p1b: Incineroar|Intimidate|boost
|-unboost|p2a: Dondozo|atk|1
|-unboost|p2b: Tatsugiri|atk|1
|cant|p2a: Dondozo|slp
|move|p1a: Gholdengo|Nasty Plot|p1a: Gholdengo
|-boost|p1a: Gholdengo|spa|2
|
|-heal|p2a: Dondozo|98/100 slp|[from] item: Leftovers
|upkeep
|turn|16
|
|t:|1756483866
|-terastallize|p1b: Incineroar|Ghost
|-curestatus|p2a: Dondozo|slp|[msg]
|move|p2a: Dondozo|Body Press|p1b: Incineroar
|-immune|p1b: Incineroar
|move|p1a: Gholdengo|Shadow Ball|p2a: Dondozo
|-damage|p2a: Dondozo|75/100
|-damage|p1a: Gholdengo|91/100|[from] item: Life Orb
|move|p1b: Incineroar|Knock Off|p2a: Dondozo
|-damage|p2a: Dondozo|67/100
|-enditem|p2a: Dondozo|Leftovers|[from] move: Knock Off|[of] p1b: Incineroar
|
|upkeep
|turn|17
|
|t:|1756483881
|switch|p1b: Amoonguss|Amoonguss, L50, F|100/100
|move|p1a: Gholdengo|Protect|p1a: Gholdengo
|-singleturn|p1a: Gholdengo|Protect
|move|p2a: Dondozo|Order Up|p1b: Amoonguss
|-damage|p1b: Amoonguss|95/100
|-boost|p2a: Dondozo|def|1
|
|upkeep
|turn|18
|
|t:|1756483903
|move|p2a: Dondozo|Body Press|p1b: Amoonguss
|-resisted|p1b: Amoonguss
|-damage|p1b: Amoonguss|58/100
|move|p1a: Gholdengo|Shadow Ball|p2a: Dondozo
|-damage|p2a: Dondozo|44/100
|-damage|p1a: Gholdengo|81/100|[from] item: Life Orb
|move|p1b: Amoonguss|Spore|p2a: Dondozo
|-status|p2a: Dondozo|slp|[from] move: Spore
|
|upkeep
|turn|19
|
|t:|1756483917
|cant|p2a: Dondozo|slp
|move|p1a: Gholdengo|Shadow Ball|p2a: Dondozo
|-damage|p2a: Dondozo|20/100 slp
|-damage|p1a: Gholdengo|71/100|[from] item: Life Orb
|move|p1b: Amoonguss|Pollen Puff|p1a: Gholdengo
|-heal|p1a: Gholdengo|100/100
|
|upkeep
|turn|20
|
|t:|1756483930
|move|p1b: Amoonguss|Protect|p1b: Amoonguss
|-singleturn|p1b: Amoonguss|Protect
|cant|p2a: Dondozo|slp
|move|p1a: Gholdengo|Shadow Ball|p2a: Dondozo
|-damage|p2a: Dondozo|0 fnt
|faint|p2a: Dondozo
|-damage|p1a: Gholdengo|91/100|[from] item: Life Orb
|
|upkeep
|
|t:|1756483939
|switch|p2a: Archaludon|Archaludon, L50, M|97/100
|turn|21
|
|t:|1756483965
|move|p2b: Tatsugiri|Draco Meteor|p1b: Amoonguss
|-damage|p1b: Amoonguss|0 fnt
|-unboost|p2b: Tatsugiri|spa|2
|faint|p1b: Amoonguss
|move|p1a: Gholdengo|Shadow Ball|p2a: Archaludon
|-damage|p2a: Archaludon|0 fnt
|faint|p2a: Archaludon
|-damage|p1a: Gholdengo|81/100|[from] item: Life Orb
|
|upkeep
|
|t:|1756483973
|switch|p1b: Incineroar|Incineroar, L50, F, tera:Ghost|99/100
|-ability|p1b: Incineroar|Intimidate|boost
|-unboost|p2b: Tatsugiri|atk|1
|turn|22
|
|t:|1756483979
|move|p2b: Tatsugiri|Protect|p2b: Tatsugiri
|-singleturn|p2b: Tatsugiri|Protect
|move|p1b: Incineroar|Fake Out|p2b: Tatsugiri
|-activate|p2b: Tatsugiri|move: Protect
|move|p1a: Gholdengo|Shadow Ball|p2b: Tatsugiri
|-activate|p2b: Tatsugiri|move: Protect
|
|upkeep
|turn|23
|
|t:|1756483992
|move|p1a: Gholdengo|Protect|p1a: Gholdengo
|-singleturn|p1a: Gholdengo|Protect
|move|p2b: Tatsugiri|Muddy Water|p1a: Gholdengo|[spread] p1b
|-activate|p1a: Gholdengo|move: Protect
|-damage|p1b: Incineroar|85/100
|move|p1b: Incineroar|Parting Shot|p2b: Tatsugiri
|-unboost|p2b: Tatsugiri|atk|1
|-unboost|p2b: Tatsugiri|spa|1
|
|t:|1756483997
|switch|p1b: Rillaboom|Rillaboom, L50, M|8/100|[from] Parting Shot
|-fieldstart|move: Grassy Terrain|[from] ability: Grassy Surge|[of] p1b: Rillaboom
|
|-heal|p1a: Gholdengo|87/100|[from] Grassy Terrain
|-heal|p1b: Rillaboom|14/100|[from] Grassy Terrain
|upkeep
|turn|24
|
|t:|1756484006
|move|p2b: Tatsugiri|Protect|p2b: Tatsugiri
|-singleturn|p2b: Tatsugiri|Protect
|move|p1b: Rillaboom|Grassy Glide|p2b: Tatsugiri
|-activate|p2b: Tatsugiri|move: Protect
|move|p1a: Gholdengo|Shadow Ball|p2b: Tatsugiri
|-activate|p2b: Tatsugiri|move: Protect
|
|-heal|p1a: Gholdengo|93/100|[from] Grassy Terrain
|-heal|p1b: Rillaboom|20/100|[from] Grassy Terrain
|upkeep
|turn|25
|
|t:|1756484024
|move|p1b: Rillaboom|Grassy Glide|p2b: Tatsugiri
|-crit|p2b: Tatsugiri
|-damage|p2b: Tatsugiri|0 fnt
|faint|p2b: Tatsugiri
|
|win|Drubird
||Drubird is ready for game 3.
|l|☆Drubird
|player|p1|
