|j|☆MrFlamango07
|j|☆testdigi
|html|MrFlamango07testdigi    
|uhtml|bestof|Game 1 of a best-of-3
|t:|1784915749
|gametype|doubles
|player|p1|MrFlamango07|102|1009
|player|p2|testdigi|101|1091
|gen|9
|tier|[Gen 9 Champions] VGC 2026 Reg M-B (Bo3)
|rated|
|rule|Species Clause: Limit one of each Pokémon
|rule|Item Clause: Limit 1 of each item
|clearpoke
|poke|p1|Meganium, L50, M|
|poke|p1|Palafin, L50, M|
|poke|p1|Pelipper, L50, F|
|poke|p1|Sinistcha, L50|
|poke|p1|Sharpedo, L50, F|
|poke|p1|Jolteon, L50, M|
|poke|p2|Raichu, L50, M|
|poke|p2|Sinistcha, L50|
|poke|p2|Corviknight, L50, F|
|poke|p2|Sylveon, L50, F|
|poke|p2|Garchomp, L50, F|
|poke|p2|Tyranitar, L50, F|
|teampreview|4
|showteam|p1|Meganium||Meganiumite|LeafGuard|DazzlingGleam,SolarBeam,WeatherBall,Protect|Modest||M|||50|]Palafin||MysticWater|ZerotoHero|BulkUp,JetPunch,DrainPunch,IcePunch|Adamant||M|||50|]Pelipper||FocusSash|Drizzle|Tailwind,WeatherBall,Hurricane,WideGuard|Timid||F|||50|]Sinistcha||SitrusBerry|Hospitality|MatchaGotcha,LifeDew,RagePowder,StrengthSap|Bold|||||50|]Sharpedo||Sharpedonite|RoughSkin|AquaJet,Crunch,Protect,PsychicFangs|Serious||F|||50|]Jolteon||Magnet|VoltAbsorb|Roar,Thunder,VoltSwitch,RainDance|Timid||M|||50|
|showteam|p2|Raichu||RaichuniteY|LightningRod|ZapCannon,FocusBlast,FakeOut,Protect|Timid||M|||50|]Sinistcha||KasibBerry|Hospitality|MatchaGotcha,ShadowBall,RagePowder,Protect|Modest|||||50|]Corviknight||OccaBerry|MirrorArmor|IronHead,BraveBird,Tailwind,Protect|Adamant||F|||50|]Sylveon||FairyFeather|Pixilate|HyperVoice,QuickAttack,Yawn,Detect|Modest||F|||50|]Garchomp||LifeOrb|RoughSkin|DragonClaw,StompingTantrum,RockSlide,Protect|Adamant||F|||50|]Tyranitar||FocusSash|SandStream|RockSlide,KnockOff,Superpower,Protect|Adamant||F|||50|
|inactive|Battle timer is ON: inactive players will automatically lose when time's up. (requested by testdigi)
|
|t:|1784915786
|teamsize|p1|4
|teamsize|p2|4
|start
|switch|p1a: Meganium|Meganium, L50, M|100/100
|switch|p1b: Jolteon|Jolteon, L50, M|100/100
|switch|p2a: Raichu|Raichu, L50, M|100/100
|switch|p2b: Corviknight|Corviknight, L50, F|100/100
|turn|1
|inactive|MrFlamango07 has 30 seconds left.
|
|t:|1784915813
|detailschange|p2a: Raichu|Raichu-Mega-Y, L50, M
|-mega|p2a: Raichu|Raichu|Raichunite Y
|detailschange|p1a: Meganium|Meganium-Mega, L50, M
|-mega|p1a: Meganium|Meganium|Meganiumite
|move|p2a: Raichu|Fake Out|p1b: Jolteon
|-damage|p1b: Jolteon|82/100
|cant|p1b: Jolteon|flinch
|move|p2b: Corviknight|Tailwind|p2b: Corviknight
|-sidestart|p2: testdigi|move: Tailwind
|move|p1a: Meganium|Solar Beam||[still]
|-prepare|p1a: Meganium|Solar Beam
|-activate|p1a: Meganium|ability: Mega Sol
|-anim|p1a: Meganium|Solar Beam|p2a: Raichu
|-damage|p2a: Raichu|1/100
|
|upkeep
|turn|2
|inactive|MrFlamango07 has 30 seconds left.
|inactive|testdigi has 30 seconds left.
|inactive|MrFlamango07 has 20 seconds left.
|
|t:|1784915848
|move|p2a: Raichu|Protect|p2a: Raichu
|-singleturn|p2a: Raichu|Protect
|move|p1a: Meganium|Protect|p1a: Meganium
|-singleturn|p1a: Meganium|Protect
|move|p2b: Corviknight|Brave Bird|p1a: Meganium
|-activate|p1a: Meganium|move: Protect
|move|p1b: Jolteon|Volt Switch|p2b: Corviknight
|-supereffective|p2b: Corviknight|1
|-damage|p2b: Corviknight|21/100
|
|t:|1784915860
|switch|p1b: Pelipper|Pelipper, L50, F|100/100|[from] Volt Switch
|-weather|RainDance|[from] ability: Drizzle|[of] p1b: Pelipper
|
|-weather|RainDance|[upkeep]
|upkeep
|turn|3
|
|t:|1784915875
|switch|p2a: Sinistcha|Sinistcha, L50|100/100
|-heal|p2b: Corviknight|46/100|[from] ability: Hospitality|[of] p2a: Sinistcha
|move|p2b: Corviknight|Brave Bird|p1a: Meganium
|-supereffective|p1a: Meganium|1
|-damage|p1a: Meganium|4/100
|-damage|p2b: Corviknight|18/100|[from] Recoil
|move|p1b: Pelipper|Tailwind|p1b: Pelipper
|-sidestart|p1: MrFlamango07|move: Tailwind
|move|p1a: Meganium|Dazzling Gleam|p2a: Sinistcha|[spread] p2a,p2b
|-resisted|p2b: Corviknight|1
|-damage|p2a: Sinistcha|58/100
|-damage|p2b: Corviknight|0 fnt
|faint|p2b: Corviknight
|
|-weather|RainDance|[upkeep]
|upkeep
|
|t:|1784915886
|switch|p2b: Raichu|Raichu-Mega-Y, L50, M|1/100
|turn|4
|inactive|MrFlamango07 has 30 seconds left.
|
|t:|1784915912
|move|p1a: Meganium|Protect|p1a: Meganium
|-singleturn|p1a: Meganium|Protect
|move|p2b: Raichu|Zap Cannon|p1b: Pelipper
|-supereffective|p1b: Pelipper|2
|-enditem|p1b: Pelipper|Focus Sash
|-damage|p1b: Pelipper|1/100
|-status|p1b: Pelipper|par
|move|p2a: Sinistcha|Matcha Gotcha|p1a: Meganium|[spread] p1b
|-activate|p1a: Meganium|move: Protect
|-damage|p1b: Pelipper|0 fnt
|-heal|p2a: Sinistcha|59/100|[from] drain|[of] p1b: Pelipper
|faint|p1b: Pelipper
|
|-weather|RainDance|[upkeep]
|-sideend|p2: testdigi|move: Tailwind
|upkeep
|
|t:|1784915934
|switch|p1b: Sinistcha|Sinistcha, L50|100/100
|-heal|p1a: Meganium|29/100|[from] ability: Hospitality|[of] p1b: Sinistcha
|turn|5
|
|t:|1784915956
|move|p2b: Raichu|Protect|p2b: Raichu
|-singleturn|p2b: Raichu|Protect
|move|p2a: Sinistcha|Protect|p2a: Sinistcha
|-singleturn|p2a: Sinistcha|Protect
|move|p1a: Meganium|Dazzling Gleam|p2a: Sinistcha|[spread] 
|-activate|p2a: Sinistcha|move: Protect
|-activate|p2b: Raichu|move: Protect
|move|p1b: Sinistcha|Life Dew||[still]|[spread] p1a,p1b
|-heal|p1a: Meganium|54/100
|-fail|p1b: Sinistcha|heal
|
|-weather|RainDance|[upkeep]
|upkeep
|turn|6
|inactive|MrFlamango07 has 30 seconds left.
|
|t:|1784915987
|switch|p2b: Garchomp|Garchomp, L50, F|100/100
|move|p1a: Meganium|Dazzling Gleam|p2b: Garchomp|[spread] p2a,p2b
|-supereffective|p2b: Garchomp|1
|-damage|p2a: Sinistcha|20/100r
|-damage|p2b: Garchomp|23/100
|move|p1b: Sinistcha|Life Dew||[still]|[spread] p1a,p1b
|-heal|p1a: Meganium|80/100
|-fail|p1b: Sinistcha|heal
|move|p2a: Sinistcha|Shadow Ball|p1b: Sinistcha
|-supereffective|p1b: Sinistcha|1
|-damage|p1b: Sinistcha|32/100
|-enditem|p1b: Sinistcha|Sitrus Berry|[eat]
|-heal|p1b: Sinistcha|57/100|[from] item: Sitrus Berry
|
|-weather|none
|-sideend|p1: MrFlamango07|move: Tailwind
|upkeep
|turn|7
|inactive|MrFlamango07 has 30 seconds left.
|
|t:|1784916015
|move|p1a: Meganium|Protect|p1a: Meganium
|-singleturn|p1a: Meganium|Protect
|move|p2b: Garchomp|Dragon Claw|p1b: Sinistcha
|-damage|p1b: Sinistcha|15/100
|-damage|p2b: Garchomp|13/100|[from] item: Life Orb
|move|p2a: Sinistcha|Matcha Gotcha|p1b: Sinistcha|[spread] p1b
|-activate|p1a: Meganium|move: Protect
|-resisted|p1b: Sinistcha|1
|-damage|p1b: Sinistcha|3/100
|-heal|p2a: Sinistcha|26/100|[from] drain|[of] p1b: Sinistcha
|move|p1b: Sinistcha|Matcha Gotcha|p2b: Garchomp|[spread] p2a,p2b
|-resisted|p2a: Sinistcha|1
|-damage|p2a: Sinistcha|14/100
|-heal|p1b: Sinistcha|9/100|[from] drain|[of] p2a: Sinistcha
|-damage|p2b: Garchomp|0 fnt
|-heal|p1b: Sinistcha|17/100|[from] drain|[of] p2b: Garchomp
|-status|p2a: Sinistcha|brn
|faint|p2b: Garchomp
|
|-damage|p2a: Sinistcha|8/100 brn|[from] brn
|upkeep
|
|t:|1784916018
|switch|p2b: Raichu|Raichu-Mega-Y, L50, M|1/100
|turn|8
|inactive|MrFlamango07 has 30 seconds left.
|
|t:|1784916049
|move|p2b: Raichu|Fake Out|p1a: Meganium
|-damage|p1a: Meganium|72/100
|move|p1b: Sinistcha|Rage Powder|p1b: Sinistcha
|-singleturn|p1b: Sinistcha|move: Rage Powder
|cant|p1a: Meganium|flinch
|move|p2a: Sinistcha|Shadow Ball|p1b: Sinistcha
|-supereffective|p1b: Sinistcha|1
|-damage|p1b: Sinistcha|0 fnt
|faint|p1b: Sinistcha
|
|-damage|p2a: Sinistcha|2/100 brn|[from] brn
|upkeep
|
|t:|1784916062
|switch|p1b: Jolteon|Jolteon, L50, M|82/100
|turn|9
|-message|testdigi forfeited.
|
|win|MrFlamango07
