|j|☆Abhi504
|j|☆raksbach
|html|Abhi504raksbach    
|uhtml|bestof|Game 2 of a best-of-3
|t:|1783603966
|gametype|doubles
|player|p1|Abhi504|170|1080
|player|p2|raksbach|170|1046
|gen|9
|tier|[Gen 9 Champions] VGC 2026 Reg M-B (Bo3)
|rated|
|rule|Species Clause: Limit one of each Pokémon
|rule|Item Clause: Limit 1 of each item
|clearpoke
|poke|p1|Dragonite, L50, M|
|poke|p1|Basculegion, L50, M|
|poke|p1|Scizor, L50, M|
|poke|p1|Incineroar, L50, F|
|poke|p1|Pelipper, L50, M|
|poke|p1|Archaludon, L50, F|
|poke|p2|Incineroar, L50, F|
|poke|p2|Maushold, L50|
|poke|p2|Sinistcha, L50|
|poke|p2|Sneasler, L50, F|
|poke|p2|Blastoise, L50, F|
|poke|p2|Delphox, L50, F|
|teampreview|4
|showteam|p1|Dragonite||Dragoninite|InnerFocus|DragonPulse,Flamethrower,Tailwind,Protect|Timid||M|||50|]Basculegion||ChoiceScarf|Adaptability|WaveCrash,LastRespects,AquaJet,FlipTurn|Jolly||M|||50|]Scizor||Scizorite|Technician|BulletPunch,CloseCombat,SwordsDance,Protect|Adamant||M|||50|]Incineroar||SitrusBerry|Intimidate|FakeOut,FlareBlitz,ThroatChop,PartingShot|Adamant||F|||50|]Pelipper||FocusSash|Drizzle|WeatherBall,Protect,Tailwind,Hurricane|Bold||M|||50|]Archaludon||ChopleBerry|Stamina|AuraSphere,Protect,ElectroShot,DragonPulse|Timid||F|||50|
|showteam|p2|Incineroar||SitrusBerry|Intimidate|FakeOut,FlareBlitz,DarkestLariat,PartingShot|Impish||F|||50|]Maushold||ChopleBerry|FriendGuard|SuperFang,FollowMe,Protect,Feint|Impish|||||50|]Sinistcha||OccaBerry|Hospitality|MatchaGotcha,LifeDew,RagePowder,Protect|Bold|||||50|]Sneasler||FocusSash|PoisonTouch|FakeOut,CloseCombat,DireClaw,QuickGuard|Jolly||F|||50|]Blastoise||Blastoisinite|Torrent|WaterSpout,DarkPulse,ShellSmash,Protect|Modest||F|||50|]Delphox||Delphoxite|Blaze|HeatWave,Psychic,NastyPlot,Protect|Timid||F|||50|
|inactive|Battle timer is ON: inactive players will automatically lose when time's up. (requested by raksbach)
|inactive|raksbach has 60 seconds left.
|
|t:|1783604004
|teamsize|p1|4
|teamsize|p2|4
|start
|switch|p1a: Basculegion|Basculegion, L50, M|100/100
|switch|p1b: Incineroar|Incineroar, L50, F|100/100
|switch|p2a: Blastoise|Blastoise, L50, F|100/100
|switch|p2b: Maushold|Maushold, L50|100/100
|-ability|p1b: Incineroar|Intimidate|boost
|-unboost|p2a: Blastoise|atk|1
|-unboost|p2b: Maushold|atk|1
|turn|1
|inactive|Abhi504 has 30 seconds left.
|
|t:|1783604033
|switch|p1b: Scizor|Scizor, L50, M|100/100
|detailschange|p2a: Blastoise|Blastoise-Mega, L50, F
|-mega|p2a: Blastoise|Blastoise|Blastoisinite
|move|p2b: Maushold|Protect|p2b: Maushold
|-singleturn|p2b: Maushold|Protect
|move|p2a: Blastoise|Protect|p2a: Blastoise
|-singleturn|p2a: Blastoise|Protect
|move|p1a: Basculegion|Flip Turn|p2b: Maushold
|-activate|p2b: Maushold|move: Protect
|
|upkeep
|turn|2
|inactive|Abhi504 has 30 seconds left.
|
|t:|1783604067
|detailschange|p1b: Scizor|Scizor-Mega, L50, M
|-mega|p1b: Scizor|Scizor|Scizorite
|move|p2b: Maushold|Follow Me|p2b: Maushold
|-singleturn|p2b: Maushold|move: Follow Me
|move|p1a: Basculegion|Flip Turn|p2b: Maushold
|-damage|p2b: Maushold|64/100
|
|t:|1783604075
|switch|p1a: Dragonite|Dragonite, L50, M|100/100|[from] Flip Turn
|move|p2a: Blastoise|Shell Smash|p2a: Blastoise
|-unboost|p2a: Blastoise|def|1
|-unboost|p2a: Blastoise|spd|1
|-boost|p2a: Blastoise|atk|2
|-boost|p2a: Blastoise|spa|2
|-boost|p2a: Blastoise|spe|2
|move|p1b: Scizor|Swords Dance|p1b: Scizor
|-boost|p1b: Scizor|atk|2
|
|upkeep
|turn|3
|inactive|Abhi504 has 30 seconds left.
|
|t:|1783604102
|move|p2b: Maushold|Follow Me|p2b: Maushold
|-singleturn|p2b: Maushold|move: Follow Me
|move|p2a: Blastoise|Water Spout|p1a: Dragonite|[spread] p1a,p1b
|-resisted|p1a: Dragonite|1
|-damage|p1a: Dragonite|29/100
|-damage|p1b: Scizor|0 fnt
|faint|p1b: Scizor
|move|p1a: Dragonite|Dragon Pulse|p2b: Maushold
|-damage|p2b: Maushold|22/100
|
|upkeep
|
|t:|1783604111
|switch|p1b: Basculegion|Basculegion, L50, M|100/100
|turn|4
|
|t:|1783604129
|move|p2b: Maushold|Follow Me|p2b: Maushold
|-singleturn|p2b: Maushold|move: Follow Me
|move|p2a: Blastoise|Dark Pulse|p1b: Basculegion
|-supereffective|p1b: Basculegion|1
|-damage|p1b: Basculegion|0 fnt
|faint|p1b: Basculegion
|move|p1a: Dragonite|Tailwind|p1a: Dragonite
|-sidestart|p1: Abhi504|move: Tailwind
|
|upkeep
|
|t:|1783604136
|switch|p1b: Incineroar|Incineroar, L50, F|100/100
|-ability|p1b: Incineroar|Intimidate|boost
|-unboost|p2a: Blastoise|atk|1
|-unboost|p2b: Maushold|atk|1
|turn|5
|inactive|raksbach has 30 seconds left.
|
|t:|1783604165
|move|p2a: Blastoise|Protect|p2a: Blastoise
|-singleturn|p2a: Blastoise|Protect
|move|p2b: Maushold|Protect|p2b: Maushold
|-singleturn|p2b: Maushold|Protect
|move|p1b: Incineroar|Fake Out|p2b: Maushold
|-activate|p2b: Maushold|move: Protect
|move|p1a: Dragonite|Dragon Pulse|p2a: Blastoise
|-activate|p2a: Blastoise|move: Protect
|
|upkeep
|turn|6
|
|t:|1783604179
|move|p2b: Maushold|Follow Me|p2b: Maushold
|-singleturn|p2b: Maushold|move: Follow Me
|move|p1a: Dragonite|Dragon Pulse|p2b: Maushold
|-damage|p2b: Maushold|0 fnt
|faint|p2b: Maushold
|move|p2a: Blastoise|Water Spout|p1b: Incineroar|[spread] p1a,p1b
|-resisted|p1a: Dragonite|1
|-supereffective|p1b: Incineroar|1
|-damage|p1a: Dragonite|0 fnt
|-damage|p1b: Incineroar|0 fnt
|faint|p1a: Dragonite
|faint|p1b: Incineroar
|
|win|raksbach
|raw|Abhi504's rating: 1080 → 1056(-24 for losing)
|raw|raksbach's rating: 1046 → 1082(+36 for winning)
