|j|☆sazar saifi
|j|☆Prepucio Santos
|html|sazar saifiPrepucio Santos    
|uhtml|bestof|Game 1 of a best-of-3
|t:|1783879955
|gametype|doubles
|player|p1|sazar saifi|102|1243
|player|p2|Prepucio Santos|striker|1331
|gen|9
|tier|[Gen 9 Champions] VGC 2026 Reg M-B (Bo3)
|rated|
|rule|Species Clause: Limit one of each Pokémon
|rule|Item Clause: Limit 1 of each item
|clearpoke
|poke|p1|Charizard, L50, M|
|poke|p1|Incineroar, L50, M|
|poke|p1|Venusaur, L50, M|
|poke|p1|Garchomp, L50, F|
|poke|p1|Toxapex, L50, F|
|poke|p1|Annihilape, L50, F|
|poke|p2|Incineroar, L50, M|
|poke|p2|Sinistcha-Masterpiece, L50, shiny|
|poke|p2|Floette-Eternal, L50, F|
|poke|p2|Sneasler, L50, F|
|poke|p2|Kingambit, L50, M|
|poke|p2|Blastoise, L50, M|
|teampreview|4
|showteam|p1|Charizard||CharizarditeY|Blaze|HeatWave,SolarBeam,HelpingHand,Protect|Timid||M|||50|]Incineroar||SitrusBerry|Intimidate|FlareBlitz,PartingShot,FakeOut,DarkestLariat|Impish||M|||50|]Venusaur||FocusSash|Chlorophyll|SolarBeam,SludgeBomb,SleepPowder,Protect|Modest||M|||50|]Garchomp||LifeOrb|RoughSkin|Earthquake,RockSlide,DragonClaw,Protect|Jolly||F|||50|]Toxapex||Leftovers|Regenerator|Toxic,Infestation,WideGuard,BanefulBunker|Bold||F|||50|]Annihilape||KasibBerry|Defiant|RageFist,CloseCombat,Taunt,Protect|Adamant||F|||50|
|showteam|p2|Incineroar||SitrusBerry|Intimidate|FakeOut,PartingShot,ThroatChop,FlareBlitz|Careful||M|||50|]Sinistcha-Masterpiece||KasibBerry|Hospitality|MatchaGotcha,LifeDew,RagePowder,TrickRoom|Bold|||||50|]Floette-Eternal||Floettite|FlowerVeil|Moonblast,DazzlingGleam,CalmMind,Protect|Modest||F|||50|]Sneasler||FocusSash|PoisonTouch|FakeOut,CloseCombat,DireClaw,QuickGuard|Jolly||F|||50|]Kingambit||BlackGlasses|Defiant|KowtowCleave,SuckerPunch,SwordsDance,Protect|Adamant||M|||50|]Blastoise||Blastoisinite|Torrent|WaterSpout,DarkPulse,ShellSmash,Protect|Modest||M|||50|
|
|t:|1783879979
|teamsize|p1|4
|teamsize|p2|4
|start
|switch|p1a: Toxapex|Toxapex, L50, F|100/100
|switch|p1b: Annihilape|Annihilape, L50, F|100/100
|switch|p2a: Sneasler|Sneasler, L50, F|100/100
|switch|p2b: Kingambit|Kingambit, L50, M|100/100
|turn|1
|
|t:|1783880002
|switch|p2b: Sinistcha|Sinistcha-Masterpiece, L50, shiny|100/100
|move|p2a: Sneasler|Fake Out|p1a: Toxapex
|-damage|p1a: Toxapex|91/100
|move|p1b: Annihilape|Close Combat|p2b: Sinistcha
|-immune|p2b: Sinistcha
|cant|p1a: Toxapex|flinch
|
|-heal|p1a: Toxapex|96/100|[from] item: Leftovers
|upkeep
|turn|2
|
|t:|1783880025
|switch|p2a: Blastoise|Blastoise, L50, M|100/100
|move|p1b: Annihilape|Protect|p1b: Annihilape
|-singleturn|p1b: Annihilape|Protect
|move|p2b: Sinistcha|Matcha Gotcha|p1b: Annihilape|[spread] p1a
|-activate|p1b: Annihilape|move: Protect
|-damage|p1a: Toxapex|77/100
|move|p1a: Toxapex|Infestation|p2a: Blastoise
|-damage|p2a: Blastoise|96/100
|-activate|p2a: Blastoise|move: Infestation|[of] p1a: Toxapex
|
|-heal|p1a: Toxapex|82/100|[from] item: Leftovers
|-damage|p2a: Blastoise|83/100|[from] move: Infestation|[partiallytrapped]
|upkeep
|turn|3
|
|t:|1783880045
|detailschange|p2a: Blastoise|Blastoise-Mega, L50, M
|-mega|p2a: Blastoise|Blastoise|Blastoisinite
|move|p2b: Sinistcha|Rage Powder|p2b: Sinistcha
|-singleturn|p2b: Sinistcha|move: Rage Powder
|move|p2a: Blastoise|Shell Smash|p2a: Blastoise
|-unboost|p2a: Blastoise|def|1
|-unboost|p2a: Blastoise|spd|1
|-boost|p2a: Blastoise|atk|2
|-boost|p2a: Blastoise|spa|2
|-boost|p2a: Blastoise|spe|2
|move|p1b: Annihilape|Taunt|p2b: Sinistcha
|-start|p2b: Sinistcha|move: Taunt
|move|p1a: Toxapex|Toxic|p2b: Sinistcha
|-status|p2b: Sinistcha|tox
|
|-heal|p1a: Toxapex|88/100|[from] item: Leftovers
|-damage|p2b: Sinistcha|93/100 tox|[from] psn
|-damage|p2a: Blastoise|71/100|[from] move: Infestation|[partiallytrapped]
|upkeep
|turn|4
|
|t:|1783880061
|move|p1b: Annihilape|Protect|p1b: Annihilape
|-singleturn|p1b: Annihilape|Protect
|move|p2a: Blastoise|Dark Pulse|p1b: Annihilape
|-activate|p1b: Annihilape|move: Protect
|move|p2b: Sinistcha|Matcha Gotcha|p1b: Annihilape|[spread] p1a
|-activate|p1b: Annihilape|move: Protect
|-damage|p1a: Toxapex|69/100
|-heal|p2b: Sinistcha|100/100 tox|[from] drain|[of] p1a: Toxapex
|move|p1a: Toxapex|Toxic|p2a: Blastoise
|-status|p2a: Blastoise|tox
|
|-heal|p1a: Toxapex|75/100|[from] item: Leftovers
|-damage|p2a: Blastoise|66/100 tox|[from] psn
|-damage|p2b: Sinistcha|87/100 tox|[from] psn
|-damage|p2a: Blastoise|53/100 tox|[from] move: Infestation|[partiallytrapped]
|upkeep
|turn|5
|
|t:|1783880083
|switch|p2b: Kingambit|Kingambit, L50, M|100/100
|move|p2a: Blastoise|Dark Pulse|p1b: Annihilape
|-damage|p1b: Annihilape|19/100
|cant|p1b: Annihilape|flinch
|move|p1a: Toxapex|Infestation|p2b: Kingambit
|-damage|p2b: Kingambit|96/100
|-activate|p2b: Kingambit|move: Infestation|[of] p1a: Toxapex
|
|-heal|p1a: Toxapex|80/100|[from] item: Leftovers
|-damage|p2a: Blastoise|42/100 tox|[from] psn
|-damage|p2a: Blastoise|30/100 tox|[from] move: Infestation|[partiallytrapped]
|-damage|p2b: Kingambit|84/100|[from] move: Infestation|[partiallytrapped]
|upkeep
|turn|6
|
|t:|1783880101
|move|p1b: Annihilape|Protect|p1b: Annihilape
|-singleturn|p1b: Annihilape|Protect
|move|p1a: Toxapex|Baneful Bunker|p1a: Toxapex
|-singleturn|p1a: Toxapex|move: Protect
|move|p2b: Kingambit|Sucker Punch||[still]
|-fail|p2b: Kingambit
|move|p2a: Blastoise|Dark Pulse|p1a: Toxapex
|-activate|p1a: Toxapex|move: Protect
|
|-heal|p1a: Toxapex|86/100|[from] item: Leftovers
|-damage|p2a: Blastoise|12/100 tox|[from] psn
|-end|p2a: Blastoise|Infestation|[partiallytrapped]
|-damage|p2b: Kingambit|72/100|[from] move: Infestation|[partiallytrapped]
|upkeep
|turn|7
|
|t:|1783880127
|switch|p2a: Sinistcha|Sinistcha-Masterpiece, L50, shiny|87/100 tox
|-heal|p2b: Kingambit|97/100|[from] ability: Hospitality|[of] p2a: Sinistcha
|switch|p1b: Garchomp|Garchomp, L50, F|100/100
|move|p2b: Kingambit|Sucker Punch||[still]
|-fail|p2b: Kingambit
|move|p1a: Toxapex|Infestation|p2a: Sinistcha
|-damage|p2a: Sinistcha|84/100 tox
|-activate|p2a: Sinistcha|move: Infestation|[of] p1a: Toxapex
|
|-heal|p1a: Toxapex|92/100|[from] item: Leftovers
|-damage|p2a: Sinistcha|78/100 tox|[from] psn
|-damage|p2a: Sinistcha|65/100 tox|[from] move: Infestation|[partiallytrapped]
|-damage|p2b: Kingambit|85/100|[from] move: Infestation|[partiallytrapped]
|upkeep
|turn|8
|
|t:|1783880142
|move|p2b: Kingambit|Protect|p2b: Kingambit
|-singleturn|p2b: Kingambit|Protect
|move|p1a: Toxapex|Wide Guard|p1a: Toxapex
|-singleturn|p1a: Toxapex|Wide Guard
|move|p1b: Garchomp|Earthquake|p2b: Kingambit|[spread] p2a
|-activate|p1a: Toxapex|move: Wide Guard
|-activate|p2b: Kingambit|move: Protect
|-resisted|p2a: Sinistcha|1
|-damage|p2a: Sinistcha|47/100 tox
|-damage|p1b: Garchomp|90/100|[from] item: Life Orb
|move|p2a: Sinistcha|Trick Room|p2a: Sinistcha
|-fieldstart|move: Trick Room|[of] p2a: Sinistcha
|
|-heal|p1a: Toxapex|98/100|[from] item: Leftovers
|-damage|p2a: Sinistcha|35/100 tox|[from] psn
|-damage|p2b: Kingambit|72/100|[from] move: Infestation|[partiallytrapped]
|-damage|p2a: Sinistcha|23/100 tox|[from] move: Infestation|[partiallytrapped]
|upkeep
|turn|9
|
|t:|1783880153
|move|p1a: Toxapex|Wide Guard|p1a: Toxapex
|-singleturn|p1a: Toxapex|Wide Guard
|move|p2b: Kingambit|Kowtow Cleave|p1b: Garchomp
|-damage|p1b: Garchomp|28/100
|-damage|p2b: Kingambit|60/100|[from] ability: Rough Skin|[of] p1b: Garchomp
|move|p2a: Sinistcha|Matcha Gotcha|p1b: Garchomp|[spread] 
|-activate|p1a: Toxapex|move: Wide Guard
|-activate|p1b: Garchomp|move: Wide Guard
|move|p1b: Garchomp|Earthquake|p2b: Kingambit|[spread] p2a,p2b
|-activate|p1a: Toxapex|move: Wide Guard
|-resisted|p2a: Sinistcha|1
|-supereffective|p2b: Kingambit|1
|-damage|p2a: Sinistcha|5/100 tox
|-damage|p2b: Kingambit|0 fnt
|faint|p2b: Kingambit
|-damage|p1b: Garchomp|18/100|[from] item: Life Orb
|
|-heal|p1a: Toxapex|100/100|[from] item: Leftovers
|-damage|p2a: Sinistcha|0 fnt|[from] psn
|faint|p2a: Sinistcha
|upkeep
|
|t:|1783880159
|switch|p2b: Blastoise|Blastoise-Mega, L50, M|12/100 tox
|switch|p2a: Sneasler|Sneasler, L50, F|100/100
|turn|10
|-message|Prepucio Santos forfeited.
|
|win|sazar saifi
||Prepucio Santos is ready for game 2.
||sazar saifi is ready for game 2.
|uhtml|next|Next: Game 2 of 3
