|j|☆oxoc
|j|☆cofeebean
|html|oxoccofeebean    
|uhtml|bestof|Game 1 of a best-of-3
|t:|1757808438
|gametype|doubles
|player|p1|oxoc|266|1050
|player|p2|cofeebean|silver|1107
|gen|9
|tier|[Gen 9] VGC 2025 Reg H (Bo3)
|rated|
|rule|Species Clause: Limit one of each Pokémon
|rule|Item Clause: Limit 1 of each item
|clearpoke
|poke|p1|Archaludon, L50, F|
|poke|p1|Pelipper, L50, F|
|poke|p1|Basculegion, L50, M|
|poke|p1|Amoonguss, L50, F|
|poke|p1|Incineroar, L50, M|
|poke|p1|Gholdengo, L50|
|poke|p2|Jumpluff, L50, F|
|poke|p2|Incineroar, L50, M|
|poke|p2|Garchomp, L50, F|
|poke|p2|Gallade, L50, M|
|poke|p2|Porygon2, L50|
|poke|p2|Primarina, L50, M|
|teampreview|4
|showteam|p1|Archaludon||AssaultVest|Stamina|DragonPulse,ElectroShot,FlashCannon,BodyPress|||F|||50|,,,,,Bug]Pelipper||FocusSash|Drizzle|WeatherBall,Hurricane,Tailwind,Protect|||F|||50|,,,,,Ground]Basculegion||ChoiceBand|SwiftSwim|WaveCrash,LastRespects,AquaJet,FlipTurn|||M|||50|,,,,,Grass]Amoonguss||CovertCloak|Regenerator|PollenPuff,RagePowder,Spore,Protect|||F|||50|,,,,,Water]Incineroar||SafetyGoggles|Intimidate|KnockOff,FakeOut,PartingShot,Taunt|||M|||50|,,,,,Ghost]Gholdengo||LifeOrb|GoodasGold|MakeItRain,ShadowBall,NastyPlot,Protect||||||50|,,,,,Water
|showteam|p2|Jumpluff||CovertCloak|Chlorophyll|Tailwind,SleepPowder,RagePowder,Encore|||F|||50|,,,,,Water]Incineroar||SafetyGoggles|Intimidate|FakeOut,PartingShot,KnockOff,FlareBlitz|||M|||50|,,,,,Bug]Garchomp||AssaultVest|RoughSkin|Earthquake,StompingTantrum,DragonClaw,IronHead|||F|||50|,,,,,Ground]Gallade||ChoiceBand|Sharpness|SacredSword,PsychoCut,IcePunch,KnockOff|||M|||50|,,,,,Grass]Porygon2||Eviolite|Download|TrickRoom,IceBeam,Recover,TeraBlast||||||50|,,,,,Ghost]Primarina||ThroatSpray|LiquidVoice|HyperVoice,Moonblast,Psychic,Protect|||M|||50|,,,,,Water
|inactive|Battle timer is ON: inactive players will automatically lose when time's up. (requested by oxoc)
|inactive|oxoc has 60 seconds left.
|inactive|cofeebean has 60 seconds left.
|
|t:|1757808497
|teamsize|p1|4
|teamsize|p2|4
|start
|switch|p1a: Pelipper|Pelipper, L50, F|100/100
|switch|p1b: Archaludon|Archaludon, L50, F|100/100
|switch|p2a: Jumpluff|Jumpluff, L50, F|100/100
|switch|p2b: Gallade|Gallade, L50, M|100/100
|-weather|RainDance|[from] ability: Drizzle|[of] p1a: Pelipper
|turn|1
|inactive|oxoc has 30 seconds left.
|inactive|cofeebean has 30 seconds left.
|inactive|cofeebean has 20 seconds left.
|inactive|cofeebean has 15 seconds left.
|inactive|cofeebean has 10 seconds left.
|inactive|cofeebean has 5 seconds left.
|inactive|oxoc has 20 seconds left.
|
|t:|1757808552
|-terastallize|p1b: Archaludon|Bug
|move|p2a: Jumpluff|Tailwind|p2a: Jumpluff
|-sidestart|p2: cofeebean|move: Tailwind
|move|p2b: Gallade|Sacred Sword|p1b: Archaludon
|-resisted|p1b: Archaludon
|-damage|p1b: Archaludon|65/100
|-ability|p1b: Archaludon|Stamina|boost
|-boost|p1b: Archaludon|def|1
|move|p1a: Pelipper|Tailwind|p1a: Pelipper
|-sidestart|p1: oxoc|move: Tailwind
|move|p1b: Archaludon|Electro Shot||[still]
|-prepare|p1b: Archaludon|Electro Shot
|-boost|p1b: Archaludon|spa|1
|-anim|p1b: Archaludon|Electro Shot|p2b: Gallade
|-damage|p2b: Gallade|43/100
|
|-weather|RainDance|[upkeep]
|upkeep
|turn|2
|inactive|cofeebean has 30 seconds left.
|inactive|oxoc has 30 seconds left.
|inactive|cofeebean has 20 seconds left.
|inactive|cofeebean has 15 seconds left.
|inactive|cofeebean has 10 seconds left.
|
|t:|1757808600
|switch|p1a: Incineroar|Incineroar, L50, M|100/100
|-ability|p1a: Incineroar|Intimidate|boost
|-unboost|p2a: Jumpluff|atk|1
|-unboost|p2b: Gallade|atk|1
|switch|p2b: Primarina|Primarina, L50, M|100/100
|move|p2a: Jumpluff|Sleep Powder|p1b: Archaludon
|-status|p1b: Archaludon|slp|[from] move: Sleep Powder
|cant|p1b: Archaludon|slp
|
|-weather|RainDance|[upkeep]
|upkeep
|turn|3
|inactive|oxoc has 30 seconds left.
|inactive|cofeebean has 30 seconds left.
|inactive|cofeebean has 20 seconds left.
|
|t:|1757808639
|move|p2b: Primarina|Protect|p2b: Primarina
|-singleturn|p2b: Primarina|Protect
|move|p1a: Incineroar|Fake Out|p2b: Primarina
|-activate|p2b: Primarina|move: Protect
|move|p2a: Jumpluff|Sleep Powder|p1b: Archaludon|[miss]
|-miss|p2a: Jumpluff|p1b: Archaludon
|-curestatus|p1b: Archaludon|slp|[msg]
|move|p1b: Archaludon|Electro Shot||[still]
|-prepare|p1b: Archaludon|Electro Shot
|-boost|p1b: Archaludon|spa|1
|-anim|p1b: Archaludon|Electro Shot|p2a: Jumpluff
|-damage|p2a: Jumpluff|8/100
|
|-weather|RainDance|[upkeep]
|upkeep
|turn|4
|inactive|oxoc has 30 seconds left.
|inactive|cofeebean has 30 seconds left.
|inactive|oxoc has 20 seconds left.
|inactive|cofeebean has 20 seconds left.
|inactive|oxoc has 15 seconds left.
|inactive|cofeebean has 15 seconds left.
|inactive|oxoc has 10 seconds left.
|inactive|cofeebean has 10 seconds left.
|inactive|oxoc has 5 seconds left.
|inactive|cofeebean has 5 seconds left.
|
|t:|1757808691
|-terastallize|p2b: Primarina|Water
|move|p2a: Jumpluff|Sleep Powder|p1b: Archaludon|[miss]
|-miss|p2a: Jumpluff|p1b: Archaludon
|move|p1b: Archaludon|Electro Shot||[still]
|-prepare|p1b: Archaludon|Electro Shot
|-boost|p1b: Archaludon|spa|1
|-anim|p1b: Archaludon|Electro Shot|p2a: Jumpluff
|-damage|p2a: Jumpluff|0 fnt
|faint|p2a: Jumpluff
|move|p1a: Incineroar|Knock Off|p2b: Primarina
|-damage|p2b: Primarina|54/100
|-enditem|p2b: Primarina|Throat Spray|[from] move: Knock Off|[of] p1a: Incineroar
|move|p2b: Primarina|Hyper Voice|p1b: Archaludon|[spread] p1a,p1b
|-supereffective|p1a: Incineroar
|-damage|p1a: Incineroar|0 fnt
|-damage|p1b: Archaludon|0 fnt
|faint|p1a: Incineroar
|faint|p1b: Archaludon
|
|-weather|RainDance|[upkeep]
|-sideend|p1: oxoc|move: Tailwind
|-sideend|p2: cofeebean|move: Tailwind
|upkeep
|
|t:|1757808712
|switch|p2a: Incineroar|Incineroar, L50, M|100/100
|switch|p1b: Pelipper|Pelipper, L50, F|100/100
|switch|p1a: Basculegion|Basculegion, L50, M|100/100
|-ability|p2a: Incineroar|Intimidate|boost
|-unboost|p1a: Basculegion|atk|1
|-unboost|p1b: Pelipper|atk|1
|turn|5
|inactive|oxoc has 30 seconds left.
|inactive|cofeebean has 30 seconds left.
|inactive|oxoc has 20 seconds left.
|
|t:|1757808750
|switch|p2a: Gallade|Gallade, L50, M|43/100
|move|p2b: Primarina|Protect|p2b: Primarina
|-singleturn|p2b: Primarina|Protect
|move|p1a: Basculegion|Last Respects|p2b: Primarina
|-activate|p2b: Primarina|move: Protect
|move|p1b: Pelipper|Tailwind|p1b: Pelipper
|-sidestart|p1: oxoc|move: Tailwind
|
|-weather|none
|upkeep
|turn|6
|inactive|cofeebean has 30 seconds left.
|inactive|cofeebean has 20 seconds left.
|inactive|cofeebean has 15 seconds left.
|inactive|cofeebean has 10 seconds left.
|inactive|cofeebean has 5 seconds left.
|
|t:|1757808802
|move|p1b: Pelipper|Weather Ball|p2b: Primarina
|-damage|p2b: Primarina|39/100
|move|p1a: Basculegion|Last Respects|p2b: Primarina
|-damage|p2b: Primarina|0 fnt
|faint|p2b: Primarina
|move|p2a: Gallade|Psycho Cut|p1a: Basculegion
|-damage|p1a: Basculegion|0 fnt
|faint|p1a: Basculegion
|
|upkeep
|
|t:|1757808811
|switch|p2b: Incineroar|Incineroar, L50, M|100/100
|-ability|p2b: Incineroar|Intimidate|boost
|-unboost|p1b: Pelipper|atk|1
|turn|7
|
|t:|1757808827
|move|p2b: Incineroar|Fake Out|p1b: Pelipper
|-damage|p1b: Pelipper|86/100
|cant|p1b: Pelipper|flinch
|move|p2a: Gallade|Psycho Cut|p1b: Pelipper
|-damage|p1b: Pelipper|0 fnt
|faint|p1b: Pelipper
|
|win|cofeebean
