|j|☆Yoters
|j|☆Pawah
|html|YotersPawah    
|uhtml|bestof|Game 2 of a best-of-3
|t:|1756658636
|gametype|doubles
|player|p1|Yoters|veteranf|1180
|player|p2|Pawah|ethan|1131
|gen|9
|tier|[Gen 9] VGC 2025 Reg H (Bo3)
|rated|
|rule|Species Clause: Limit one of each Pokémon
|rule|Item Clause: Limit 1 of each item
|clearpoke
|poke|p1|Torkoal, L50, M|
|poke|p1|Lilligant-Hisui, L50, F|
|poke|p1|Golem-Alola, L50, F|
|poke|p1|Gliscor, L50, F|
|poke|p1|Dragapult, L50, M|
|poke|p1|Gholdengo, L50|
|poke|p2|Ursaluna, L50, F|
|poke|p2|Sinistcha, L50|
|poke|p2|Pelipper, L50, F|
|poke|p2|Archaludon, L50, M|
|poke|p2|Gholdengo, L50|
|poke|p2|Dragonite, L50, F|
|teampreview|4
|showteam|p1|Torkoal||EjectPack|Drought|Overheat,SolarBeam,HelpingHand,Protect|||M|||50|,,,,,Grass]Lilligant-Hisui||FocusSash|Chlorophyll|SolarBlade,TripleAxel,AfterYou,CloseCombat|||F|||50|,,,,,Fire]Golem-Alola||ClearAmulet|Galvanize|Explosion,DoubleEdge,Protect,WideGuard|||F|||50|,,,,,Electric]Gliscor||ToxicOrb|PoisonHeal|KnockOff,HighHorsepower,Protect,SunnyDay|||F|||50|,,,,,Water]Dragapult||ChoiceBand|ClearBody|DragonDarts,PsychicFangs,SuckerPunch,Uturn|||M|||50|,,,,,Dark]Gholdengo||ChoiceScarf|GoodasGold|MakeItRain,ShadowBall,Thunderbolt,Trick||||||50|,,,,,Water
|showteam|p2|Ursaluna||FlameOrb|Guts|HeadlongRush,Facade,Protect,Earthquake|||F|||50|,,,,,Ghost]Sinistcha||SitrusBerry|Hospitality|RagePowder,TrickRoom,LifeDew,MatchaGotcha||||||50|,,,,,Dark]Pelipper||FocusSash|Drizzle|Hurricane,Protect,WeatherBall,WideGuard|||F|||50|,,,,,Ghost]Archaludon||AssaultVest|Stamina|ElectroShot,FlashCannon,BodyPress,DracoMeteor|||M|||50|,,,,,Bug]Gholdengo||LifeOrb|GoodasGold|MakeItRain,ShadowBall,NastyPlot,Protect||||||50|,,,,,Water]Dragonite||LoadedDice|Multiscale|Protect,ScaleShot,Tailwind,Haze|||F|||50|,,,,,Fairy
|inactive|Battle timer is ON: inactive players will automatically lose when time's up. (requested by Pawah)
|
|t:|1756658666
|teamsize|p1|4
|teamsize|p2|4
|start
|switch|p1a: Dragapult|Dragapult, L50, M|100/100
|switch|p1b: Torkoal|Torkoal, L50, M|100/100
|switch|p2a: Sinistcha|Sinistcha, L50|100/100
|switch|p2b: Dragonite|Dragonite, L50, F|100/100
|-weather|SunnyDay|[from] ability: Drought|[of] p1b: Torkoal
|turn|1
|
|t:|1756658679
|move|p1b: Torkoal|Helping Hand|p1a: Dragapult
|-singleturn|p1a: Dragapult|Helping Hand|[of] p1b: Torkoal
|move|p2a: Sinistcha|Rage Powder|p2a: Sinistcha
|-singleturn|p2a: Sinistcha|move: Rage Powder
|move|p1a: Dragapult|Dragon Darts|p2a: Sinistcha
|-damage|p2a: Sinistcha|54/100
|-anim|p1a: Dragapult|Dragon Darts|p2a: Sinistcha
|-damage|p2a: Sinistcha|7/100
|-enditem|p2a: Sinistcha|Sitrus Berry|[eat]
|-heal|p2a: Sinistcha|32/100|[from] item: Sitrus Berry
|move|p2b: Dragonite|Tailwind|p2b: Dragonite
|-sidestart|p2: Pawah|move: Tailwind
|
|-weather|SunnyDay|[upkeep]
|upkeep
|turn|2
|inactive|Pawah has 30 seconds left.
|
|t:|1756658710
|switch|p2a: Pelipper|Pelipper, L50, F|100/100
|-weather|RainDance|[from] ability: Drizzle|[of] p2a: Pelipper
|-terastallize|p2b: Dragonite|Fairy
|-terastallize|p1a: Dragapult|Dark
|move|p2b: Dragonite|Scale Shot|p1a: Dragapult
|-damage|p1a: Dragapult|82/100
|-damage|p1a: Dragapult|64/100
|-damage|p1a: Dragapult|47/100
|-damage|p1a: Dragapult|28/100
|-hitcount|p1a: Dragapult|4
|-unboost|p2b: Dragonite|def|1
|-boost|p2b: Dragonite|spe|1
|move|p1a: Dragapult|Dragon Darts|p2a: Pelipper
|-damage|p2a: Pelipper|56/100
|-anim|p1a: Dragapult|Dragon Darts|p2a: Pelipper
|-damage|p2a: Pelipper|2/100
|move|p1b: Torkoal|Overheat|p2b: Dragonite
|-damage|p2b: Dragonite|86/100
|-unboost|p1b: Torkoal|spa|2
|-enditem|p1b: Torkoal|Eject Pack
|
|t:|1756658731
|switch|p1b: Lilligant|Lilligant-Hisui, L50, F|100/100
|
|-weather|RainDance|[upkeep]
|upkeep
|turn|3
|
|t:|1756658743
|switch|p2a: Sinistcha|Sinistcha, L50|32/100
|-heal|p2b: Dragonite|100/100|[from] ability: Hospitality|[of] p2a: Sinistcha
|switch|p1a: Torkoal|Torkoal, L50, M|100/100
|-weather|SunnyDay|[from] ability: Drought|[of] p1a: Torkoal
|move|p2b: Dragonite|Scale Shot|p1b: Lilligant
|-damage|p1b: Lilligant|78/100
|-damage|p1b: Lilligant|56/100
|-damage|p1b: Lilligant|33/100
|-damage|p1b: Lilligant|9/100
|-hitcount|p1b: Lilligant|4
|-unboost|p2b: Dragonite|def|1
|-boost|p2b: Dragonite|spe|1
|move|p1b: Lilligant|Solar Blade||[still]
|-prepare|p1b: Lilligant|Solar Blade
|-anim|p1b: Lilligant|Solar Blade|p2b: Dragonite
|-damage|p2b: Dragonite|39/100
|
|-weather|SunnyDay|[upkeep]
|upkeep
|turn|4
|inactive|Yoters has 30 seconds left.
|inactive|Pawah has 30 seconds left.
|
|t:|1756658771
|switch|p1b: Gliscor|Gliscor, L50, F|100/100
|switch|p2a: Pelipper|Pelipper, L50, F|2/100
|-weather|RainDance|[from] ability: Drizzle|[of] p2a: Pelipper
|move|p2b: Dragonite|Scale Shot|p1b: Gliscor|[miss]
|-miss|p2b: Dragonite|p1b: Gliscor
|move|p1a: Torkoal|Overheat|p2a: Pelipper|[miss]
|-miss|p1a: Torkoal|p2a: Pelipper
|
|-weather|RainDance|[upkeep]
|-sideend|p2: Pawah|move: Tailwind
|-status|p1b: Gliscor|tox|[from] item: Toxic Orb
|upkeep
|turn|5
|
|t:|1756658793
|switch|p1a: Dragapult|Dragapult, L50, M, tera:Dark|28/100
|move|p2b: Dragonite|Tailwind|p2b: Dragonite
|-sidestart|p2: Pawah|move: Tailwind
|move|p2a: Pelipper|Weather Ball|p1b: Gliscor
|-supereffective|p1b: Gliscor
|-damage|p1b: Gliscor|0 fnt
|faint|p1b: Gliscor
|
|-weather|RainDance|[upkeep]
|upkeep
|
|t:|1756658803
|switch|p1b: Torkoal|Torkoal, L50, M|100/100
|-weather|SunnyDay|[from] ability: Drought|[of] p1b: Torkoal
|turn|6
|
|t:|1756658810
|switch|p2a: Sinistcha|Sinistcha, L50|32/100
|-heal|p2b: Dragonite|64/100|[from] ability: Hospitality|[of] p2a: Sinistcha
|move|p1b: Torkoal|Helping Hand|p1a: Dragapult
|-singleturn|p1a: Dragapult|Helping Hand|[of] p1b: Torkoal
|move|p2b: Dragonite|Protect|p2b: Dragonite
|-singleturn|p2b: Dragonite|Protect
|move|p1a: Dragapult|Sucker Punch||[still]
|-fail|p1a: Dragapult
|
|-weather|SunnyDay|[upkeep]
|upkeep
|turn|7
|
|t:|1756658824
|switch|p1a: Lilligant|Lilligant-Hisui, L50, F|9/100
|move|p2a: Sinistcha|Rage Powder|p2a: Sinistcha
|-singleturn|p2a: Sinistcha|move: Rage Powder
|move|p2b: Dragonite|Scale Shot|p1b: Torkoal|[miss]
|-miss|p2b: Dragonite|p1b: Torkoal
|move|p1b: Torkoal|Overheat|p2a: Sinistcha
|-supereffective|p2a: Sinistcha
|-damage|p2a: Sinistcha|0 fnt
|-unboost|p1b: Torkoal|spa|2
|faint|p2a: Sinistcha
|
|-weather|SunnyDay|[upkeep]
|upkeep
|
|t:|1756658839
|switch|p2a: Gholdengo|Gholdengo, L50|100/100
|turn|8
|inactive|Yoters has 30 seconds left.
|inactive|Pawah has 30 seconds left.
|inactive|Pawah has 20 seconds left.
|
|t:|1756658879
|switch|p1b: Dragapult|Dragapult, L50, M, tera:Dark|28/100
|move|p2b: Dragonite|Protect|p2b: Dragonite
|-singleturn|p2b: Dragonite|Protect
|move|p1a: Lilligant|Solar Blade||[still]
|-prepare|p1a: Lilligant|Solar Blade
|-anim|p1a: Lilligant|Solar Blade|p2b: Dragonite
|-activate|p2b: Dragonite|move: Protect
|move|p2a: Gholdengo|Shadow Ball|p1b: Dragapult
|-resisted|p1b: Dragapult
|-damage|p1b: Dragapult|0 fnt
|faint|p1b: Dragapult
|-damage|p2a: Gholdengo|91/100|[from] item: Life Orb
|
|-weather|SunnyDay|[upkeep]
|-sideend|p2: Pawah|move: Tailwind
|upkeep
|
|t:|1756658892
|switch|p1b: Torkoal|Torkoal, L50, M|100/100
|turn|9
|
|t:|1756658906
|switch|p2a: Pelipper|Pelipper, L50, F|2/100
|-weather|RainDance|[from] ability: Drizzle|[of] p2a: Pelipper
|move|p1b: Torkoal|Helping Hand|p1a: Lilligant
|-singleturn|p1a: Lilligant|Helping Hand|[of] p1b: Torkoal
|move|p2b: Dragonite|Scale Shot|p1a: Lilligant
|-damage|p1a: Lilligant|0 fnt
|faint|p1a: Lilligant
|-hitcount|p1: Lilligant|1
|-unboost|p2b: Dragonite|def|1
|-boost|p2b: Dragonite|spe|1
|
|-weather|RainDance|[upkeep]
|upkeep
|turn|10
|-message|Yoters forfeited.
|
|win|Pawah
|l|☆Yoters
|player|p1|
||Pawah is ready for game 3.
||Yoters is ready for game 3.
|uhtml|next|Next: Game 3 of 3
