|j|☆meikh_neiht
|j|☆imonx6pace!
|html|meikh_neihtimonx6pace!    
|uhtml|bestof|Game 2 of a best-of-3
|t:|1783046874
|gametype|doubles
|player|p1|meikh_neiht|lucas|1321
|player|p2|imonx6pace!|rocketgrunt|1215
|gen|9
|tier|[Gen 9 Champions] VGC 2026 Reg M-B (Bo3)
|rated|
|rule|Species Clause: Limit one of each Pokémon
|rule|Item Clause: Limit 1 of each item
|clearpoke
|poke|p1|Staraptor, L50, M|
|poke|p1|Sinistcha, L50|
|poke|p1|Maushold, L50|
|poke|p1|Kingambit, L50, F|
|poke|p1|Sneasler, L50, M|
|poke|p1|Delphox, L50, M|
|poke|p2|Floette-Eternal, L50, F|
|poke|p2|Sinistcha, L50|
|poke|p2|Sneasler, L50, F|
|poke|p2|Basculegion, L50, M|
|poke|p2|Kingambit, L50, M|
|poke|p2|Talonflame, L50, M|
|teampreview|4
|showteam|p1|Staraptor||Staraptite|Intimidate|CloseCombat,BraveBird,Roost,Protect|Adamant||M|||50|]Sinistcha||SitrusBerry|Hospitality|RagePowder,MatchaGotcha,StrengthSap,LifeDew|Calm|||||50|]Maushold||ChopleBerry|FriendGuard|Encore,Charm,FollowMe,Protect|Timid|||||50|]Kingambit||OccaBerry|Defiant|KowtowCleave,SuckerPunch,SwordsDance,Protect|Adamant||F|||50|]Sneasler||WhiteHerb|Unburden|DireClaw,Protect,FakeOut,CloseCombat|Jolly||M|||50|]Delphox||Delphoxite|Blaze|HeatWave,Psyshock,NastyPlot,Protect|Timid||M|||50|
|showteam|p2|Floette-Eternal||Floettite|FlowerVeil|CalmMind,Moonblast,DazzlingGleam,Protect|Bold||F|||50|]Sinistcha||SitrusBerry|Hospitality|MatchaGotcha,RagePowder,LifeDew,TrickRoom|Calm|||||50|]Sneasler||WhiteHerb|Unburden|FakeOut,GunkShot,CloseCombat,Protect|Jolly||F|||50|]Basculegion||ChoiceScarf|Adaptability|FlipTurn,WaveCrash,AquaJet,LastRespects|Jolly||M|||50|]Kingambit||ChopleBerry|Defiant|KowtowCleave,SuckerPunch,IronHead,Protect|Adamant||M|||50|]Talonflame||FocusSash|GaleWings|Protect,Tailwind,DualWingbeat,FlareBlitz|Jolly||M|||50|
|
|t:|1783046896
|teamsize|p1|4
|teamsize|p2|4
|start
|switch|p1a: Maushold|Maushold, L50|100/100
|switch|p1b: Delphox|Delphox, L50, M|100/100
|switch|p2a: Basculegion|Basculegion, L50, M|100/100
|switch|p2b: Sneasler|Sneasler, L50, F|100/100
|turn|1
|inactive|Battle timer is ON: inactive players will automatically lose when time's up. (requested by imonx6pace!)
|
|t:|1783046915
|switch|p1b: Kingambit|Kingambit, L50, F|100/100
|move|p1a: Maushold|Protect|p1a: Maushold
|-singleturn|p1a: Maushold|Protect
|move|p2a: Basculegion|Flip Turn|p1b: Kingambit
|-damage|p1b: Kingambit|80/100
|
|t:|1783046923
|switch|p2a: Floette|Floette-Eternal, L50, F|100/100|[from] Flip Turn
|move|p2b: Sneasler|Close Combat|p1b: Kingambit
|-supereffective|p1b: Kingambit|2
|-damage|p1b: Kingambit|0 fnt
|-unboost|p2b: Sneasler|def|1
|-unboost|p2b: Sneasler|spd|1
|faint|p1b: Kingambit
|-enditem|p2b: Sneasler|White Herb
|-clearnegativeboost|p2b: Sneasler|[silent]
|
|upkeep
|c|☆meikh_neiht|oh
|c|☆meikh_neiht|dis not good
|
|t:|1783046938
|switch|p1b: Delphox|Delphox, L50, M|100/100
|turn|2
|
|t:|1783046959
|switch|p1a: Sneasler|Sneasler, L50, M|100/100
|detailschange|p1b: Delphox|Delphox-Mega, L50, M
|-mega|p1b: Delphox|Delphox|Delphoxite
|detailschange|p2a: Floette|Floette-Mega, L50, F
|-mega|p2a: Floette|Floette|Floettite
|-ability|p2a: Floette|Fairy Aura
|move|p2b: Sneasler|Gunk Shot|p1a: Sneasler|[miss]
|-miss|p2b: Sneasler|p1a: Sneasler
|move|p1b: Delphox|Psyshock|p2b: Sneasler
|-supereffective|p2b: Sneasler|2
|-damage|p2b: Sneasler|0 fnt
|faint|p2b: Sneasler
|move|p2a: Floette|Dazzling Gleam|p1a: Sneasler|[spread] p1a,p1b
|-resisted|p1b: Delphox|1
|-damage|p1a: Sneasler|42/100
|-damage|p1b: Delphox|84/100
|
|upkeep
|
|t:|1783046970
|switch|p2b: Kingambit|Kingambit, L50, M|100/100
|turn|3
|
|t:|1783046984
|move|p2b: Kingambit|Protect|p2b: Kingambit
|-singleturn|p2b: Kingambit|Protect
|move|p1a: Sneasler|Fake Out|p2a: Floette
|-damage|p2a: Floette|88/100
|move|p1b: Delphox|Nasty Plot|p1b: Delphox
|-boost|p1b: Delphox|spa|2
|cant|p2a: Floette|flinch
|
|upkeep
|turn|4
|c|☆meikh_neiht|wow
|c|☆meikh_neiht|hardest read ive ever made
|c|☆meikh_neiht|how did that work
|inactive|meikh_neiht has 30 seconds left.
|
|t:|1783047010
|switch|p2b: Basculegion|Basculegion, L50, M|100/100
|move|p1b: Delphox|Protect|p1b: Delphox
|-singleturn|p1b: Delphox|Protect
|move|p1a: Sneasler|Close Combat|p2b: Basculegion
|-immune|p2b: Basculegion
|move|p2a: Floette|Moonblast|p1a: Sneasler
|-damage|p1a: Sneasler|0 fnt
|faint|p1a: Sneasler
|
|upkeep
|
|t:|1783047012
|switch|p1a: Maushold|Maushold, L50|100/100
|turn|5
|
|t:|1783047035
|move|p1b: Delphox|Protect||[still]
|-fail|p1b: Delphox
|move|p2b: Basculegion|Wave Crash|p1b: Delphox
|-supereffective|p1b: Delphox|1
|-damage|p1b: Delphox|0 fnt
|faint|p1b: Delphox
|-damage|p2b: Basculegion|75/100|[from] Recoil
|move|p1a: Maushold|Charm|p2b: Basculegion
|-unboost|p2b: Basculegion|atk|2
|move|p2a: Floette|Moonblast|p1a: Maushold
|-damage|p1a: Maushold|23/100
|
|upkeep
|turn|6
|c|☆meikh_neiht|ack
|-message|meikh_neiht forfeited.
|
|win|imonx6pace!
||meikh_neiht is ready for game 3.
||imonx6pace! is ready for game 3.
|uhtml|next|Next: Game 3 of 3
|l|☆imonx6pace!
|player|p2|
