|j|☆blueperseu
|j|☆masterhax3
|html|blueperseumasterhax3    
|uhtml|bestof|Game 2 of a best-of-3
|t:|1756748829
|gametype|doubles
|player|p1|blueperseu|sabrina|1059
|player|p2|masterhax3|scientist-gen4dp|1077
|gen|9
|tier|[Gen 9] VGC 2025 Reg H (Bo3)
|rated|
|rule|Species Clause: Limit one of each Pokémon
|rule|Item Clause: Limit 1 of each item
|clearpoke
|poke|p1|Rillaboom, L50, F|
|poke|p1|Porygon2, L50|
|poke|p1|Primarina, L50, F|
|poke|p1|Sneasler, L50, F|
|poke|p1|Pachirisu, L50, F|
|poke|p1|Ursaluna, L50, M|
|poke|p2|Incineroar, L50, F|
|poke|p2|Porygon2, L50|
|poke|p2|Ursaluna, L50, M|
|poke|p2|Vivillon-Polar, L50, M|
|poke|p2|Gholdengo, L50|
|poke|p2|Sneasler, L50, M|
|teampreview|4
|showteam|p1|Rillaboom||AssaultVest|GrassySurge|WoodHammer,GrassyGlide,FakeOut,HighHorsepower|||F|||50|,,,,,Water]Porygon2||Eviolite|Download|TrickRoom,IceBeam,TeraBlast,Protect||||||50|,,,,,Flying]Primarina||LifeOrb|LiquidVoice|HyperVoice,DazzlingGleam,Moonblast,Protect|||F|||50|,,,,,Poison]Sneasler||FocusSash|PoisonTouch|Protect,DireClaw,CloseCombat,FakeOut|||F|||50|,,,,,Stellar]Pachirisu||SafetyGoggles|VoltAbsorb|Nuzzle,FollowMe,Protect,VoltSwitch|||F|||50|,,,,,Flying]Ursaluna||FlameOrb|Guts|Facade,Earthquake,HeadlongRush,Protect|||M|||50|,,,,,Ghost
|showteam|p2|Incineroar||SafetyGoggles|Intimidate|FakeOut,FlareBlitz,KnockOff,PartingShot|||F|||50|,,,,,Ghost]Porygon2||Eviolite|Download|TeraBlast,IceBeam,TrickRoom,Recover||||||50|,,,,,Fighting]Ursaluna||FlameOrb|Guts|HeadlongRush,Facade,Earthquake,Protect|||M|||50|,,,,,Poison]Vivillon-Polar||FocusSash|CompoundEyes|Hurricane,SleepPowder,Tailwind,Protect|||M|||50|,,,,,Ghost]Gholdengo||LifeOrb|GoodasGold|MakeItRain,ShadowBall,NastyPlot,Protect||||||50|,,,,,Water]Sneasler||WhiteHerb|Unburden|CloseCombat,DireClaw,ThroatChop,Protect|||M|||50|,,,,,Dark
|inactive|Battle timer is ON: inactive players will automatically lose when time's up. (requested by blueperseu)
|
|t:|1756748870
|teamsize|p1|4
|teamsize|p2|4
|start
|switch|p1a: Porygon2|Porygon2, L50, shiny|100/100
|switch|p1b: Pachirisu|Pachirisu, L50, F, shiny|100/100
|switch|p2a: Sneasler|Sneasler, L50, M|100/100
|switch|p2b: Gholdengo|Gholdengo, L50|100/100
|-ability|p1a: Porygon2|Download|boost
|-boost|p1a: Porygon2|atk|1
|turn|1
|inactive|blueperseu has 30 seconds left.
|
|t:|1756748904
|move|p2a: Sneasler|Dire Claw|p1b: Pachirisu
|-damage|p1b: Pachirisu|56/100
|-status|p1b: Pachirisu|psn
|move|p2b: Gholdengo|Nasty Plot|p2b: Gholdengo
|-boost|p2b: Gholdengo|spa|2
|move|p1b: Pachirisu|Volt Switch|p2b: Gholdengo
|-damage|p2b: Gholdengo|87/100
|
|t:|1756748913
|switch|p1b: Ursaluna|Ursaluna, L50, M|100/100|[from] Volt Switch
|move|p1a: Porygon2|Trick Room|p1a: Porygon2
|-fieldstart|move: Trick Room|[of] p1a: Porygon2
|
|-status|p1b: Ursaluna|brn|[from] item: Flame Orb
|upkeep
|turn|2
|
|t:|1756748937
|switch|p2a: Porygon2|Porygon2, L50|100/100
|-ability|p2a: Porygon2|Download|boost
|-boost|p2a: Porygon2|atk|1
|-terastallize|p1a: Porygon2|Flying
|-terastallize|p2b: Gholdengo|Water
|move|p1b: Ursaluna|Earthquake|p2b: Gholdengo|[spread] p2a,p2b
|-immune|p1a: Porygon2
|-damage|p2a: Porygon2|58/100
|-damage|p2b: Gholdengo|12/100
|move|p1a: Porygon2|Tera Blast|p2a: Porygon2|[anim] Tera Blast Flying
|-damage|p2a: Porygon2|36/100
|move|p2b: Gholdengo|Make It Rain|p1b: Ursaluna|[spread] p1a,p1b
|-damage|p1a: Porygon2|37/100
|-damage|p1b: Ursaluna|1/100 brn
|-unboost|p2b: Gholdengo|spa|1
|-damage|p2b: Gholdengo|3/100|[from] item: Life Orb
|
|-damage|p1b: Ursaluna|0 fnt|[from] brn
|faint|p1b: Ursaluna
|upkeep
|
|t:|1756748954
|switch|p1b: Rillaboom|Rillaboom, L50, F|100/100
|-fieldstart|move: Grassy Terrain|[from] ability: Grassy Surge|[of] p1b: Rillaboom
|turn|3
|
|t:|1756748967
|move|p1b: Rillaboom|Grassy Glide|p2b: Gholdengo
|-supereffective|p2b: Gholdengo
|-damage|p2b: Gholdengo|0 fnt
|faint|p2b: Gholdengo
|move|p1a: Porygon2|Tera Blast|p2a: Porygon2|[anim] Tera Blast Flying
|-damage|p2a: Porygon2|14/100
|move|p2a: Porygon2|Recover|p2a: Porygon2
|-heal|p2a: Porygon2|64/100
|
|-heal|p2a: Porygon2|70/100|[from] Grassy Terrain
|upkeep
|
|t:|1756748978
|switch|p2b: Ursaluna|Ursaluna, L50, M|100/100
|turn|4
|
|t:|1756748993
|move|p2b: Ursaluna|Protect|p2b: Ursaluna
|-singleturn|p2b: Ursaluna|Protect
|move|p1a: Porygon2|Tera Blast|p2a: Porygon2|[anim] Tera Blast Flying
|-damage|p2a: Porygon2|48/100
|move|p2a: Porygon2|Recover|p2a: Porygon2
|-heal|p2a: Porygon2|98/100
|move|p1b: Rillaboom|Wood Hammer|p2b: Ursaluna
|-activate|p2b: Ursaluna|move: Protect
|
|-heal|p2a: Porygon2|100/100|[from] Grassy Terrain
|-status|p2b: Ursaluna|brn|[from] item: Flame Orb
|upkeep
|turn|5
|
|t:|1756749010
|move|p1a: Porygon2|Protect|p1a: Porygon2
|-singleturn|p1a: Porygon2|Protect
|move|p2a: Porygon2|Ice Beam|p1b: Rillaboom
|-supereffective|p1b: Rillaboom
|-damage|p1b: Rillaboom|65/100
|move|p2b: Ursaluna|Facade|p1b: Rillaboom
|-damage|p1b: Rillaboom|0 fnt
|faint|p1b: Rillaboom
|
|-damage|p2b: Ursaluna|95/100 brn|[from] brn
|-fieldend|move: Trick Room
|upkeep
|
|t:|1756749022
|switch|p1b: Pachirisu|Pachirisu, L50, F, shiny|56/100 psn
|turn|6
|
|t:|1756749035
|move|p1b: Pachirisu|Protect|p1b: Pachirisu
|-singleturn|p1b: Pachirisu|Protect
|move|p2b: Ursaluna|Facade|p1b: Pachirisu
|-activate|p1b: Pachirisu|move: Protect
|move|p2a: Porygon2|Ice Beam|p1a: Porygon2
|-supereffective|p1a: Porygon2
|-damage|p1a: Porygon2|9/100
|move|p1a: Porygon2|Ice Beam|p2b: Ursaluna
|-supereffective|p2b: Ursaluna
|-damage|p2b: Ursaluna|53/100 brn
|
|-heal|p1b: Pachirisu|62/100 psn|[from] Grassy Terrain
|-heal|p2b: Ursaluna|59/100 brn|[from] Grassy Terrain
|-damage|p1b: Pachirisu|50/100 psn|[from] psn
|-damage|p2b: Ursaluna|53/100 brn|[from] brn
|upkeep
|turn|7
|-message|blueperseu forfeited.
|
|win|masterhax3
|raw|blueperseu's rating: 1059 → 1041(-18 for losing)
|raw|masterhax3's rating: 1077 → 1104(+27 for winning)
|l|☆blueperseu
|player|p1|
