|j|☆markknight05
|j|☆MommaGart
|html|markknight05MommaGart    
|uhtml|bestof|Game 3 of a best-of-3
|t:|1783460216
|gametype|doubles
|player|p1|markknight05|1|1061
|player|p2|MommaGart|hilda|1094
|gen|9
|tier|[Gen 9 Champions] VGC 2026 Reg M-B (Bo3)
|rated|
|rule|Species Clause: Limit one of each Pokémon
|rule|Item Clause: Limit 1 of each item
|clearpoke
|poke|p1|Hawlucha, L50, F|
|poke|p1|Snorlax, L50, F|
|poke|p1|Orthworm, L50, M|
|poke|p1|Sinistcha, L50|
|poke|p1|Politoed, L50, M|
|poke|p1|Gengar, L50, M|
|poke|p2|Sneasler, L50, F|
|poke|p2|Blastoise, L50, F|
|poke|p2|Kingambit, L50, F|
|poke|p2|Incineroar, L50, F|
|poke|p2|Delphox, L50, F, shiny|
|poke|p2|Sinistcha, L50|
|teampreview|4
|showteam|p1|Hawlucha||Hawluchanite|Unburden|CloseCombat,BraveBird,Protect,Entrainment|Jolly||F|||50|]Snorlax||Leftovers|ThickFat|Fissure,BodyPress,Stockpile,Protect|Impish||F|||50|]Orthworm||ChopleBerry|EarthEater|Protect,ShedTail,HelpingHand,SmackDown|Sassy||M|||50|]Sinistcha||KasibBerry|Hospitality|RagePowder,TrickRoom,MatchaGotcha,Protect|Bold|||||50|]Politoed||SitrusBerry|Drizzle|WeatherBall,Protect,Encore,PerishSong|Bold||M|||50|]Gengar||Gengarite|CursedBody|ShadowBall,Disable,Protect,PerishSong|Calm||M|||50|
|showteam|p2|Sneasler||FocusSash|PoisonTouch|PoisonJab,CloseCombat,FakeOut,QuickGuard|Jolly||F|||50|]Blastoise||Blastoisinite|RainDish|DarkPulse,WaterSpout,ShellSmash,Protect|Modest||F|||50|]Kingambit||BlackGlasses|Defiant|KowtowCleave,SuckerPunch,SwordsDance,Protect|Adamant||F|||50|]Incineroar||SitrusBerry|Intimidate|FlareBlitz,HelpingHand,PartingShot,FakeOut|Careful||F|||50|]Delphox||Delphoxite|Blaze|HeatWave,NastyPlot,Psyshock,Protect|Modest||F|||50|]Sinistcha||KasibBerry|Hospitality|MatchaGotcha,RagePowder,TrickRoom,Protect|Bold|||||50|
|inactive|Battle timer is ON: inactive players will automatically lose when time's up. (requested by markknight05)
|
|t:|1783460288
|teamsize|p1|4
|teamsize|p2|4
|start
|switch|p1a: Gengar|Gengar, L50, M|100/100
|switch|p1b: Sinistcha|Sinistcha, L50|100/100
|switch|p2a: Malibu|Blastoise, L50, F|100/100
|switch|p2b: Caffeine|Sinistcha, L50|100/100
|turn|1
|
|t:|1783460313
|detailschange|p2a: Malibu|Blastoise-Mega, L50, F
|-mega|p2a: Malibu|Blastoise|Blastoisinite
|move|p1a: Gengar|Protect|p1a: Gengar
|-singleturn|p1a: Gengar|Protect
|move|p2b: Caffeine|Rage Powder|p2b: Caffeine
|-singleturn|p2b: Caffeine|move: Rage Powder
|move|p2a: Malibu|Shell Smash|p2a: Malibu
|-unboost|p2a: Malibu|def|1
|-unboost|p2a: Malibu|spd|1
|-boost|p2a: Malibu|atk|2
|-boost|p2a: Malibu|spa|2
|-boost|p2a: Malibu|spe|2
|move|p1b: Sinistcha|Matcha Gotcha|p2a: Malibu|[spread] p2a
|-miss|p1b: Sinistcha|p2b: Caffeine
|-supereffective|p2a: Malibu|1
|-damage|p2a: Malibu|26/100
|
|upkeep
|turn|2
|inactive|markknight05 has 30 seconds left.
|inactive|markknight05 has 20 seconds left.
|inactive|MommaGart has 30 seconds left.
|
|t:|1783460351
|switch|p1a: Snorlax|Snorlax, L50, F|100/100
|move|p1b: Sinistcha|Protect|p1b: Sinistcha
|-singleturn|p1b: Sinistcha|Protect
|move|p2b: Caffeine|Rage Powder|p2b: Caffeine
|-singleturn|p2b: Caffeine|move: Rage Powder
|move|p2a: Malibu|Dark Pulse|p1b: Sinistcha
|-activate|p1b: Sinistcha|move: Protect
|
|upkeep
|turn|3
|inactive|markknight05 has 30 seconds left.
|
|t:|1783460378
|switch|p2b: Hype|Incineroar, L50, F|100/100
|-ability|p2b: Hype|Intimidate|boost
|-unboost|p1a: Snorlax|atk|1
|-unboost|p1b: Sinistcha|atk|1
|switch|p1b: Orthworm|Orthworm, L50, M|100/100
|move|p2a: Malibu|Dark Pulse|p1b: Orthworm
|-damage|p1b: Orthworm|0 fnt
|faint|p1b: Orthworm
|move|p1a: Snorlax|Stockpile|p1a: Snorlax
|-start|p1a: Snorlax|stockpile1
|-boost|p1a: Snorlax|def|1
|-boost|p1a: Snorlax|spd|1
|
|upkeep
|
|t:|1783460402
|switch|p1b: Gengar|Gengar, L50, M|100/100
|turn|4
|
|t:|1783460412
|move|p1b: Gengar|Protect|p1b: Gengar
|-singleturn|p1b: Gengar|Protect
|move|p2b: Hype|Fake Out|p1a: Snorlax
|-damage|p1a: Snorlax|94/100
|move|p2a: Malibu|Dark Pulse|p1b: Gengar
|-activate|p1b: Gengar|move: Protect
|cant|p1a: Snorlax|flinch
|
|-heal|p1a: Snorlax|100/100|[from] item: Leftovers
|upkeep
|turn|5
|inactive|markknight05 has 30 seconds left.
|inactive|MommaGart has 30 seconds left.
|
|t:|1783460444
|switch|p2b: Caffeine|Sinistcha, L50|100/100
|-heal|p2a: Malibu|50/100g|[from] ability: Hospitality|[of] p2b: Caffeine
|detailschange|p1b: Gengar|Gengar-Mega, L50, M
|-mega|p1b: Gengar|Gengar|Gengarite
|move|p1b: Gengar|Protect||[still]
|-fail|p1b: Gengar
|move|p2a: Malibu|Dark Pulse|p1b: Gengar
|-supereffective|p1b: Gengar|1
|-damage|p1b: Gengar|0 fnt
|faint|p1b: Gengar
|move|p1a: Snorlax|Body Press|p2a: Malibu
|-damage|p2a: Malibu|6/100
|
|upkeep
|
|t:|1783460457
|switch|p1b: Sinistcha|Sinistcha, L50|100/100
|turn|6
|
|t:|1783460469
|move|p1b: Sinistcha|Protect|p1b: Sinistcha
|-singleturn|p1b: Sinistcha|Protect
|move|p2b: Caffeine|Rage Powder|p2b: Caffeine
|-singleturn|p2b: Caffeine|move: Rage Powder
|move|p2a: Malibu|Dark Pulse|p1b: Sinistcha
|-activate|p1b: Sinistcha|move: Protect
|move|p1a: Snorlax|Fissure|p2b: Caffeine|[miss]
|-miss|p1a: Snorlax|p2b: Caffeine
|
|upkeep
|turn|7
|-message|markknight05 forfeited.
|
|win|MommaGart
|raw|markknight05's rating: 1061 → 1044(-17 for losing)
|raw|MommaGart's rating: 1094 → 1117(+23 for winning)
|l|☆markknight05
|player|p1|
