|j|☆hamlessmel
|j|☆EchoHevy5555
|html|hamlessmelEchoHevy5555    
|uhtml|bestof|Game 2 of a best-of-3
|t:|1757704486
|gametype|doubles
|player|p1|hamlessmel|dawn-gen4pt|1186
|player|p2|EchoHevy5555|170|1087
|gen|9
|tier|[Gen 9] VGC 2025 Reg H (Bo3)
|rated|
|rule|Species Clause: Limit one of each Pokémon
|rule|Item Clause: Limit 1 of each item
|clearpoke
|poke|p1|Excadrill, L50, F|
|poke|p1|Tyranitar, L50, F|
|poke|p1|Sneasler, L50, F|
|poke|p1|Indeedee, L50, M|
|poke|p1|Annihilape, L50, F|
|poke|p1|Corviknight, L50, F|
|poke|p2|Noivern, L50, F|
|poke|p2|Toxtricity, L50, M|
|poke|p2|Zoroark-Hisui, L50, M|
|poke|p2|Malamar, L50, F|
|poke|p2|Incineroar, L50, M|
|poke|p2|Gastrodon, L50, M|
|teampreview|4
|showteam|p1|Excadrill||FocusSash|SandRush|Protect,IronHead,HighHorsepower,Earthquake|||F|||50|,,,,,Stellar]Tyranitar||AssaultVest|SandStream|KnockOff,RockSlide,TeraBlast,LowKick|||F|||50|,,,,,Flying]Sneasler||PsychicSeed|Unburden|ThroatChop,CloseCombat,Protect,DireClaw|||F|||50|,,,,,Dark]Indeedee||ChoiceScarf|PsychicSurge|TeraBlast,ExpandingForce,Protect,Trick|||M|||50|,,,,,Fighting]Annihilape||SafetyGoggles|Defiant|Taunt,RageFist,CloseCombat,FinalGambit|||F|||50|,,,,,Water]Corviknight||Leftovers|MirrorArmor|Tailwind,BraveBird,Roost,BulkUp|||F|||50|,,,,,Dragon
|showteam|p2|Noivern||CovertCloak|Telepathy|Tailwind,SuperFang,DracoMeteor,Taunt|||F|||50|,,,,,Steel]Toxtricity||LifeOrb|PunkRock|Boomburst,Overdrive,SludgeBomb,Protect|||M|||50|,,,,,Normal]Zoroark-Hisui||FocusSash|Illusion|BitterMalice,Protect,FakeTears,TeraBlast|||M|||50|,,,,,Fighting]Malamar||SafetyGoggles|Contrary|KnockOff,Superpower,TopsyTurvy,TrickRoom|||F|||50|,,,,,Fire]Incineroar||SitrusBerry|Intimidate|KnockOff,FlareBlitz,Protect,FakeOut|||M|||50|,,,,,Ghost]Gastrodon||Leftovers|StormDrain|EarthPower,IceBeam,Protect,Yawn|||M|||50|,,,,,Fire
|
|t:|1757704557
|teamsize|p1|4
|teamsize|p2|4
|start
|switch|p1a: Annihilape|Annihilape, L50, F, shiny|100/100
|switch|p1b: Corviknight|Corviknight, L50, F, shiny|100/100
|switch|p2a: Incineroar|Incineroar, L50, M|100/100
|switch|p2b: Malamar|Malamar, L50, F|100/100
|turn|1
|
|t:|1757704590
|move|p2a: Incineroar|Bitter Malice|p1a: Annihilape
|-supereffective|p1a: Annihilape
|-damage|p1a: Annihilape|32/100
|-unboost|p1a: Annihilape|atk|1
|-ability|p1a: Annihilape|Defiant|boost
|-boost|p1a: Annihilape|atk|2
|move|p1a: Annihilape|Final Gambit|p2b: Malamar
|-damage|p2b: Malamar|66/100
|faint|p1a: Annihilape
|move|p1b: Corviknight|Bulk Up|p1b: Corviknight
|-boost|p1b: Corviknight|atk|1
|-boost|p1b: Corviknight|def|1
|move|p2b: Malamar|Trick Room|p2b: Malamar
|-fieldstart|move: Trick Room|[of] p2b: Malamar
|
|upkeep
|
|t:|1757704604
|switch|p1a: Tyranitar|Tyranitar, L50, F, shiny|100/100
|-weather|Sandstorm|[from] ability: Sand Stream|[of] p1a: Tyranitar
|turn|2
|
|t:|1757704637
|-terastallize|p1a: Tyranitar|Flying
|move|p1a: Tyranitar|Rock Slide|p2a: Incineroar|[spread] p2a,p2b
|-damage|p2a: Incineroar|37/100
|-damage|p2b: Malamar|36/100
|replace|p2a: Zoroark|Zoroark-Hisui, L50, M
|-end|p2a: Zoroark|Illusion
|move|p2b: Malamar|Superpower|p1a: Tyranitar
|-resisted|p1a: Tyranitar
|-damage|p1a: Tyranitar|90/100
|-boost|p2b: Malamar|atk|1
|-boost|p2b: Malamar|def|1
|move|p1b: Corviknight|Brave Bird|p2b: Malamar
|-damage|p2b: Malamar|0 fnt
|faint|p2b: Malamar
|-damage|p1b: Corviknight|87/100|[from] Recoil
|move|p2a: Zoroark|Fake Tears|p1a: Tyranitar
|-unboost|p1a: Tyranitar|spd|2
|
|-weather|Sandstorm|[upkeep]
|-damage|p1a: Tyranitar|84/100|[from] Sandstorm
|-damage|p2a: Zoroark|31/100|[from] Sandstorm
|-heal|p1b: Corviknight|93/100|[from] item: Leftovers
|upkeep
|
|t:|1757704653
|switch|p2b: Gastrodon|Gastrodon, L50, M|100/100
|turn|3
|
|t:|1757704678
|switch|p2a: Incineroar|Incineroar, L50, M|100/100
|-ability|p2a: Incineroar|Intimidate|boost
|-unboost|p1a: Tyranitar|atk|1
|-ability|p1b: Corviknight|Mirror Armor
|-unboost|p2a: Incineroar|atk|1
|move|p2b: Gastrodon|Yawn|p1b: Corviknight
|-start|p1b: Corviknight|move: Yawn|[of] p2b: Gastrodon
|move|p1a: Tyranitar|Rock Slide|p2a: Incineroar|[spread] p2a,p2b
|-supereffective|p2a: Incineroar
|-resisted|p2b: Gastrodon
|-damage|p2a: Incineroar|58/100
|-damage|p2b: Gastrodon|91/100
|move|p1b: Corviknight|Brave Bird|p2b: Gastrodon
|-damage|p2b: Gastrodon|26/100
|-damage|p1b: Corviknight|66/100|[from] Recoil
|
|-weather|Sandstorm|[upkeep]
|-damage|p1a: Tyranitar|78/100|[from] Sandstorm
|-damage|p2a: Incineroar|52/100|[from] Sandstorm
|-heal|p2b: Gastrodon|32/100|[from] item: Leftovers
|-heal|p1b: Corviknight|72/100|[from] item: Leftovers
|upkeep
|turn|4
|
|t:|1757704709
|switch|p1b: Excadrill|Excadrill, L50, F, shiny|100/100
|move|p2b: Gastrodon|Ice Beam|p1a: Tyranitar
|-supereffective|p1a: Tyranitar
|-damage|p1a: Tyranitar|22/100
|move|p1a: Tyranitar|Rock Slide|p2b: Gastrodon|[spread] p2a,p2b
|-supereffective|p2a: Incineroar
|-resisted|p2b: Gastrodon
|-damage|p2a: Incineroar|9/100
|-damage|p2b: Gastrodon|22/100
|-enditem|p2a: Incineroar|Sitrus Berry|[eat]
|-heal|p2a: Incineroar|34/100|[from] item: Sitrus Berry
|cant|p2a: Incineroar|flinch
|
|-weather|Sandstorm|[upkeep]
|-damage|p1a: Tyranitar|16/100|[from] Sandstorm
|-damage|p2a: Incineroar|28/100|[from] Sandstorm
|-heal|p2b: Gastrodon|28/100|[from] item: Leftovers
|upkeep
|turn|5
|
|t:|1757704725
|switch|p1a: Corviknight|Corviknight, L50, F, shiny|72/100
|switch|p2a: Incineroar|Incineroar, L50, M|31/100
|move|p1b: Excadrill|Protect|p1b: Excadrill
|-singleturn|p1b: Excadrill|Protect
|move|p2b: Gastrodon|Ice Beam|p1a: Corviknight
|-damage|p1a: Corviknight|49/100
|
|-weather|Sandstorm|[upkeep]
|-damage|p2a: Incineroar|25/100|[from] Sandstorm
|-heal|p2b: Gastrodon|34/100|[from] item: Leftovers
|-heal|p1a: Corviknight|55/100|[from] item: Leftovers
|-fieldend|move: Trick Room
|upkeep
|turn|6
|
|t:|1757704757
|move|p2a: Incineroar|Protect|p2a: Incineroar
|-singleturn|p2a: Incineroar|Protect
|move|p1b: Excadrill|Earthquake|p2b: Gastrodon|[spread] p2b
|-activate|p2a: Incineroar|move: Protect
|-immune|p1a: Corviknight
|-damage|p2b: Gastrodon|0 fnt
|faint|p2b: Gastrodon
|move|p1a: Corviknight|Roost|p1a: Corviknight
|-heal|p1a: Corviknight|100/100
|-singleturn|p1a: Corviknight|move: Roost
|
|-weather|none
|upkeep
|
|t:|1757704765
|switch|p2b: Incineroar|Incineroar, L50, M|28/100
|-ability|p2b: Incineroar|Intimidate|boost
|-ability|p1a: Corviknight|Mirror Armor
|-unboost|p2b: Incineroar|atk|1
|-unboost|p1b: Excadrill|atk|1
|turn|7
|
|t:|1757704783
|move|p2a: Incineroar|Bitter Malice|p1b: Excadrill
|-damage|p1b: Excadrill|52/100
|-unboost|p1b: Excadrill|atk|1
|move|p1b: Excadrill|Earthquake|p2a: Incineroar|[spread] p2a,p2b
|-immune|p1a: Corviknight
|-supereffective|p2b: Incineroar
|-damage|p2a: Incineroar|0 fnt
|-damage|p2b: Incineroar|0 fnt
|replace|p2a: Zoroark|Zoroark-Hisui, L50, M
|-end|p2a: Zoroark|Illusion
|faint|p2a: Zoroark
|faint|p2b: Incineroar
|
|win|hamlessmel
|raw|hamlessmel's rating: 1186 → 1204(+18 for winning)
|raw|EchoHevy5555's rating: 1087 → 1070(-17 for losing)
