|j|☆Prepucio Santos
|j|☆OssiGT
|html|Prepucio SantosOssiGT    
|uhtml|bestof|Game 3 of a best-of-3
|t:|1784650661
|gametype|doubles
|player|p1|Prepucio Santos|striker|1325
|player|p2|OssiGT|hilbert-wonderlauncher|1351
|gen|9
|tier|[Gen 9 Champions] VGC 2026 Reg M-B (Bo3)
|rated|
|rule|Species Clause: Limit one of each Pokémon
|rule|Item Clause: Limit 1 of each item
|clearpoke
|poke|p1|Tyranitar, L50, M|
|poke|p1|Excadrill, L50, F|
|poke|p1|Gholdengo, L50|
|poke|p1|Sinistcha, L50|
|poke|p1|Staraptor, L50, F|
|poke|p1|Milotic, L50, F|
|poke|p2|Raichu, L50, M|
|poke|p2|Mawile, L50, M|
|poke|p2|Sinistcha, L50|
|poke|p2|Ceruledge, L50, F|
|poke|p2|Milotic, L50, F|
|poke|p2|Incineroar, L50, M|
|teampreview|4
|showteam|p1|Tyranitar||Tyranitarite|SandStream|RockSlide,KnockOff,LowKick,Protect|Adamant||M|||50|]Excadrill||FocusSash|SandRush|IronHead,HighHorsepower,RockSlide,Protect|Adamant||F|||50|]Gholdengo||LifeOrb|GoodasGold|ShadowBall,MakeItRain,NastyPlot,Protect|Modest|||||50|]Sinistcha||ColburBerry|Hospitality|MatchaGotcha,RagePowder,TrickRoom,Protect|Bold|||||50|]Staraptor||Staraptite|Intimidate|BraveBird,CloseCombat,Tailwind,Protect|Jolly||F|||50|]Milotic||Leftovers|Competitive|MuddyWater,Hypnosis,Coil,Recover|Calm||F|||50|
|showteam|p2|Raichu||RaichuniteY|LightningRod|ZapCannon,FocusBlast,FakeOut,Protect|Timid||M|||50|]Mawile||Mawilite|HyperCutter|PlayRough,SuckerPunch,SwordsDance,Protect|Adamant||M|||50|]Sinistcha||KasibBerry|Hospitality|MatchaGotcha,LifeDew,RagePowder,Protect|Relaxed|||||50|]Ceruledge||ColburBerry|FlashFire|BitterBlade,ShadowSneak,BulkUp,Protect|Adamant||F|||50|]Milotic||Leftovers|Competitive|MuddyWater,Coil,Hypnosis,Protect|Calm||F|||50|]Incineroar||SitrusBerry|Intimidate|FlareBlitz,ThroatChop,FakeOut,PartingShot|Impish||M|||50|
|inactive|Battle timer is ON: inactive players will automatically lose when time's up. (requested by OssiGT)
|inactive|Prepucio Santos has 60 seconds left.
|
|t:|1784650736
|teamsize|p1|4
|teamsize|p2|4
|start
|switch|p1a: Excadrill|Excadrill, L50, F|100/100
|switch|p1b: Milotic|Milotic, L50, F|100/100
|switch|p2a: Milotic|Milotic, L50, F|100/100
|switch|p2b: Raichu|Raichu, L50, M|100/100
|turn|1
|
|t:|1784650751
|switch|p1b: Tyranitar|Tyranitar, L50, M|100/100
|-weather|Sandstorm|[from] ability: Sand Stream|[of] p1b: Tyranitar
|detailschange|p2b: Raichu|Raichu-Mega-Y, L50, M
|-mega|p2b: Raichu|Raichu|Raichunite Y
|move|p1a: Excadrill|Protect|p1a: Excadrill
|-singleturn|p1a: Excadrill|Protect
|move|p2b: Raichu|Fake Out|p1a: Excadrill
|-activate|p1a: Excadrill|move: Protect
|move|p2a: Milotic|Coil|p2a: Milotic
|-boost|p2a: Milotic|atk|1
|-boost|p2a: Milotic|def|1
|-boost|p2a: Milotic|accuracy|1
|
|-weather|Sandstorm|[upkeep]
|-damage|p2b: Raichu|93/100|[from] Sandstorm
|-damage|p2a: Milotic|94/100|[from] Sandstorm
|-heal|p2a: Milotic|100/100|[from] item: Leftovers
|upkeep
|turn|2
|
|t:|1784650764
|switch|p2b: Sinistcha|Sinistcha, L50|100/100
|detailschange|p1b: Tyranitar|Tyranitar-Mega, L50, M
|-mega|p1b: Tyranitar|Tyranitar|Tyranitarite
|move|p1a: Excadrill|High Horsepower|p2a: Milotic
|-damage|p2a: Milotic|65/100
|move|p1b: Tyranitar|Knock Off|p2a: Milotic
|-damage|p2a: Milotic|27/100
|-enditem|p2a: Milotic|Leftovers|[from] move: Knock Off|[of] p1b: Tyranitar
|move|p2a: Milotic|Coil|p2a: Milotic
|-boost|p2a: Milotic|atk|1
|-boost|p2a: Milotic|def|1
|-boost|p2a: Milotic|accuracy|1
|
|-weather|Sandstorm|[upkeep]
|-damage|p2a: Milotic|21/100|[from] Sandstorm
|-damage|p2b: Sinistcha|93/100|[from] Sandstorm
|upkeep
|turn|3
|
|t:|1784650782
|switch|p2b: Mawile|Mawile, L50, M|100/100
|move|p1a: Excadrill|High Horsepower|p2a: Milotic
|-damage|p2a: Milotic|0 fnt
|faint|p2a: Milotic
|move|p1b: Tyranitar|Knock Off|p2b: Mawile
|-resisted|p2b: Mawile|1
|-damage|p2b: Mawile|74/100
|
|-weather|Sandstorm|[upkeep]
|upkeep
|
|t:|1784650788
|switch|p2a: Sinistcha|Sinistcha, L50|93/100
|-heal|p2b: Mawile|99/100|[from] ability: Hospitality|[of] p2a: Sinistcha
|turn|4
|
|t:|1784650794
|move|p2a: Sinistcha|Rage Powder|p2a: Sinistcha
|-singleturn|p2a: Sinistcha|move: Rage Powder
|move|p1a: Excadrill|High Horsepower|p2a: Sinistcha
|-resisted|p2a: Sinistcha|1
|-damage|p2a: Sinistcha|68/100
|move|p1b: Tyranitar|Knock Off|p2a: Sinistcha
|-supereffective|p2a: Sinistcha|1
|-damage|p2a: Sinistcha|0 fnt
|-enditem|p2a: Sinistcha|Kasib Berry|[from] move: Knock Off|[of] p1b: Tyranitar
|faint|p2a: Sinistcha
|move|p2b: Mawile|Swords Dance|p2b: Mawile
|-boost|p2b: Mawile|atk|2
|
|-weather|Sandstorm|[upkeep]
|upkeep
|
|t:|1784650796
|switch|p2a: Raichu|Raichu-Mega-Y, L50, M|93/100
|turn|5
|
|t:|1784650813
|switch|p1b: Sinistcha|Sinistcha, L50|100/100
|move|p1a: Excadrill|Protect|p1a: Excadrill
|-singleturn|p1a: Excadrill|Protect
|move|p2a: Raichu|Fake Out|p1a: Excadrill
|-activate|p1a: Excadrill|move: Protect
|move|p2b: Mawile|Play Rough|p1b: Sinistcha
|-damage|p1b: Sinistcha|51/100
|
|-weather|none
|upkeep
|turn|6
|
|t:|1784650830
|move|p2a: Raichu|Protect|p2a: Raichu
|-singleturn|p2a: Raichu|Protect
|move|p1b: Sinistcha|Rage Powder|p1b: Sinistcha
|-singleturn|p1b: Sinistcha|move: Rage Powder
|move|p1a: Excadrill|High Horsepower|p2b: Mawile
|-supereffective|p2b: Mawile|1
|-crit|p2b: Mawile
|-damage|p2b: Mawile|0 fnt
|faint|p2b: Mawile
|
|upkeep
|turn|7
|-message|OssiGT forfeited.
|
|win|Prepucio Santos
