|j|☆SuperManMuscle
|j|☆ToastedArt
|html|SuperManMuscleToastedArt    
|uhtml|bestof|Game 1 of a best-of-3
|t:|1785723435
|gametype|doubles
|player|p1|SuperManMuscle|emmet|1115
|player|p2|ToastedArt|1|1202
|gen|9
|tier|[Gen 9 Champions] VGC 2026 Reg M-B (Bo3)
|rated|
|rule|Species Clause: Limit one of each Pokémon
|rule|Item Clause: Limit 1 of each item
|clearpoke
|poke|p1|Staraptor, L50, F, shiny|
|poke|p1|Garchomp, L50, M, shiny|
|poke|p1|Whimsicott, L50, M, shiny|
|poke|p1|Delphox, L50, M|
|poke|p1|Glimmora, L50, M, shiny|
|poke|p1|Kingambit, L50, M, shiny|
|poke|p2|Staraptor, L50, F|
|poke|p2|Whimsicott, L50, F|
|poke|p2|Incineroar, L50, F|
|poke|p2|Sinistcha, L50|
|poke|p2|Arcanine-Hisui, L50, M|
|poke|p2|Zoroark-Hisui, L50, M|
|teampreview|4
|showteam|p1|Staraptor||Staraptite|Intimidate|Protect,Roost,CloseCombat,BraveBird|Jolly||F|||50|]Garchomp||LifeOrb|RoughSkin|Protect,RockSlide,Earthquake,DragonClaw|Jolly||M|||50|]Whimsicott||OccaBerry|Prankster|Moonblast,Tailwind,Charm,Encore|Timid||M|||50|]Delphox||Delphoxite|Magician|Protect,Psychic,HeatWave,Encore|Timid||M|||50|]Glimmora||FocusSash|ToxicDebris|SpikyShield,EarthPower,PowerGem,SludgeBomb|Timid||M|||50|]Kingambit||ChopleBerry|Defiant|Protect,IronHead,KowtowCleave,LowKick|Adamant||M|||50|
|showteam|p2|Staraptor||Staraptite|Intimidate|CloseCombat,DualWingbeat,Roost,Protect|Jolly||F|||50|]Whimsicott||OccaBerry|Prankster|Moonblast,Tailwind,Charm,LightScreen|Timid||F|||50|]Incineroar||SitrusBerry|Intimidate|PartingShot,FlareBlitz,ThroatChop,FakeOut|Careful||F|||50|]Sinistcha||ColburBerry|Hospitality|MatchaGotcha,RagePowder,TrickRoom,Protect|Relaxed|||||50|]Arcanine-Hisui||FocusSash|RockHead|FlareBlitz,HeadSmash,ExtremeSpeed,Protect|Jolly||M|||50|]Zoroark-Hisui||ChoiceScarf|Illusion|ShadowBall,IcyWind,Psychic,Flamethrower|Timid||M|||50|
|inactive|Battle timer is ON: inactive players will automatically lose when time's up. (requested by ToastedArt)
|inactive|SuperManMuscle has 60 seconds left.
|inactive|ToastedArt has 60 seconds left.
|inactive|SuperManMuscle has 30 seconds left.
|inactive|ToastedArt has 30 seconds left.
|inactive|ToastedArt has 20 seconds left.
|inactive|ToastedArt has 15 seconds left.
|inactive|ToastedArt has 10 seconds left.
|inactive|ToastedArt has 5 seconds left.
|
|t:|1785723523
|teamsize|p1|4
|teamsize|p2|4
|start
|switch|p1a: Whimsicott|Whimsicott, L50, M, shiny|100/100
|switch|p1b: Glimmora|Glimmora, L50, M, shiny|100/100
|switch|p2a: Staraptor|Staraptor, L50, F|100/100
|switch|p2b: Whimsicott|Whimsicott, L50, F|100/100
|-ability|p2a: Staraptor|Intimidate|boost
|-unboost|p1a: Whimsicott|atk|1
|-unboost|p1b: Glimmora|atk|1
|turn|1
|
|t:|1785723542
|detailschange|p2a: Staraptor|Staraptor-Mega, L50, F
|-mega|p2a: Staraptor|Staraptor|Staraptite
|move|p1a: Whimsicott|Tailwind|p1a: Whimsicott
|-sidestart|p1: SuperManMuscle|move: Tailwind
|move|p1b: Glimmora|Sludge Bomb|p2b: Whimsicott
|-resisted|p2b: Whimsicott|1
|-damage|p2b: Whimsicott|52/100
|replace|p2b: Zoroark|Zoroark-Hisui, L50, M
|-end|p2b: Zoroark|Illusion
|move|p2b: Zoroark|Icy Wind|p1b: Glimmora|[spread] p1a,p1b
|-supereffective|p1a: Whimsicott|1
|-damage|p1a: Whimsicott|53/100
|-damage|p1b: Glimmora|81/100
|-unboost|p1a: Whimsicott|spe|1
|-unboost|p1b: Glimmora|spe|1
|move|p2a: Staraptor|Close Combat|p1b: Glimmora
|-damage|p1b: Glimmora|6/100
|-boost|p2a: Staraptor|def|1
|-boost|p2a: Staraptor|spd|1
|-activate|p1b: Glimmora|ability: Toxic Debris
|-sidestart|p2: ToastedArt|move: Toxic Spikes
|
|upkeep
|turn|2
|inactive|SuperManMuscle has 30 seconds left.
|inactive|SuperManMuscle has 20 seconds left.
|inactive|SuperManMuscle has 15 seconds left.
|
|t:|1785723583
|move|p1b: Glimmora|Spiky Shield|p1b: Glimmora
|-singleturn|p1b: Glimmora|move: Protect
|move|p2b: Zoroark|Icy Wind|p1a: Whimsicott|[spread] p1a
|-activate|p1b: Glimmora|move: Protect
|-supereffective|p1a: Whimsicott|1
|-damage|p1a: Whimsicott|5/100
|-unboost|p1a: Whimsicott|spe|1
|move|p1a: Whimsicott|Moonblast|p2a: Staraptor
|-supereffective|p2a: Staraptor|1
|-damage|p2a: Staraptor|51/100
|-boost|p2a: Staraptor|spa|1
|move|p2a: Staraptor|Close Combat|p1a: Whimsicott
|-resisted|p1a: Whimsicott|1
|-damage|p1a: Whimsicott|0 fnt
|-boost|p2a: Staraptor|def|1
|-boost|p2a: Staraptor|spd|1
|faint|p1a: Whimsicott
|
|upkeep
|
|t:|1785723597
|switch|p1a: Delphox|Delphox, L50, M|100/100
|turn|3
|
|t:|1785723615
|detailschange|p1a: Delphox|Delphox-Mega, L50, M
|-mega|p1a: Delphox|Delphox|Delphoxite
|move|p1a: Delphox|Psychic|p2a: Staraptor
|-supereffective|p2a: Staraptor|1
|-damage|p2a: Staraptor|0 fnt
|faint|p2a: Staraptor
|move|p2b: Zoroark|Icy Wind|p1b: Glimmora|[spread] p1a,p1b
|-resisted|p1a: Delphox|1
|-damage|p1a: Delphox|94/100
|-damage|p1b: Glimmora|0 fnt
|-unboost|p1a: Delphox|spe|1
|faint|p1b: Glimmora
|
|upkeep
|
|t:|1785723625
|switch|p2a: Arcanine|Arcanine-Hisui, L50, M|100/100
|switch|p1b: Garchomp|Garchomp, L50, M, shiny|100/100
|-status|p2a: Arcanine|psn
|turn|4
|
|t:|1785723642
|move|p1a: Delphox|Protect|p1a: Delphox
|-singleturn|p1a: Delphox|Protect
|move|p1b: Garchomp|Earthquake|p2b: Zoroark|[spread] p2a,p2b
|-activate|p1a: Delphox|move: Protect
|-supereffective|p2a: Arcanine|2
|-enditem|p2a: Arcanine|Focus Sash
|-damage|p2a: Arcanine|1/100 psn
|-damage|p2b: Zoroark|0 fnt
|faint|p2b: Zoroark
|-damage|p1b: Garchomp|90/100|[from] item: Life Orb
|move|p2a: Arcanine|Head Smash|p1a: Delphox
|-activate|p1a: Delphox|move: Protect
|
|-damage|p2a: Arcanine|0 fnt|[from] psn
|faint|p2a: Arcanine
|-sideend|p1: SuperManMuscle|move: Tailwind
|upkeep
|
|t:|1785723653
|switch|p2b: Whimsicott|Whimsicott, L50, F|100/100
|-status|p2b: Whimsicott|psn
|turn|5
|
|t:|1785723662
|move|p2b: Whimsicott|Moonblast|p1b: Garchomp
|-supereffective|p1b: Garchomp|1
|-damage|p1b: Garchomp|34/100
|move|p1b: Garchomp|Rock Slide|p2b: Whimsicott
|-damage|p2b: Whimsicott|58/100 psn
|-damage|p1b: Garchomp|24/100|[from] item: Life Orb
|move|p1a: Delphox|Heat Wave|p2b: Whimsicott
|-supereffective|p2b: Whimsicott|1
|-enditem|p2b: Whimsicott|Occa Berry|[eat]
|-enditem|p2b: Whimsicott|Occa Berry|[weaken]
|-damage|p2b: Whimsicott|0 fnt
|faint|p2b: Whimsicott
|
|win|SuperManMuscle
