|j|☆RevenClop
|j|☆VenuDaAscoInRain
|html|RevenClopVenuDaAscoInRain    
|uhtml|bestof|Game 2 of a best-of-3
|t:|1783112300
|gametype|doubles
|player|p1|RevenClop|gentleman-gen4|1194
|player|p2|VenuDaAscoInRain|li|1134
|gen|9
|tier|[Gen 9 Champions] VGC 2026 Reg M-B (Bo3)
|rated|
|rule|Species Clause: Limit one of each Pokémon
|rule|Item Clause: Limit 1 of each item
|clearpoke
|poke|p1|Charizard, L50, M|
|poke|p1|Aerodactyl, L50, M|
|poke|p1|Kingambit, L50, M|
|poke|p1|Garchomp, L50, M|
|poke|p1|Sylveon, L50, F|
|poke|p1|Farigiraf, L50, F|
|poke|p2|Pelipper, L50, M, shiny|
|poke|p2|Swampert, L50, M|
|poke|p2|Archaludon, L50, M, shiny|
|poke|p2|Grimmsnarl, L50, M, shiny|
|poke|p2|Venusaur, L50, M, shiny|
|poke|p2|Sneasler, L50, M, shiny|
|teampreview|4
|showteam|p1|Charizard||CharizarditeY|Blaze|HeatWave,SolarBeam,WeatherBall,Protect|Modest||M|||50|]Aerodactyl||Aerodactylite|Unnerve|RockSlide,DualWingbeat,Tailwind,IceFang|Jolly||M|||50|]Kingambit||FocusSash|Defiant|KowtowCleave,IronHead,SuckerPunch,LowKick|Adamant||M|||50|]Garchomp||LifeOrb|RoughSkin|DragonClaw,Earthquake,StompingTantrum,Protect|Jolly||M|||50|]Sylveon||FairyFeather|Pixilate|Detect,HyperBeam,QuickAttack,HyperVoice|Modest||F|||50|]Farigiraf||SitrusBerry|ArmorTail|Thunderbolt,PsychicFangs,TrickRoom,SunnyDay|Relaxed||F|||50|
|showteam|p2|Pelipper||FocusSash|Drizzle|WeatherBall,Hurricane,Tailwind,Protect|Modest||M|||50|]Swampert||Swampertite|Torrent|WaveCrash,IcePunch,HighHorsepower,Protect|Adamant||M|||50|]Archaludon||Leftovers|Stamina|ElectroShot,FlashCannon,DragonPulse,Protect|Modest||M|||50|]Grimmsnarl||RoseliBerry|Prankster|SpiritBreak,PartingShot,Reflect,LightScreen|Careful||M|||50|]Venusaur||Venusaurite|Chlorophyll|SludgeBomb,GigaDrain,EarthPower,SleepPowder|Modest||M|||50|]Sneasler||WhiteHerb|Unburden|DireClaw,CloseCombat,FakeOut,RockTomb|Jolly||M|||50|
|inactive|Battle timer is ON: inactive players will automatically lose when time's up. (requested by VenuDaAscoInRain)
|
|t:|1783112328
|teamsize|p1|4
|teamsize|p2|4
|start
|switch|p1a: Farigiraf|Farigiraf, L50, F|100/100
|switch|p1b: Kingambit|Kingambit, L50, M|100/100
|switch|p2a: Swampert|Swampert, L50, M|100/100
|switch|p2b: Venusaur|Venusaur, L50, M, shiny|100/100
|turn|1
|inactive|RevenClop has 30 seconds left.
|
|t:|1783112358
|switch|p1b: Garchomp|Garchomp, L50, M|100/100
|detailschange|p2a: Swampert|Swampert-Mega, L50, M
|-mega|p2a: Swampert|Swampert|Swampertite
|move|p2a: Swampert|High Horsepower|p1b: Garchomp
|-damage|p1b: Garchomp|43/100
|-damage|p2a: Swampert|87/100|[from] ability: Rough Skin|[of] p1b: Garchomp
|move|p2b: Venusaur|Sleep Powder|p1a: Farigiraf
|-status|p1a: Farigiraf|slp|[from] move: Sleep Powder
|cant|p1a: Farigiraf|slp
|
|upkeep
|turn|2
|inactive|VenuDaAscoInRain has 30 seconds left.
|
|t:|1783112386
|move|p1b: Garchomp|Stomping Tantrum|p2a: Swampert
|-damage|p2a: Swampert|43/100
|-damage|p1b: Garchomp|34/100|[from] item: Life Orb
|move|p2a: Swampert|High Horsepower|p1b: Garchomp
|-damage|p1b: Garchomp|0 fnt
|-damage|p2a: Swampert|31/100|[from] ability: Rough Skin|[of] p1b: Garchomp
|faint|p1b: Garchomp
|move|p2b: Venusaur|Giga Drain|p1a: Farigiraf
|-damage|p1a: Farigiraf|68/100 slp
|cant|p1a: Farigiraf|slp
|
|upkeep
|
|t:|1783112391
|switch|p1b: Charizard|Charizard, L50, M|100/100
|turn|3
|
|t:|1783112401
|switch|p1b: Kingambit|Kingambit, L50, M|100/100
|switch|p2a: Archaludon|Archaludon, L50, M, shiny|100/100
|move|p2b: Venusaur|Sleep Powder|p1b: Kingambit
|-status|p1b: Kingambit|slp|[from] move: Sleep Powder
|-curestatus|p1a: Farigiraf|slp|[msg]
|move|p1a: Farigiraf|Trick Room|p1a: Farigiraf
|-fieldstart|move: Trick Room|[of] p1a: Farigiraf
|
|upkeep
|turn|4
|
|t:|1783112418
|switch|p1b: Charizard|Charizard, L50, M|100/100
|move|p1a: Farigiraf|Psychic Fangs|p2b: Venusaur
|-supereffective|p2b: Venusaur|1
|-damage|p2b: Venusaur|45/100
|move|p2a: Archaludon|Electro Shot||[still]
|-prepare|p2a: Archaludon|Electro Shot
|-boost|p2a: Archaludon|spa|1
|move|p2b: Venusaur|Sleep Powder|p1a: Farigiraf
|-status|p1a: Farigiraf|slp|[from] move: Sleep Powder
|
|upkeep
|turn|5
|
|t:|1783112434
|detailschange|p1b: Charizard|Charizard-Mega-Y, L50, M
|-mega|p1b: Charizard|Charizard|Charizardite Y
|-weather|SunnyDay|[from] ability: Drought|[of] p1b: Charizard
|cant|p1a: Farigiraf|slp
|move|p2a: Archaludon|Electro Shot|p1b: Charizard|[from] lockedmove
|-supereffective|p1b: Charizard|1
|-damage|p1b: Charizard|1/100
|move|p1b: Charizard|Heat Wave|p2b: Venusaur|[spread] p2a,p2b
|-supereffective|p2b: Venusaur|1
|-damage|p2a: Archaludon|43/100
|-damage|p2b: Venusaur|0 fnt
|-ability|p2a: Archaludon|Stamina|boost
|-boost|p2a: Archaludon|def|1
|faint|p2b: Venusaur
|
|-weather|SunnyDay|[upkeep]
|-heal|p2a: Archaludon|50/100y|[from] item: Leftovers
|upkeep
|
|t:|1783112441
|switch|p2b: Swampert|Swampert-Mega, L50, M|31/100
|turn|6
|
|t:|1783112454
|move|p1b: Charizard|Protect|p1b: Charizard
|-singleturn|p1b: Charizard|Protect
|-curestatus|p1a: Farigiraf|slp|[msg]
|move|p1a: Farigiraf|Psychic Fangs|p2b: Swampert
|-damage|p2b: Swampert|5/100
|move|p2a: Archaludon|Dragon Pulse|p1b: Charizard
|-activate|p1b: Charizard|move: Protect
|move|p2b: Swampert|High Horsepower|p1a: Farigiraf
|-damage|p1a: Farigiraf|19/100
|-enditem|p1a: Farigiraf|Sitrus Berry|[eat]
|-heal|p1a: Farigiraf|44/100|[from] item: Sitrus Berry
|
|-weather|SunnyDay|[upkeep]
|-heal|p2a: Archaludon|56/100|[from] item: Leftovers
|upkeep
|turn|7
|
|t:|1783112479
|move|p2b: Swampert|Protect|p2b: Swampert
|-singleturn|p2b: Swampert|Protect
|move|p1a: Farigiraf|Sunny Day||[still]
|-fail|p1a: Farigiraf
|move|p2a: Archaludon|Dragon Pulse|p1b: Charizard
|-damage|p1b: Charizard|0 fnt
|faint|p1b: Charizard
|
|-weather|SunnyDay|[upkeep]
|-heal|p2a: Archaludon|62/100|[from] item: Leftovers
|-fieldend|move: Trick Room
|upkeep
|
|t:|1783112485
|switch|p1b: Kingambit|Kingambit, L50, M|100/100 slp
|turn|8
|
|t:|1783112494
|move|p2b: Swampert|High Horsepower|p1b: Kingambit
|-supereffective|p1b: Kingambit|1
|-damage|p1b: Kingambit|1/100 slp
|move|p2a: Archaludon|Dragon Pulse|p1a: Farigiraf
|-damage|p1a: Farigiraf|0 fnt
|faint|p1a: Farigiraf
|cant|p1b: Kingambit|slp
|
|-weather|SunnyDay|[upkeep]
|-heal|p2a: Archaludon|68/100|[from] item: Leftovers
|upkeep
|turn|9
|
|t:|1783112501
|move|p2b: Swampert|Wave Crash|p1b: Kingambit
|-damage|p1b: Kingambit|0 fnt
|faint|p1b: Kingambit
|-damage|p2b: Swampert|4/100|[from] Recoil
|
|win|VenuDaAscoInRain
|raw|RevenClop's rating: 1194 → 1165(-29 for losing)
|raw|VenuDaAscoInRain's rating: 1134 → 1163(+29 for winning)
