|j|☆squawkinator
|j|☆israelkuro
|html|squawkinatorisraelkuro    
|uhtml|bestof|Game 2 of a best-of-3
|t:|1785720886
|gametype|doubles
|player|p1|squawkinator|caitlin|1160
|player|p2|israelkuro|102|1088
|gen|9
|tier|[Gen 9 Champions] VGC 2026 Reg M-B (Bo3)
|rated|
|rule|Species Clause: Limit one of each Pokémon
|rule|Item Clause: Limit 1 of each item
|clearpoke
|poke|p1|Hatterene, L50, F|
|poke|p1|Staraptor, L50, F|
|poke|p1|Incineroar, L50, F|
|poke|p1|Scolipede, L50, M|
|poke|p1|Pelipper, L50, F|
|poke|p1|Kingambit, L50, M|
|poke|p2|Kommo-o, L50, M|
|poke|p2|Gholdengo, L50|
|poke|p2|Sneasler, L50, F|
|poke|p2|Aerodactyl, L50, M|
|poke|p2|Froslass, L50, F|
|poke|p2|Sinistcha, L50|
|teampreview|4
|showteam|p1|Hatterene||FocusSash|MagicBounce|MagicPowder,TrickRoom,DazzlingGleam,Protect|Relaxed||F|||50|]Staraptor||ChoiceScarf|Reckless|FinalGambit,Uturn,BraveBird,CloseCombat|Jolly||F|||50|]Incineroar||SitrusBerry|Intimidate|FakeOut,PartingShot,FlareBlitz,DarkestLariat|Adamant||F|||50|]Scolipede||Scolipite|SpeedBoost|GunkShot,Protect,SwordsDance,LeechLife|Adamant||M|||50|]Pelipper||LifeOrb|Drizzle|Hurricane,WeatherBall,Tailwind,WideGuard|Serious||F|||50|]Kingambit||ChopleBerry|Defiant|SuckerPunch,KowtowCleave,IronHead,Protect|Adamant||M|||50|
|showteam|p2|Kommo-o||Leftovers|Soundproof|ClangingScales,ClangorousSoul,AuraSphere,Protect|Timid||M|||50|]Gholdengo||LifeOrb|GoodasGold|NastyPlot,MakeItRain,ShadowBall,Protect|Modest|||||50|]Sneasler||FocusSash|PoisonTouch|FakeOut,PoisonJab,CloseCombat,Protect|Jolly||F|||50|]Aerodactyl||Aerodactylite|Unnerve|RockSlide,Tailwind,DualWingbeat,Protect|Jolly||M|||50|]Froslass||Froslassite|CursedBody|Blizzard,ShadowBall,AuroraVeil,Protect|Timid||F|||50|]Sinistcha||KasibBerry|Hospitality|MatchaGotcha,RagePowder,LifeDew,Protect|Relaxed|||||50|
|inactive|Battle timer is ON: inactive players will automatically lose when time's up. (requested by israelkuro)
|
|t:|1785720915
|teamsize|p1|4
|teamsize|p2|4
|start
|switch|p1a: Hatterene|Hatterene, L50, F|100/100
|switch|p1b: Incineroar|Incineroar, L50, F|100/100
|switch|p2a: Froslass|Froslass, L50, F|100/100
|switch|p2b: Sneasler|Sneasler, L50, F|100/100
|-ability|p1b: Incineroar|Intimidate|boost
|-unboost|p2a: Froslass|atk|1
|-unboost|p2b: Sneasler|atk|1
|turn|1
|
|t:|1785720935
|detailschange|p2a: Froslass|Froslass-Mega, L50, F
|-mega|p2a: Froslass|Froslass|Froslassite
|-weather|Snowscape|[from] ability: Snow Warning|[of] p2a: Froslass
|move|p2b: Sneasler|Fake Out|p1b: Incineroar
|-damage|p1b: Incineroar|90/100
|-status|p1b: Incineroar|psn|[from] ability: Poison Touch|[of] p2b: Sneasler
|move|p2a: Froslass|Aurora Veil|p2a: Froslass
|-sidestart|p2: israelkuro|move: Aurora Veil
|cant|p1b: Incineroar|flinch
|move|p1a: Hatterene|Trick Room|p1a: Hatterene
|-fieldstart|move: Trick Room|[of] p1a: Hatterene
|
|-weather|Snowscape|[upkeep]
|-damage|p1b: Incineroar|77/100 psn|[from] psn
|upkeep
|turn|2
|inactive|squawkinator has 30 seconds left.
|
|t:|1785720962
|move|p2b: Sneasler|Protect|p2b: Sneasler
|-singleturn|p2b: Sneasler|Protect
|move|p1a: Hatterene|Dazzling Gleam|p2a: Froslass|[spread] p2a
|-activate|p2b: Sneasler|move: Protect
|-damage|p2a: Froslass|80/100
|move|p1b: Incineroar|Flare Blitz|p2a: Froslass
|-supereffective|p2a: Froslass|1
|-damage|p2a: Froslass|7/100
|-damage|p1b: Incineroar|57/100 psn|[from] Recoil
|move|p2a: Froslass|Blizzard|p1a: Hatterene|[spread] p1a,p1b
|-resisted|p1b: Incineroar|1
|-damage|p1a: Hatterene|64/100
|-damage|p1b: Incineroar|39/100 psn
|-enditem|p1b: Incineroar|Sitrus Berry|[eat]
|-heal|p1b: Incineroar|64/100 psn|[from] item: Sitrus Berry
|
|-weather|Snowscape|[upkeep]
|-damage|p1b: Incineroar|51/100 psn|[from] psn
|upkeep
|turn|3
|inactive|squawkinator has 30 seconds left.
|
|t:|1785720989
|switch|p2a: Gholdengo|Gholdengo, L50|100/100
|move|p1a: Hatterene|Dazzling Gleam|p2a: Gholdengo|[spread] p2a,p2b
|-resisted|p2a: Gholdengo|1
|-damage|p2a: Gholdengo|92/100
|-damage|p2b: Sneasler|76/100
|move|p1b: Incineroar|Flare Blitz|p2b: Sneasler
|-damage|p2b: Sneasler|6/100
|-damage|p1b: Incineroar|34/100 psn|[from] Recoil
|move|p2b: Sneasler|Poison Jab|p1a: Hatterene
|-supereffective|p1a: Hatterene|1
|-damage|p1a: Hatterene|13/100
|-status|p1a: Hatterene|psn|[from] ability: Poison Touch|[of] p2b: Sneasler
|
|-weather|Snowscape|[upkeep]
|-damage|p1a: Hatterene|1/100 psn|[from] psn
|-damage|p1b: Incineroar|21/100 psn|[from] psn
|upkeep
|turn|4
|
|t:|1785721010
|switch|p2b: Froslass|Froslass-Mega, L50, F|7/100
|move|p2a: Gholdengo|Protect|p2a: Gholdengo
|-singleturn|p2a: Gholdengo|Protect
|move|p1a: Hatterene|Dazzling Gleam|p2b: Froslass|[spread] p2b
|-activate|p2a: Gholdengo|move: Protect
|-damage|p2b: Froslass|0 fnt
|faint|p2b: Froslass
|move|p1b: Incineroar|Flare Blitz|p2a: Gholdengo
|-activate|p2a: Gholdengo|move: Protect
|
|-weather|Snowscape|[upkeep]
|-damage|p1a: Hatterene|0 fnt|[from] psn
|faint|p1a: Hatterene
|-damage|p1b: Incineroar|9/100 psn|[from] psn
|upkeep
|
|t:|1785721025
|switch|p1a: Kingambit|Kingambit, L50, M|100/100
|switch|p2b: Kommo-o|Kommo-o, L50, M|100/100
|turn|5
|
|t:|1785721040
|move|p1a: Kingambit|Iron Head|p2b: Kommo-o
|-damage|p2b: Kommo-o|67/100
|move|p1b: Incineroar|Flare Blitz|p2a: Gholdengo
|-supereffective|p2a: Gholdengo|1
|-damage|p2a: Gholdengo|24/100
|-damage|p1b: Incineroar|0 fnt|[from] Recoil
|faint|p1b: Incineroar
|move|p2a: Gholdengo|Nasty Plot|p2a: Gholdengo
|-boost|p2a: Gholdengo|spa|2
|move|p2b: Kommo-o|Clangorous Soul|p2b: Kommo-o
|-boost|p2b: Kommo-o|atk|1
|-boost|p2b: Kommo-o|def|1
|-boost|p2b: Kommo-o|spa|1
|-boost|p2b: Kommo-o|spd|1
|-boost|p2b: Kommo-o|spe|1
|-damage|p2b: Kommo-o|34/100
|
|-weather|none
|-heal|p2b: Kommo-o|40/100|[from] item: Leftovers
|-sideend|p2: israelkuro|move: Aurora Veil
|-fieldend|move: Trick Room
|upkeep
|
|t:|1785721056
|switch|p1b: Scolipede|Scolipede, L50, M|100/100
|turn|6
|inactive|squawkinator has 30 seconds left.
|
|t:|1785721087
|move|p2b: Kommo-o|Aura Sphere|p1a: Kingambit
|-supereffective|p1a: Kingambit|2
|-enditem|p1a: Kingambit|Chople Berry|[eat]
|-enditem|p1a: Kingambit|Chople Berry|[weaken]
|-damage|p1a: Kingambit|4/100
|move|p1b: Scolipede|Swords Dance|p1b: Scolipede
|-boost|p1b: Scolipede|atk|2
|move|p2a: Gholdengo|Shadow Ball|p1b: Scolipede
|-damage|p1b: Scolipede|0 fnt
|faint|p1b: Scolipede
|-damage|p2a: Gholdengo|14/100|[from] item: Life Orb
|move|p1a: Kingambit|Iron Head|p2b: Kommo-o
|-damage|p2b: Kommo-o|12/100
|
|-heal|p2b: Kommo-o|18/100|[from] item: Leftovers
|upkeep
|turn|7
|inactive|squawkinator has 30 seconds left.
|
|t:|1785721117
|move|p1a: Kingambit|Sucker Punch|p2b: Kommo-o
|-resisted|p2b: Kommo-o|1
|-damage|p2b: Kommo-o|4/100
|move|p2b: Kommo-o|Aura Sphere|p1a: Kingambit
|-supereffective|p1a: Kingambit|2
|-damage|p1a: Kingambit|0 fnt
|faint|p1a: Kingambit
|
|win|israelkuro
|raw|squawkinator's rating: 1160 → 1130(-30 for losing)
|raw|israelkuro's rating: 1088 → 1120(+32 for winning)
