|j|☆adriel8888
|j|☆16 letters mimimi
|html|adriel888816 letters mimimi    
|uhtml|bestof|Game 1 of a best-of-3
|t:|1783017049
|gametype|doubles
|player|p1|adriel8888|steven|
|player|p2|16 letters mimimi|rika|
|gen|9
|tier|[Gen 9 Champions] VGC 2026 Reg M-B (Bo3)
|rule|Species Clause: Limit one of each Pokémon
|rule|Item Clause: Limit 1 of each item
|clearpoke
|poke|p1|Venusaur, L50, F|
|poke|p1|Archaludon, L50, F|
|poke|p1|Aerodactyl, L50, F|
|poke|p1|Charizard, L50, F|
|poke|p1|Incineroar, L50, M|
|poke|p1|Metagross, L50|
|poke|p2|Gholdengo, L50|
|poke|p2|Primarina, L50, M|
|poke|p2|Scovillain, L50, M|
|poke|p2|Meowstic, L50, M|
|poke|p2|Scrafty, L50, F|
|poke|p2|Archaludon, L50, F|
|teampreview|4
|showteam|p1|Venusaur||LifeOrb|Chlorophyll|SleepPowder,EnergyBall,SludgeBomb,Protect|Modest||F|||50|]Archaludon||Leftovers|Stamina|DracoMeteor,ElectroShot,FlashCannon,Protect|Calm||F|||50|]Aerodactyl||FocusSash|RockHead|Tailwind,RockSlide,Protect,DualWingbeat|Jolly||F|||50|]Charizard||CharizarditeY|Blaze|HeatWave,WeatherBall,Protect,SolarBeam|Timid||F|||50|]Incineroar||SitrusBerry|Intimidate|FakeOut,DarkestLariat,FlareBlitz,CloseCombat|Adamant||M|||50|]Metagross||Metagrossite|ClearBody|IronHead,PsychicFangs,BulletPunch,Earthquake|Jolly|||||50|
|showteam|p2|Gholdengo||MetalCoat|GoodasGold|Protect,MakeItRain,ShadowBall,NastyPlot|Modest|||||50|]Primarina||SitrusBerry|LiquidVoice|Protect,Moonblast,HyperVoice,CalmMind|Bold||M|||50|]Scovillain||Scovillainite|Moody|Protect,Overheat,GigaDrain,RagePowder|Bold||M|||50|]Meowstic||LightClay|Prankster|Reflect,LightScreen,Yawn,RainDance|Bold||M|||50|]Scrafty||Scraftinite|Intimidate|CloseCombat,KnockOff,Taunt,FakeOut|Impish||F|||50|]Archaludon||Leftovers|Stamina|Protect,DragonPulse,ElectroShot,AuraSphere|Calm||F|||50|
|c|☆16 letters mimimi|hf
|inactive|Battle timer is ON: inactive players will automatically lose when time's up. (requested by 16 letters mimimi)
|inactive|adriel8888 has 60 seconds left.
|
|t:|1783017088
|teamsize|p1|4
|teamsize|p2|4
|start
|switch|p1a: FOXMER|Charizard, L50, F|100/100
|switch|p1b: ESTREO|Aerodactyl, L50, F|100/100
|switch|p2a: Archaludon|Archaludon, L50, F|100/100
|switch|p2b: Meowstic|Meowstic, L50, M|100/100
|turn|1
|
|t:|1783017100
|switch|p1a: ABRILE|Incineroar, L50, M|100/100
|-ability|p1a: ABRILE|Intimidate|boost
|-unboost|p2a: Archaludon|atk|1
|-unboost|p2b: Meowstic|atk|1
|move|p2b: Meowstic|Rain Dance|p2b: Meowstic
|-weather|RainDance
|move|p1b: ESTREO|Tailwind|p1b: ESTREO
|-sidestart|p1: adriel8888|move: Tailwind
|move|p2a: Archaludon|Electro Shot||[still]
|-prepare|p2a: Archaludon|Electro Shot
|-boost|p2a: Archaludon|spa|1
|-anim|p2a: Archaludon|Electro Shot|p1a: ABRILE
|-damage|p1a: ABRILE|50/100g
|
|-weather|RainDance|[upkeep]
|upkeep
|turn|2
|
|t:|1783017118
|move|p2b: Meowstic|Light Screen|p2b: Meowstic
|-sidestart|p2: 16 letters mimimi|move: Light Screen
|move|p1b: ESTREO|Rock Slide|p2b: Meowstic|[spread] p2a,p2b
|-resisted|p2a: Archaludon|1
|-damage|p2a: Archaludon|90/100
|-damage|p2b: Meowstic|75/100
|-ability|p2a: Archaludon|Stamina|boost
|-boost|p2a: Archaludon|def|1
|move|p1a: ABRILE|Darkest Lariat|p2b: Meowstic
|-supereffective|p2b: Meowstic|1
|-crit|p2b: Meowstic
|-damage|p2b: Meowstic|0 fnt
|faint|p2b: Meowstic
|cant|p2a: Archaludon|flinch
|
|-weather|RainDance|[upkeep]
|-heal|p2a: Archaludon|96/100|[from] item: Leftovers
|upkeep
|
|t:|1783017135
|switch|p2b: Primarina|Primarina, L50, M|100/100
|turn|3
|
|t:|1783017152
|switch|p1a: CORBUS|Archaludon, L50, F|100/100
|move|p1b: ESTREO|Rock Slide|p2b: Primarina|[spread] p2a,p2b
|-resisted|p2a: Archaludon|1
|-damage|p2a: Archaludon|90/100
|-damage|p2b: Primarina|75/100
|-ability|p2a: Archaludon|Stamina|boost
|-boost|p2a: Archaludon|def|1
|move|p2a: Archaludon|Electro Shot||[still]
|-prepare|p2a: Archaludon|Electro Shot
|-boost|p2a: Archaludon|spa|1
|-anim|p2a: Archaludon|Electro Shot|p1b: ESTREO
|-supereffective|p1b: ESTREO|1
|-enditem|p1b: ESTREO|Focus Sash
|-damage|p1b: ESTREO|1/100
|cant|p2b: Primarina|flinch
|
|-weather|RainDance|[upkeep]
|-heal|p2a: Archaludon|96/100|[from] item: Leftovers
|upkeep
|turn|4
|
|t:|1783017173
|move|p1b: ESTREO|Rock Slide|p2b: Primarina|[spread] p2a,p2b
|-resisted|p2a: Archaludon|1
|-damage|p2a: Archaludon|91/100
|-damage|p2b: Primarina|54/100
|-ability|p2a: Archaludon|Stamina|boost
|-boost|p2a: Archaludon|def|1
|move|p1a: CORBUS|Electro Shot||[still]
|-prepare|p1a: CORBUS|Electro Shot
|-boost|p1a: CORBUS|spa|1
|-anim|p1a: CORBUS|Electro Shot|p2b: Primarina
|-supereffective|p2b: Primarina|1
|-damage|p2b: Primarina|0 fnt
|faint|p2b: Primarina
|move|p2a: Archaludon|Aura Sphere|p1a: CORBUS
|-supereffective|p1a: CORBUS|1
|-damage|p1a: CORBUS|14/100
|-ability|p1a: CORBUS|Stamina|boost
|-boost|p1a: CORBUS|def|1
|
|-weather|RainDance|[upkeep]
|-heal|p1a: CORBUS|20/100y|[from] item: Leftovers
|-heal|p2a: Archaludon|97/100|[from] item: Leftovers
|-sideend|p1: adriel8888|move: Tailwind
|upkeep
|
|t:|1783017190
|switch|p2b: Scovillain|Scovillain, L50, M|100/100
|turn|5
|
|t:|1783017204
|move|p2b: Scovillain|Protect|p2b: Scovillain
|-singleturn|p2b: Scovillain|Protect
|move|p1b: ESTREO|Tailwind|p1b: ESTREO
|-sidestart|p1: adriel8888|move: Tailwind
|move|p1a: CORBUS|Draco Meteor|p2a: Archaludon
|-damage|p2a: Archaludon|49/100
|-unboost|p1a: CORBUS|spa|2
|-ability|p2a: Archaludon|Stamina|boost
|-boost|p2a: Archaludon|def|1
|move|p2a: Archaludon|Electro Shot||[still]
|-prepare|p2a: Archaludon|Electro Shot
|-boost|p2a: Archaludon|spa|1
|-anim|p2a: Archaludon|Electro Shot|p1b: ESTREO
|-supereffective|p1b: ESTREO|1
|-damage|p1b: ESTREO|0 fnt
|faint|p1b: ESTREO
|
|-weather|none
|-heal|p1a: CORBUS|26/100|[from] item: Leftovers
|-heal|p2a: Archaludon|55/100|[from] item: Leftovers
|-ability|p2b: Scovillain|Moody|boost
|-boost|p2b: Scovillain|spd|2
|-unboost|p2b: Scovillain|def|1
|upkeep
|
|t:|1783017219
|switch|p1b: FOXMER|Charizard, L50, F|100/100
|turn|6
|
|t:|1783017236
|detailschange|p2b: Scovillain|Scovillain-Mega, L50, M
|-mega|p2b: Scovillain|Scovillain|Scovillainite
|move|p1b: FOXMER|Protect|p1b: FOXMER
|-singleturn|p1b: FOXMER|Protect
|move|p1a: CORBUS|Protect|p1a: CORBUS
|-singleturn|p1a: CORBUS|Protect
|move|p2a: Archaludon|Protect|p2a: Archaludon
|-singleturn|p2a: Archaludon|Protect
|move|p2b: Scovillain|Overheat|p1a: CORBUS
|-activate|p1a: CORBUS|move: Protect
|
|-heal|p1a: CORBUS|32/100|[from] item: Leftovers
|-heal|p2a: Archaludon|61/100|[from] item: Leftovers
|upkeep
|turn|7
|
|t:|1783017254
|detailschange|p1b: FOXMER|Charizard-Mega-Y, L50, F
|-mega|p1b: FOXMER|Charizard|Charizardite Y
|-weather|SunnyDay|[from] ability: Drought|[of] p1b: FOXMER
|move|p2b: Scovillain|Rage Powder|p2b: Scovillain
|-singleturn|p2b: Scovillain|move: Rage Powder
|move|p1b: FOXMER|Heat Wave|p2a: Archaludon|[spread] p2a,p2b
|-damage|p2a: Archaludon|25/100
|-damage|p2b: Scovillain|72/100
|-ability|p2a: Archaludon|Stamina|boost
|-boost|p2a: Archaludon|def|1
|-immune|p1b: FOXMER
|move|p1a: CORBUS|Draco Meteor|p2b: Scovillain
|-damage|p2b: Scovillain|58/100
|-unboost|p1a: CORBUS|spa|2
|-status|p1a: CORBUS|brn|[from] ability: Spicy Spray|[of] p2b: Scovillain
|move|p2a: Archaludon|Dragon Pulse|p1b: FOXMER
|-damage|p1b: FOXMER|0 fnt
|faint|p1b: FOXMER
|
|-weather|SunnyDay|[upkeep]
|-heal|p1a: CORBUS|39/100 brn|[from] item: Leftovers
|-heal|p2a: Archaludon|31/100|[from] item: Leftovers
|-damage|p1a: CORBUS|32/100 brn|[from] brn
|upkeep
|
|t:|1783017270
|switch|p1b: ABRILE|Incineroar, L50, M|50/100g
|-ability|p1b: ABRILE|Intimidate|boost
|-unboost|p2a: Archaludon|atk|1
|-unboost|p2b: Scovillain|atk|1
|turn|8
|
|t:|1783017278
|move|p2a: Archaludon|Protect|p2a: Archaludon
|-singleturn|p2a: Archaludon|Protect
|move|p2b: Scovillain|Protect|p2b: Scovillain
|-singleturn|p2b: Scovillain|Protect
|move|p1a: CORBUS|Electro Shot||[still]
|-prepare|p1a: CORBUS|Electro Shot
|-boost|p1a: CORBUS|spa|1
|move|p1b: ABRILE|Flare Blitz|p2b: Scovillain
|-activate|p2b: Scovillain|move: Protect
|
|-weather|SunnyDay|[upkeep]
|-heal|p1a: CORBUS|39/100 brn|[from] item: Leftovers
|-heal|p2a: Archaludon|38/100|[from] item: Leftovers
|-damage|p1a: CORBUS|32/100 brn|[from] brn
|-sideend|p1: adriel8888|move: Tailwind
|upkeep
|turn|9
|
|t:|1783017295
|move|p2b: Scovillain|Rage Powder|p2b: Scovillain
|-singleturn|p2b: Scovillain|move: Rage Powder
|move|p2a: Archaludon|Aura Sphere|p1b: ABRILE
|-supereffective|p1b: ABRILE|1
|-damage|p1b: ABRILE|0 fnt
|faint|p1b: ABRILE
|move|p1a: CORBUS|Electro Shot|p2b: Scovillain|[from] lockedmove
|-resisted|p2b: Scovillain|1
|-damage|p2b: Scovillain|54/100
|
|-weather|SunnyDay|[upkeep]
|-heal|p2a: Archaludon|44/100|[from] item: Leftovers
|-heal|p1a: CORBUS|39/100 brn|[from] item: Leftovers
|-damage|p1a: CORBUS|32/100 brn|[from] brn
|-sideend|p2: 16 letters mimimi|move: Light Screen
|upkeep
|turn|10
|
|t:|1783017308
|move|p2b: Scovillain|Rage Powder|p2b: Scovillain
|-singleturn|p2b: Scovillain|move: Rage Powder
|move|p2a: Archaludon|Aura Sphere|p1a: CORBUS
|-supereffective|p1a: CORBUS|1
|-damage|p1a: CORBUS|0 fnt
|faint|p1a: CORBUS
|
|win|16 letters mimimi
||16 letters mimimi is ready for game 2.
