|j|☆DrChunkalicious
|j|☆mclashgaming
|html|DrChunkaliciousmclashgaming    
|uhtml|bestof|Game 1 of a best-of-3
|t:|1783313983
|gametype|doubles
|player|p1|DrChunkalicious|scientist-gen4|
|player|p2|mclashgaming|1|
|gen|9
|tier|[Gen 9 Champions] VGC 2026 Reg M-B (Bo3)
|rule|Species Clause: Limit one of each Pokémon
|rule|Item Clause: Limit 1 of each item
|clearpoke
|poke|p1|Raichu, L50, M, shiny|
|poke|p1|Sinistcha-Masterpiece, L50, shiny|
|poke|p1|Sneasler, L50, F, shiny|
|poke|p1|Primarina, L50, M, shiny|
|poke|p1|Gengar, L50, M, shiny|
|poke|p1|Ditto, L50, shiny|
|poke|p2|Garchomp, L50, M|
|poke|p2|Charizard, L50, F, shiny|
|poke|p2|Venusaur, L50, F|
|poke|p2|Whimsicott, L50, M|
|poke|p2|Incineroar, L50, M|
|poke|p2|Kingambit, L50, M, shiny|
|teampreview|4
|showteam|p1|Raichu||RaichuniteY|LightningRod|ZapCannon,FocusBlast,Surf,NastyPlot|Timid||M|||50|]Sinistcha-Masterpiece||Leftovers|Hospitality|RagePowder,MatchaGotcha,Hex,LifeDew|Bold|||||50|]Sneasler||WhiteHerb|Unburden|Acrobatics,CloseCombat,DireClaw,FakeOut|Adamant||F|||50|]Primarina||ShedShell|LiquidVoice|PerishSong,HyperVoice,Moonblast,IceBeam|Modest||M|||50|]Gengar||Gengarite|CursedBody|DestinyBond,DarkPulse,SludgeWave,ShadowBall|Timid||M|||50|]Ditto||ChoiceScarf|Imposter|Transform|Bold|||||50|
|showteam|p2|Garchomp||HabanBerry|RoughSkin|Earthquake,RockSlide,SwordsDance,Protect|Jolly||M|||50|]Charizard||CharizarditeY|SolarPower|HeatWave,Protect,SolarBeam,WeatherBall|Timid||F|||50|]Venusaur||Leftovers|Chlorophyll|EnergyBall,EarthPower,Protect,SludgeBomb|Modest||F|||50|]Whimsicott||FocusSash|Prankster|Moonblast,Tailwind,LeechSeed,Encore|Bold||M|||50|]Incineroar||SitrusBerry|Intimidate|FakeOut,Protect,PartingShot,FlareBlitz|Careful||M|||50|]Kingambit||ChopleBerry|Defiant|SuckerPunch,IronHead,KowtowCleave,Protect|Adamant||M|||50|
|c|☆DrChunkalicious|glhf
|c|☆mclashgaming|glhf
|
|t:|1783314083
|teamsize|p1|4
|teamsize|p2|4
|start
|switch|p1a: Pavarotti|Primarina, L50, M, shiny|100/100
|switch|p1b: Salon|Sneasler, L50, F, shiny|100/100
|switch|p2a: a cat|Incineroar, L50, M|100/100
|switch|p2b: a shark|Garchomp, L50, M|100/100
|-ability|p2a: a cat|Intimidate|boost
|-unboost|p1a: Pavarotti|atk|1
|-unboost|p1b: Salon|atk|1
|-enditem|p1b: Salon|White Herb
|-clearnegativeboost|p1b: Salon|[silent]
|turn|1
|
|t:|1783314138
|move|p1b: Salon|Fake Out|p2b: a shark
|-damage|p2b: a shark|85/100
|-damage|p1b: Salon|87/100|[from] ability: Rough Skin|[of] p2b: a shark
|move|p2a: a cat|Fake Out|p1a: Pavarotti
|-damage|p1a: Pavarotti|87/100
|cant|p2b: a shark|flinch
|cant|p1a: Pavarotti|flinch
|
|upkeep
|turn|2
|
|t:|1783314156
|move|p2a: a cat|Protect|p2a: a cat
|-singleturn|p2a: a cat|Protect
|move|p1b: Salon|Close Combat|p2a: a cat
|-activate|p2a: a cat|move: Protect
|move|p2b: a shark|Earthquake|p1a: Pavarotti|[spread] p1a,p1b
|-activate|p2a: a cat|move: Protect
|-supereffective|p1b: Salon|1
|-damage|p1a: Pavarotti|42/100
|-damage|p1b: Salon|0 fnt
|faint|p1b: Salon
|move|p1a: Pavarotti|Ice Beam|p2b: a shark
|-supereffective|p2b: a shark|2
|-damage|p2b: a shark|0 fnt
|faint|p2b: a shark
|
|upkeep
|
|t:|1783314175
|switch|p1b: #bestshiny|Gengar, L50, M, shiny|100/100
|switch|p2b: full of whimsy|Whimsicott, L50, M|100/100
|turn|3
|
|t:|1783314237
|detailschange|p1b: #bestshiny|Gengar-Mega, L50, M, shiny
|-mega|p1b: #bestshiny|Gengar|Gengarite
|move|p2b: full of whimsy|Tailwind|p2b: full of whimsy
|-sidestart|p2: mclashgaming|move: Tailwind
|move|p1b: #bestshiny|Sludge Wave|p2b: full of whimsy|[spread] p1a,p2a,p2b
|-supereffective|p1a: Pavarotti|1
|-crit|p2a: a cat
|-supereffective|p2b: full of whimsy|2
|-crit|p2b: full of whimsy
|-damage|p1a: Pavarotti|0 fnt
|-damage|p2a: a cat|50/100g
|-enditem|p2b: full of whimsy|Focus Sash
|-damage|p2b: full of whimsy|1/100
|faint|p1a: Pavarotti
|move|p2a: a cat|Parting Shot|p1b: #bestshiny
|-unboost|p1b: #bestshiny|atk|1
|-unboost|p1b: #bestshiny|spa|1
|
|t:|1783314253
|switch|p2a: a dragon|Charizard, L50, F, shiny|100/100|[from] Parting Shot
|
|upkeep
|
|t:|1783314256
|switch|p1a: Antique|Sinistcha-Masterpiece, L50, shiny|100/100
|turn|4
|
|t:|1783314287
|detailschange|p2a: a dragon|Charizard-Mega-Y, L50, F, shiny
|-mega|p2a: a dragon|Charizard|Charizardite Y
|-weather|SunnyDay|[from] ability: Drought|[of] p2a: a dragon
|move|p2a: a dragon|Protect|p2a: a dragon
|-singleturn|p2a: a dragon|Protect
|move|p1a: Antique|Rage Powder|p1a: Antique
|-singleturn|p1a: Antique|move: Rage Powder
|move|p2b: full of whimsy|Encore|p1b: #bestshiny
|-start|p1b: #bestshiny|Encore
|move|p1b: #bestshiny|Sludge Wave|p2b: full of whimsy|[spread] p1a,p2b
|-activate|p2a: a dragon|move: Protect
|-supereffective|p2b: full of whimsy|2
|-crit|p2b: full of whimsy
|-damage|p1a: Antique|61/100
|-damage|p2b: full of whimsy|0 fnt
|faint|p2b: full of whimsy
|
|-weather|SunnyDay|[upkeep]
|-heal|p1a: Antique|67/100|[from] item: Leftovers
|upkeep
|
|t:|1783314302
|switch|p2b: a cat|Incineroar, L50, M|50/100g
|-ability|p2b: a cat|Intimidate|boost
|-unboost|p1a: Antique|atk|1
|-unboost|p1b: #bestshiny|atk|1
|turn|5
|c|☆DrChunkalicious|gg
|c|☆mclashgaming|gg
|
|t:|1783314328
|move|p2a: a dragon|Weather Ball|p1b: #bestshiny
|-damage|p1b: #bestshiny|0 fnt
|faint|p1b: #bestshiny
|move|p2b: a cat|Flare Blitz|p1a: Antique
|-supereffective|p1a: Antique|1
|-damage|p1a: Antique|0 fnt
|faint|p1a: Antique
|-damage|p2b: a cat|30/100|[from] Recoil
|-enditem|p2b: a cat|Sitrus Berry|[eat]
|-heal|p2b: a cat|55/100|[from] item: Sitrus Berry
|
|win|mclashgaming
||DrChunkalicious is ready for game 2.
|inactive|mclashgaming has 30 seconds to confirm battle start!
||mclashgaming is ready for game 2.
|uhtml|next|Next: Game 2 of 3
