|j|☆pokeopposition
|j|☆acmilanvgc
|html|pokeoppositionacmilanvgc    
|uhtml|bestof|Game 1 of a best-of-3
|t:|1782353472
|gametype|doubles
|player|p1|pokeopposition|silver|1000
|player|p2|acmilanvgc|misty|1000
|gen|9
|tier|[Gen 9 Champions] VGC 2026 Reg M-B (Bo3)
|rated|
|rule|Species Clause: Limit one of each Pokémon
|rule|Item Clause: Limit 1 of each item
|clearpoke
|poke|p1|Aerodactyl, L50, F, shiny|
|poke|p1|Charizard, L50, M, shiny|
|poke|p1|Zoroark-Hisui, L50, F|
|poke|p1|Garchomp, L50, F, shiny|
|poke|p1|Kingambit, L50, M, shiny|
|poke|p1|Meowscarada, L50, F, shiny|
|poke|p2|Sceptile, L50, F, shiny|
|poke|p2|Rotom-Heat, L50|
|poke|p2|Tyranitar, L50, F|
|poke|p2|Excadrill, L50, M|
|poke|p2|Sinistcha, L50|
|poke|p2|Primarina, L50, F|
|teampreview|4
|showteam|p1|Aerodactyl||Aerodactylite|Unnerve|DualWingbeat,RockSlide,Tailwind,WideGuard|Jolly||F|||50|]Charizard||CharizarditeY|Blaze|HeatWave,WeatherBall,Hurricane,Protect|Timid||M|||50|]Zoroark-Hisui||FocusSash|Illusion|HyperVoice,BitterMalice,Taunt,Protect|Timid||F|||50|]Garchomp||LifeOrb|RoughSkin|DragonClaw,RockSlide,Earthquake,Protect|Jolly||F|||50|]Kingambit||ChopleBerry|Defiant|SuckerPunch,KowtowCleave,LowKick,Protect|Adamant||M|||50|]Meowscarada||ChoiceScarf|Protean|FlowerTrick,KnockOff,PlayRough,Uturn|Jolly||F|||50|
|showteam|p2|Sceptile||Sceptilite|Overgrow|LeafStorm,DragonPulse,EarthPower,Protect|Timid||F|||50|]Rotom-Heat||ChoiceScarf|Levitate|Discharge,Electroweb,Overheat,Trick|Timid|||||50|]Tyranitar||Tyranitarite|SandStream|RockSlide,Assurance,LowKick,Protect|Adamant||F|||50|]Excadrill||FocusSash|SandRush|RockSlide,IronHead,Earthquake,Protect|Adamant||M|||50|]Sinistcha||Leftovers|Hospitality|RagePowder,MatchaGotcha,Protect,TrickRoom|Calm|||||50|]Primarina||LifeOrb|LiquidVoice|HyperVoice,Moonblast,CalmMind,Protect|Modest||F|||50|
|inactive|Battle timer is ON: inactive players will automatically lose when time's up. (requested by acmilanvgc)
|inactive|pokeopposition has 60 seconds left.
|inactive|acmilanvgc has 60 seconds left.
|
|t:|1782353522
|teamsize|p1|4
|teamsize|p2|4
|start
|switch|p1a: Aerodactyl|Aerodactyl, L50, F, shiny|100/100
|switch|p1b: Garchomp|Garchomp, L50, F, shiny|100/100
|switch|p2a: Primarina|Primarina, L50, F|100/100
|switch|p2b: Sinistcha|Sinistcha, L50|100/100
|-ability|p1a: Aerodactyl|Unnerve
|turn|1
|
|t:|1782353544
|move|p1a: Aerodactyl|Dual Wingbeat|p2b: Sinistcha
|-supereffective|p2b: Sinistcha|1
|-damage|p2b: Sinistcha|68/100
|-supereffective|p2b: Sinistcha|1
|-damage|p2b: Sinistcha|38/100
|-hitcount|p2b: Sinistcha|2
|move|p1b: Garchomp|Rock Slide|p2b: Sinistcha|[spread] p2a,p2b
|-damage|p2a: Primarina|70/100
|-damage|p2b: Sinistcha|14/100
|-damage|p1b: Garchomp|90/100|[from] item: Life Orb
|cant|p2a: Primarina|flinch
|cant|p2b: Sinistcha|flinch
|
|-heal|p2b: Sinistcha|20/100y|[from] item: Leftovers
|upkeep
|turn|2
|inactive|pokeopposition has 30 seconds left.
|
|t:|1782353574
|switch|p2b: Tyranitar|Tyranitar, L50, F|100/100
|-weather|Sandstorm|[from] ability: Sand Stream|[of] p2b: Tyranitar
|move|p1a: Aerodactyl|Dual Wingbeat|p2a: Primarina
|-damage|p2a: Primarina|50/100g
|-damage|p2a: Primarina|31/100
|-hitcount|p2a: Primarina|2
|move|p1b: Garchomp|Rock Slide|p2a: Primarina|[spread] p2a
|-miss|p1b: Garchomp|p2b: Tyranitar
|-damage|p2a: Primarina|3/100
|-damage|p1b: Garchomp|80/100|[from] item: Life Orb
|move|p2a: Primarina|Moonblast|p1b: Garchomp
|-supereffective|p1b: Garchomp|1
|-damage|p1b: Garchomp|0 fnt
|faint|p1b: Garchomp
|-damage|p2a: Primarina|0 fnt|[from] item: Life Orb
|faint|p2a: Primarina
|
|-weather|Sandstorm|[upkeep]
|upkeep
|
|t:|1782353592
|switch|p1b: Charizard|Charizard, L50, M, shiny|100/100
|switch|p2a: Sceptile|Sceptile, L50, F, shiny|100/100
|turn|3
|
|t:|1782353613
|detailschange|p2a: Sceptile|Sceptile-Mega, L50, F, shiny
|-mega|p2a: Sceptile|Sceptile|Sceptilite
|detailschange|p1b: Charizard|Charizard-Mega-Y, L50, M, shiny
|-mega|p1b: Charizard|Charizard|Charizardite Y
|-weather|SunnyDay|[from] ability: Drought|[of] p1b: Charizard
|move|p2a: Sceptile|Dragon Pulse|p1a: Aerodactyl
|-damage|p1a: Aerodactyl|26/100
|move|p1a: Aerodactyl|Tailwind|p1a: Aerodactyl
|-sidestart|p1: pokeopposition|move: Tailwind
|move|p1b: Charizard|Heat Wave|p2a: Sceptile|[spread] p2a,p2b
|-resisted|p2b: Tyranitar|1
|-damage|p2a: Sceptile|13/100
|-damage|p2b: Tyranitar|72/100
|move|p2b: Tyranitar|Rock Slide|p1a: Aerodactyl|[spread] p1a,p1b
|-supereffective|p1a: Aerodactyl|1
|-supereffective|p1b: Charizard|2
|-damage|p1a: Aerodactyl|0 fnt
|-damage|p1b: Charizard|0 fnt
|faint|p1a: Aerodactyl
|faint|p1b: Charizard
|
|-weather|SunnyDay|[upkeep]
|upkeep
|
|t:|1782353627
|switch|p1b: Meowscarada|Meowscarada, L50, F, shiny|100/100
|turn|4
|
|t:|1782353651
|move|p2a: Sceptile|Protect|p2a: Sceptile
|-singleturn|p2a: Sceptile|Protect
|move|p2b: Tyranitar|Protect|p2b: Tyranitar
|-singleturn|p2b: Tyranitar|Protect
|move|p1b: Meowscarada|Play Rough|p2b: Tyranitar
|-start|p1b: Meowscarada|typechange|Fairy|[from] ability: Protean
|-activate|p2b: Tyranitar|move: Protect
|
|-weather|SunnyDay|[upkeep]
|upkeep
|turn|5
|inactive|acmilanvgc has 30 seconds left.
|
|t:|1782353677
|switch|p2b: Sinistcha|Sinistcha, L50|20/100y
|-heal|p2a: Sceptile|38/100|[from] ability: Hospitality|[of] p2b: Sinistcha
|move|p1b: Meowscarada|Play Rough|p2a: Sceptile
|-supereffective|p2a: Sceptile|1
|-damage|p2a: Sceptile|0 fnt
|faint|p2a: Sceptile
|
|-weather|SunnyDay|[upkeep]
|-heal|p2b: Sinistcha|26/100|[from] item: Leftovers
|upkeep
|
|t:|1782353683
|switch|p2a: Tyranitar|Tyranitar, L50, F|72/100
|-weather|Sandstorm|[from] ability: Sand Stream|[of] p2a: Tyranitar
|turn|6
|
|t:|1782353700
|move|p2b: Sinistcha|Rage Powder|p2b: Sinistcha
|-singleturn|p2b: Sinistcha|move: Rage Powder
|move|p1b: Meowscarada|Play Rough|p2b: Sinistcha
|-damage|p2b: Sinistcha|0 fnt
|faint|p2b: Sinistcha
|move|p2a: Tyranitar|Rock Slide|p1b: Meowscarada
|-crit|p1b: Meowscarada
|-damage|p1b: Meowscarada|0 fnt
|faint|p1b: Meowscarada
|
|win|acmilanvgc
||pokeopposition is ready for game 2.
|inactive|acmilanvgc has 30 seconds to confirm battle start!
||acmilanvgc is ready for game 2.
|uhtml|next|Next: Game 2 of 3
|l|☆pokeopposition
|player|p1|
