|j|☆BoloinaBox
|j|☆colemarcusvgc
|html|BoloinaBoxcolemarcusvgc    
|uhtml|bestof|Game 2 of a best-of-3
|t:|1756528853
|gametype|doubles
|player|p1|BoloinaBox|2|1064
|player|p2|colemarcusvgc|n|1000
|gen|9
|tier|[Gen 9] VGC 2025 Reg H (Bo3)
|rated|
|rule|Species Clause: Limit one of each Pokémon
|rule|Item Clause: Limit 1 of each item
|clearpoke
|poke|p1|Ceruledge, L50, M|
|poke|p1|Rillaboom, L50, M|
|poke|p1|Whimsicott, L50, M|
|poke|p1|Sneasler, L50, F|
|poke|p1|Ninetales-Alola, L50, F|
|poke|p1|Samurott-Hisui, L50, F|
|poke|p2|Indeedee-F, L50, F|
|poke|p2|Hatterene, L50, F|
|poke|p2|Ursaluna, L50, F|
|poke|p2|Amoonguss, L50, F|
|poke|p2|Porygon2, L50|
|poke|p2|Tyranitar, L50, M|
|teampreview|4
|showteam|p1|Ceruledge||ClearAmulet|FlashFire|BitterBlade,Poltergeist,BulkUp,Protect|||M|||50|,,,,,Bug]Rillaboom||MiracleSeed|GrassySurge|GrassyGlide,DrumBeating,Taunt,FakeOut|||M|||50|,,,,,Fire]Whimsicott||FocusSash|Prankster|Moonblast,WorrySeed,Tailwind,Protect|||M|||50|,,,,,Ghost]Sneasler||GrassySeed|Unburden|CloseCombat,DireClaw,Coaching,Protect|||F|||50|,,,,,Stellar]Ninetales-Alola||CovertCloak|SnowWarning|FreezeDry,Moonblast,Howl,AuroraVeil|||F|||50|,,,,,Water]Samurott-Hisui||ChoiceBand|Sharpness|CeaselessEdge,SacredSword,XScissor,FlipTurn|||F|||50|,,,,,Dark
|showteam|p2|Indeedee-F||RockyHelmet|PsychicSurge|FollowMe,HelpingHand,TrickRoom,DazzlingGleam|||F|||50|,,,,,Steel]Hatterene||LifeOrb|MagicBounce|TrickRoom,ExpandingForce,MysticalFire,DazzlingGleam|||F|||50|,,,,,Ghost]Ursaluna||FlameOrb|Guts|Facade,HeadlongRush,Earthquake,Protect|||F|||50|,,,,,Ghost]Amoonguss||SitrusBerry|Regenerator|Spore,RagePowder,PollenPuff,SludgeBomb|||F|||50|,,,,,Water]Porygon2||Eviolite|Download|IceBeam,TeraBlast,Recover,TrickRoom||||||50|,,,,,Grass]Tyranitar||SafetyGoggles|SandStream|RockSlide,Crunch,LowKick,IcePunch|||M|||50|,,,,,Fairy
|inactive|Battle timer is ON: inactive players will automatically lose when time's up. (requested by BoloinaBox)
|
|t:|1756528878
|teamsize|p1|4
|teamsize|p2|4
|start
|switch|p1a: Ninetales|Ninetales-Alola, L50, F|100/100
|switch|p1b: Ceruledge|Ceruledge, L50, M|100/100
|switch|p2a: Amoonguss|Amoonguss, L50, F|100/100
|switch|p2b: Porygon2|Porygon2, L50|100/100
|-weather|Snowscape|[from] ability: Snow Warning|[of] p1a: Ninetales
|-ability|p2b: Porygon2|Download|boost
|-boost|p2b: Porygon2|atk|1
|turn|1
|inactive|BoloinaBox has 30 seconds left.
|inactive|BoloinaBox has 20 seconds left.
|inactive|BoloinaBox has 15 seconds left.
|inactive|BoloinaBox has 10 seconds left.
|
|t:|1756528925
|move|p1b: Ceruledge|Protect|p1b: Ceruledge
|-singleturn|p1b: Ceruledge|Protect
|move|p2a: Amoonguss|Rage Powder|p2a: Amoonguss
|-singleturn|p2a: Amoonguss|move: Rage Powder
|move|p1a: Ninetales|Aurora Veil|p1a: Ninetales
|-sidestart|p1: BoloinaBox|move: Aurora Veil
|move|p2b: Porygon2|Trick Room|p2b: Porygon2
|-fieldstart|move: Trick Room|[of] p2b: Porygon2
|
|-weather|Snowscape|[upkeep]
|upkeep
|turn|2
|
|t:|1756528938
|switch|p2b: Ursaluna|Ursaluna, L50, F|100/100
|move|p2a: Amoonguss|Spore|p1b: Ceruledge
|-status|p1b: Ceruledge|slp|[from] move: Spore
|cant|p1b: Ceruledge|slp
|move|p1a: Ninetales|Howl|p1a: Ninetales|[spread] p1a,p1b
|-boost|p1a: Ninetales|atk|1
|-boost|p1b: Ceruledge|atk|1
|
|-weather|Snowscape|[upkeep]
|-status|p2b: Ursaluna|brn|[from] item: Flame Orb
|upkeep
|turn|3
|inactive|BoloinaBox has 30 seconds left.
|
|t:|1756528972
|switch|p2a: Indeedee|Indeedee-F, L50, F|100/100
|-fieldstart|move: Psychic Terrain|[from] ability: Psychic Surge|[of] p2a: Indeedee
|switch|p1b: Whimsicott|Whimsicott, L50, M|100/100
|move|p2b: Ursaluna|Facade|p1b: Whimsicott
|-damage|p1b: Whimsicott|17/100
|move|p1a: Ninetales|Freeze-Dry|p2b: Ursaluna
|-supereffective|p2b: Ursaluna
|-damage|p2b: Ursaluna|67/100 brn
|
|-weather|Snowscape|[upkeep]
|-damage|p2b: Ursaluna|61/100 brn|[from] brn
|upkeep
|turn|4
|inactive|BoloinaBox has 30 seconds left.
|inactive|BoloinaBox has 20 seconds left.
|inactive|BoloinaBox has 15 seconds left.
|
|t:|1756529013
|-terastallize|p2b: Ursaluna|Ghost
|move|p1b: Whimsicott|Protect|p1b: Whimsicott
|-singleturn|p1b: Whimsicott|Protect
|move|p2b: Ursaluna|Facade|p1a: Ninetales
|-damage|p1a: Ninetales|35/100
|move|p2a: Indeedee|Dazzling Gleam|p1a: Ninetales|[spread] p1a
|-activate|p1b: Whimsicott|move: Protect
|-damage|p1a: Ninetales|26/100
|move|p1a: Ninetales|Freeze-Dry|p2b: Ursaluna
|-damage|p2b: Ursaluna|42/100 brn
|
|-weather|Snowscape|[upkeep]
|-damage|p2b: Ursaluna|36/100 brn|[from] brn
|upkeep
|turn|5
|inactive|BoloinaBox has 30 seconds left.
|inactive|BoloinaBox has 20 seconds left.
|inactive|BoloinaBox has 15 seconds left.
|inactive|BoloinaBox has 10 seconds left.
|inactive|BoloinaBox has 5 seconds left.
|
|t:|1756529066
|switch|p1a: Ceruledge|Ceruledge, L50, M|100/100 slp
|move|p2a: Indeedee|Helping Hand|p2b: Ursaluna
|-singleturn|p2b: Ursaluna|Helping Hand|[of] p2a: Indeedee
|move|p1b: Whimsicott|Tailwind|p1b: Whimsicott
|-sidestart|p1: BoloinaBox|move: Tailwind
|move|p2b: Ursaluna|Earthquake|p1b: Whimsicott|[spread] p2a,p1a,p1b
|-supereffective|p1a: Ceruledge
|-resisted|p1b: Whimsicott
|-damage|p2a: Indeedee|0 fnt
|-damage|p1a: Ceruledge|0 fnt
|-damage|p1b: Whimsicott|0 fnt
|faint|p2a: Indeedee
|faint|p1a: Ceruledge
|faint|p1b: Whimsicott
|
|-weather|none
|-damage|p2b: Ursaluna|31/100 brn|[from] brn
|-sideend|p1: BoloinaBox|move: Aurora Veil
|-fieldend|move: Trick Room
|upkeep
|
|t:|1756529083
|switch|p1b: Rillaboom|Rillaboom, L50, M|100/100
|switch|p1a: Ninetales|Ninetales-Alola, L50, F|26/100
|switch|p2a: Amoonguss|Amoonguss, L50, F|100/100
|-weather|Snowscape|[from] ability: Snow Warning|[of] p1a: Ninetales
|-fieldstart|move: Grassy Terrain|[from] ability: Grassy Surge|[of] p1b: Rillaboom
|turn|6
|
|t:|1756529105
|switch|p2b: Porygon2|Porygon2, L50|100/100
|-ability|p2b: Porygon2|Download|boost
|-boost|p2b: Porygon2|atk|1
|move|p1a: Ninetales|Howl|p1a: Ninetales|[spread] p1a,p1b
|-boost|p1a: Ninetales|atk|1
|-boost|p1b: Rillaboom|atk|1
|move|p1b: Rillaboom|Drum Beating|p2b: Porygon2
|-damage|p2b: Porygon2|47/100
|-unboost|p2b: Porygon2|spe|1
|move|p2a: Amoonguss|Spore|p1a: Ninetales
|-status|p1a: Ninetales|slp|[from] move: Spore
|
|-weather|Snowscape|[upkeep]
|-heal|p1a: Ninetales|32/100 slp|[from] Grassy Terrain
|-heal|p2b: Porygon2|52/100|[from] Grassy Terrain
|upkeep
|turn|7
|inactive|BoloinaBox has 30 seconds left.
|
|t:|1756529136
|switch|p2b: Ursaluna|Ursaluna, L50, F, tera:Ghost|31/100 brn
|cant|p1a: Ninetales|slp
|move|p1b: Rillaboom|Drum Beating|p2b: Ursaluna
|-damage|p2b: Ursaluna|0 fnt
|faint|p2b: Ursaluna
|move|p2a: Amoonguss|Pollen Puff|p2: Ursaluna|[notarget]
|-fail|p2a: Amoonguss
|
|-weather|Snowscape|[upkeep]
|-heal|p1a: Ninetales|38/100 slp|[from] Grassy Terrain
|upkeep
|
|t:|1756529146
|switch|p2b: Porygon2|Porygon2, L50|52/100
|-ability|p2b: Porygon2|Download|boost
|-boost|p2b: Porygon2|atk|1
|turn|8
|
|t:|1756529161
|move|p2a: Amoonguss|Rage Powder|p2a: Amoonguss
|-singleturn|p2a: Amoonguss|move: Rage Powder
|cant|p1a: Ninetales|slp
|move|p1b: Rillaboom|Drum Beating|p2b: Porygon2
|-damage|p2b: Porygon2|0 fnt
|faint|p2b: Porygon2
|
|-weather|Snowscape|[upkeep]
|-heal|p1a: Ninetales|45/100 slp|[from] Grassy Terrain
|-sideend|p1: BoloinaBox|move: Tailwind
|upkeep
|turn|9
|
|t:|1756529179
|-curestatus|p1a: Ninetales|slp|[msg]
|move|p1a: Ninetales|Howl|p1a: Ninetales|[spread] p1a,p1b
|-boost|p1a: Ninetales|atk|1
|-boost|p1b: Rillaboom|atk|1
|move|p1b: Rillaboom|Taunt|p2a: Amoonguss
|-start|p2a: Amoonguss|move: Taunt
|move|p2a: Amoonguss|Sludge Bomb|p1b: Rillaboom
|-supereffective|p1b: Rillaboom
|-damage|p1b: Rillaboom|40/100
|
|-weather|Snowscape|[upkeep]
|-heal|p1a: Ninetales|51/100|[from] Grassy Terrain
|-heal|p1b: Rillaboom|46/100|[from] Grassy Terrain
|upkeep
|turn|10
|
|t:|1756529198
|-terastallize|p1b: Rillaboom|Fire
|move|p1a: Ninetales|Freeze-Dry|p2a: Amoonguss
|-supereffective|p2a: Amoonguss
|-damage|p2a: Amoonguss|64/100
|move|p1b: Rillaboom|Drum Beating|p2a: Amoonguss
|-resisted|p2a: Amoonguss
|-damage|p2a: Amoonguss|34/100
|-unboost|p2a: Amoonguss|spe|1
|-enditem|p2a: Amoonguss|Sitrus Berry|[eat]
|-heal|p2a: Amoonguss|59/100|[from] item: Sitrus Berry
|move|p2a: Amoonguss|Sludge Bomb|p1b: Rillaboom
|-damage|p1b: Rillaboom|16/100
|
|-weather|none
|-heal|p1a: Ninetales|57/100|[from] Grassy Terrain
|-heal|p1b: Rillaboom|22/100|[from] Grassy Terrain
|-heal|p2a: Amoonguss|65/100|[from] Grassy Terrain
|-fieldend|move: Grassy Terrain
|upkeep
|turn|11
|
|t:|1756529219
|move|p1a: Ninetales|Freeze-Dry|p2a: Amoonguss
|-supereffective|p2a: Amoonguss
|-damage|p2a: Amoonguss|31/100
|move|p1b: Rillaboom|Drum Beating|p2a: Amoonguss
|-resisted|p2a: Amoonguss
|-damage|p2a: Amoonguss|11/100
|-unboost|p2a: Amoonguss|spe|1
|move|p2a: Amoonguss|Sludge Bomb|p1b: Rillaboom
|-damage|p1b: Rillaboom|0 fnt
|faint|p1b: Rillaboom
|
|-end|p2a: Amoonguss|move: Taunt
|upkeep
|turn|12
|
|t:|1756529232
|move|p1a: Ninetales|Freeze-Dry|p2a: Amoonguss
|-supereffective|p2a: Amoonguss
|-damage|p2a: Amoonguss|0 fnt
|faint|p2a: Amoonguss
|
|win|BoloinaBox
||colemarcusvgc is ready for game 3.
