|j|☆devil may larp
|j|☆cooledoregon
|html|devil may larpcooledoregon    
|uhtml|bestof|Game 1 of a best-of-3
|t:|1783090562
|gametype|doubles
|player|p1|devil may larp|roxie-masters|1284
|player|p2|cooledoregon|170|1287
|gen|9
|tier|[Gen 9 Champions] VGC 2026 Reg M-B (Bo3)
|rated|
|rule|Species Clause: Limit one of each Pokémon
|rule|Item Clause: Limit 1 of each item
|clearpoke
|poke|p1|Charizard, L50, F|
|poke|p1|Farigiraf, L50, F|
|poke|p1|Greninja, L50, F, shiny|
|poke|p1|Sylveon, L50, M, shiny|
|poke|p1|Garchomp, L50, M|
|poke|p1|Aerodactyl, L50, F|
|poke|p2|Incineroar, L50, F|
|poke|p2|Aerodactyl, L50, F|
|poke|p2|Meganium, L50, M|
|poke|p2|Basculegion, L50, M|
|poke|p2|Garchomp, L50, F|
|poke|p2|Charizard, L50, M|
|teampreview|4
|showteam|p1|Charizard||CharizarditeY|Blaze|HeatWave,SolarBeam,Protect,WeatherBall|Modest||F|||50|]Farigiraf||ColburBerry|ArmorTail|TwinBeam,TrickRoom,HelpingHand,Thunderbolt|Bold||F|||50|]Greninja||Greninjite|Protean|DarkPulse,GrassKnot,HydroPump,Protect|Modest||F|||50|]Sylveon||FairyFeather|Pixilate|HyperBeam,HyperVoice,QuickAttack,Protect|Modest||M|||50|]Garchomp||LifeOrb|RoughSkin|DragonClaw,Protect,Earthquake,RockTomb|Jolly||M|||50|]Aerodactyl||FocusSash|Unnerve|Tailwind,RockSlide,WideGuard,Protect|Jolly||F|||50|
|showteam|p2|Incineroar||SitrusBerry|Intimidate|PartingShot,FakeOut,ThroatChop,FlareBlitz|Careful||F|||50|]Aerodactyl||FocusSash|Unnerve|RockSlide,DualWingbeat,Tailwind,Protect|Jolly||F|||50|]Meganium||Meganiumite|Overgrow|SolarBeam,WeatherBall,DazzlingGleam,Protect|Modest||M|||50|]Basculegion||ChoiceScarf|Adaptability|FlipTurn,WaveCrash,LastRespects,AquaJet|Jolly||M|||50|]Garchomp||LifeOrb|RoughSkin|Earthquake,DragonClaw,StompingTantrum,Protect|Jolly||F|||50|]Charizard||CharizarditeY|Blaze|HeatWave,WeatherBall,SolarBeam,Protect|Modest||M|||50|
|inactive|Battle timer is ON: inactive players will automatically lose when time's up. (requested by cooledoregon)
|inactive|devil may larp also wants the timer to be on.
|inactive|devil may larp has 60 seconds left.
|inactive|cooledoregon has 60 seconds left.
|
|t:|1783090610
|teamsize|p1|4
|teamsize|p2|4
|start
|switch|p1a: Greninja|Greninja, L50, F, shiny|100/100
|switch|p1b: Sylveon|Sylveon, L50, M, shiny|100/100
|switch|p2a: Basculegion|Basculegion, L50, M|100/100
|switch|p2b: Incineroar|Incineroar, L50, F|100/100
|-ability|p2b: Incineroar|Intimidate|boost
|-unboost|p1a: Greninja|atk|1
|-unboost|p1b: Sylveon|atk|1
|turn|1
|inactive|cooledoregon has 30 seconds left.
|
|t:|1783090635
|move|p1a: Greninja|Protect|p1a: Greninja
|-start|p1a: Greninja|typechange|Normal|[from] ability: Protean
|-singleturn|p1a: Greninja|Protect
|move|p1b: Sylveon|Protect|p1b: Sylveon
|-singleturn|p1b: Sylveon|Protect
|move|p2b: Incineroar|Fake Out|p1a: Greninja
|-activate|p1a: Greninja|move: Protect
|move|p2a: Basculegion|Flip Turn|p1b: Sylveon
|-activate|p1b: Sylveon|move: Protect
|
|upkeep
|turn|2
|
|t:|1783090652
|detailschange|p1a: Greninja|Greninja-Mega, L50, F, shiny
|-mega|p1a: Greninja|Greninja|Greninjite
|move|p2a: Basculegion|Flip Turn|p1b: Sylveon
|-damage|p1b: Sylveon|44/100
|
|t:|1783090657
|switch|p2a: Aerodactyl|Aerodactyl, L50, F|100/100|[from] Flip Turn
|-ability|p2a: Aerodactyl|Unnerve
|move|p1a: Greninja|Hydro Pump|p2b: Incineroar
|-start|p1a: Greninja|typechange|Water|[from] ability: Protean
|-supereffective|p2b: Incineroar|1
|-damage|p2b: Incineroar|0 fnt
|faint|p2b: Incineroar
|move|p1b: Sylveon|Hyper Voice|p2a: Aerodactyl
|-damage|p2a: Aerodactyl|5/100
|
|upkeep
|
|t:|1783090671
|switch|p2b: Charizard|Charizard, L50, M|100/100
|turn|3
|
|t:|1783090686
|detailschange|p2b: Charizard|Charizard-Mega-Y, L50, M
|-mega|p2b: Charizard|Charizard|Charizardite Y
|-weather|SunnyDay|[from] ability: Drought|[of] p2b: Charizard
|move|p2a: Aerodactyl|Protect|p2a: Aerodactyl
|-singleturn|p2a: Aerodactyl|Protect
|move|p1b: Sylveon|Quick Attack|p2a: Aerodactyl
|-activate|p2a: Aerodactyl|move: Protect
|move|p1a: Greninja|Hydro Pump|p2b: Charizard|[miss]
|-miss|p1a: Greninja|p2b: Charizard
|move|p2b: Charizard|Heat Wave|p1b: Sylveon|[spread] p1a,p1b
|-resisted|p1a: Greninja|1
|-damage|p1a: Greninja|65/100
|-damage|p1b: Sylveon|0 fnt
|faint|p1b: Sylveon
|
|-weather|SunnyDay|[upkeep]
|upkeep
|
|t:|1783090692
|switch|p1b: Yan|Aerodactyl, L50, F|100/100
|-ability|p1b: Yan|Unnerve
|turn|4
|inactive|cooledoregon has 30 seconds left.
|
|t:|1783090718
|switch|p1a: Garchomp|Garchomp, L50, M|100/100
|move|p2a: Aerodactyl|Tailwind|p2a: Aerodactyl
|-sidestart|p2: cooledoregon|move: Tailwind
|move|p2b: Charizard|Solar Beam||[still]
|-prepare|p2b: Charizard|Solar Beam
|-anim|p2b: Charizard|Solar Beam|p1a: Garchomp
|-damage|p1a: Garchomp|53/100
|move|p1b: Yan|Rock Slide|p2a: Aerodactyl|[spread] p2a,p2b
|-supereffective|p2a: Aerodactyl|1
|-supereffective|p2b: Charizard|2
|-damage|p2a: Aerodactyl|0 fnt
|-damage|p2b: Charizard|27/100
|faint|p2a: Aerodactyl
|
|-weather|SunnyDay|[upkeep]
|upkeep
|
|t:|1783090725
|switch|p2a: Basculegion|Basculegion, L50, M|100/100
|turn|5
|
|t:|1783090744
|move|p2a: Basculegion|Last Respects|p1b: Yan
|-enditem|p1b: Yan|Focus Sash
|-damage|p1b: Yan|1/100
|move|p2b: Charizard|Solar Beam||[still]
|-prepare|p2b: Charizard|Solar Beam
|-anim|p2b: Charizard|Solar Beam|p1b: Yan
|-damage|p1b: Yan|0 fnt
|faint|p1b: Yan
|move|p1a: Garchomp|Dragon Claw|p2b: Charizard
|-damage|p2b: Charizard|0 fnt
|faint|p2b: Charizard
|-damage|p1a: Garchomp|43/100|[from] item: Life Orb
|
|-weather|SunnyDay|[upkeep]
|upkeep
|
|t:|1783090747
|switch|p1b: Greninja|Greninja-Mega, L50, F, shiny|65/100
|turn|6
|
|t:|1783090754
|move|p2a: Basculegion|Last Respects|p1b: Greninja
|-resisted|p1b: Greninja|1
|-damage|p1b: Greninja|0 fnt
|faint|p1b: Greninja
|move|p1a: Garchomp|Rock Tomb|p2a: Basculegion
|-damage|p2a: Basculegion|62/100
|-unboost|p2a: Basculegion|spe|1
|-damage|p1a: Garchomp|34/100|[from] item: Life Orb
|
|-weather|SunnyDay|[upkeep]
|upkeep
|turn|7
|
|t:|1783090758
|move|p1a: Garchomp|Protect|p1a: Garchomp
|-singleturn|p1a: Garchomp|Protect
|move|p2a: Basculegion|Last Respects|p1a: Garchomp
|-activate|p1a: Garchomp|move: Protect
|
|-weather|none
|-sideend|p2: cooledoregon|move: Tailwind
|upkeep
|turn|8
|
|t:|1783090762
|move|p1a: Garchomp|Earthquake|p2a: Basculegion
|-damage|p2a: Basculegion|0 fnt
|faint|p2a: Basculegion
|-damage|p1a: Garchomp|24/100|[from] item: Life Orb
|
|win|devil may larp
||cooledoregon is ready for game 2.
