|j|☆x-3 demon
|j|☆edhen
|html|x-3 demonedhen    
|uhtml|bestof|Game 1 of a best-of-3
|t:|1757204753
|gametype|doubles
|player|p1|x-3 demon|boarder-gen2|1317
|player|p2|edhen|clair|1279
|gen|9
|tier|[Gen 9] VGC 2025 Reg H (Bo3)
|rated|
|rule|Species Clause: Limit one of each Pokémon
|rule|Item Clause: Limit 1 of each item
|clearpoke
|poke|p1|Dragonite, L50, F|
|poke|p1|Sinistcha, L50|
|poke|p1|Ursaluna, L50, F|
|poke|p1|Gholdengo, L50|
|poke|p1|Incineroar, L50, F|
|poke|p1|Ninetales-Alola, L50, F|
|poke|p2|Politoed, L50, M|
|poke|p2|Archaludon, L50, M|
|poke|p2|Comfey, L50, M|
|poke|p2|Rillaboom, L50, F|
|poke|p2|Basculegion, L50, M|
|poke|p2|Maushold, L50|
|teampreview|4
|showteam|p1|Dragonite||LoadedDice|Multiscale|ScaleShot,Haze,Tailwind,Protect|||F|||50|,,,,,Fairy]Sinistcha||SitrusBerry|Hospitality|MatchaGotcha,LifeDew,RagePowder,TrickRoom||||||50|,,,,,Dark]Ursaluna||FlameOrb|Guts|HeadlongRush,Earthquake,Facade,Protect|||F|||50|,,,,,Ghost]Gholdengo||LifeOrb|GoodasGold|MakeItRain,ShadowBall,NastyPlot,Protect||||||50|,,,,,Water]Incineroar||AssaultVest|Intimidate|FlareBlitz,KnockOff,FakeOut,Uturn|||F|||50|,,,,,Grass]Ninetales-Alola||FocusSash|SnowWarning|IcyWind,FreezeDry,Encore,AuroraVeil|||F|||50|,,,,,Ghost
|showteam|p2|Politoed||Leftovers|Drizzle|Protect,MuddyWater,Haze,Hypnosis|||M|||50|,,,,,Grass]Archaludon||AssaultVest|Stamina|ElectroShot,BodyPress,FlashCannon,DragonPulse|||M|||50|,,,,,Fighting]Comfey||WikiBerry|Triage|Protect,FloralHealing,DrainingKiss,Taunt|||M|||50|,,,,,Steel]Rillaboom||LoadedDice|GrassySurge|BulletSeed,GrassyGlide,FakeOut,Uturn|||F|||50|,,,,,Fire]Basculegion||ChoiceBand|SwiftSwim|LastRespects,WaveCrash,AquaJet,FlipTurn|||M|||50|,,,,,Water]Maushold||WideLens|Technician|Protect,Crunch,FollowMe,PopulationBomb||||||50|,,,,,Ghost
|
|t:|1757204834
|teamsize|p1|4
|teamsize|p2|4
|start
|switch|p1a: Gholdengo|Gholdengo, L50|100/100
|switch|p1b: Incineroar|Incineroar, L50, F|100/100
|switch|p2a: Maushold|Maushold, L50|100/100
|switch|p2b: Rillaboom|Rillaboom, L50, F|100/100
|-fieldstart|move: Grassy Terrain|[from] ability: Grassy Surge|[of] p2b: Rillaboom
|-ability|p1b: Incineroar|Intimidate|boost
|-unboost|p2a: Maushold|atk|1
|-unboost|p2b: Rillaboom|atk|1
|turn|1
|
|t:|1757204868
|switch|p2b: Archaludon|Archaludon, L50, M|100/100
|move|p2a: Maushold|Crunch|p1a: Gholdengo
|-supereffective|p1a: Gholdengo
|-damage|p1a: Gholdengo|77/100
|-unboost|p1a: Gholdengo|def|1
|move|p1a: Gholdengo|Nasty Plot|p1a: Gholdengo
|-boost|p1a: Gholdengo|spa|2
|move|p1b: Incineroar|U-turn|p2a: Maushold
|-damage|p2a: Maushold|66/100
|
|t:|1757204879
|switch|p1b: Sinistcha|Sinistcha, L50|100/100|[from] U-turn
|-heal|p1a: Gholdengo|100/100|[from] ability: Hospitality|[of] p1b: Sinistcha
|
|-heal|p2a: Maushold|72/100|[from] Grassy Terrain
|upkeep
|turn|2
|
|t:|1757204905
|switch|p2a: Comfey|Comfey, L50, M|100/100
|move|p1b: Sinistcha|Rage Powder|p1b: Sinistcha
|-singleturn|p1b: Sinistcha|move: Rage Powder
|move|p1a: Gholdengo|Nasty Plot|p1a: Gholdengo
|-boost|p1a: Gholdengo|spa|2
|move|p2b: Archaludon|Electro Shot||[still]
|-prepare|p2b: Archaludon|Electro Shot
|-boost|p2b: Archaludon|spa|1
|
|upkeep
|turn|3
|
|t:|1757204935
|-terastallize|p2a: Comfey|Steel
|move|p1b: Sinistcha|Rage Powder|p1b: Sinistcha
|-singleturn|p1b: Sinistcha|move: Rage Powder
|move|p1a: Gholdengo|Make It Rain|p2b: Archaludon|[spread] p2a,p2b
|-resisted|p2a: Comfey
|-resisted|p2b: Archaludon
|-damage|p2a: Comfey|16/100
|-damage|p2b: Archaludon|40/100
|-unboost|p1a: Gholdengo|spa|1
|-ability|p2b: Archaludon|Stamina|boost
|-boost|p2b: Archaludon|def|1
|-enditem|p2a: Comfey|Wiki Berry|[eat]
|-heal|p2a: Comfey|49/100|[from] item: Wiki Berry
|-damage|p1a: Gholdengo|91/100|[from] item: Life Orb
|move|p2a: Comfey|Taunt|p1b: Sinistcha
|-start|p1b: Sinistcha|move: Taunt
|move|p2b: Archaludon|Electro Shot|p1b: Sinistcha|[from] lockedmove
|-resisted|p1b: Sinistcha
|-damage|p1b: Sinistcha|73/100
|
|-heal|p1a: Gholdengo|97/100|[from] Grassy Terrain
|-heal|p2a: Comfey|55/100|[from] Grassy Terrain
|-heal|p2b: Archaludon|46/100|[from] Grassy Terrain
|-heal|p1b: Sinistcha|79/100|[from] Grassy Terrain
|upkeep
|turn|4
|
|t:|1757204966
|switch|p1b: Incineroar|Incineroar, L50, F|100/100
|-ability|p1b: Incineroar|Intimidate|boost
|-unboost|p2a: Comfey|atk|1
|-unboost|p2b: Archaludon|atk|1
|move|p2a: Comfey|Floral Healing|p2b: Archaludon
|-heal|p2b: Archaludon|100/100
|move|p1a: Gholdengo|Shadow Ball|p2a: Comfey
|-damage|p2a: Comfey|0 fnt
|faint|p2a: Comfey
|-damage|p1a: Gholdengo|87/100|[from] item: Life Orb
|move|p2b: Archaludon|Flash Cannon|p1a: Gholdengo
|-resisted|p1a: Gholdengo
|-damage|p1a: Gholdengo|60/100
|
|-heal|p1a: Gholdengo|67/100|[from] Grassy Terrain
|upkeep
|
|t:|1757204975
|switch|p2a: Rillaboom|Rillaboom, L50, F|100/100
|turn|5
|
|t:|1757204993
|switch|p1b: Sinistcha|Sinistcha, L50|79/100
|-heal|p1a: Gholdengo|92/100|[from] ability: Hospitality|[of] p1b: Sinistcha
|move|p2a: Rillaboom|Fake Out|p1b: Sinistcha
|-immune|p1b: Sinistcha
|move|p1a: Gholdengo|Shadow Ball|p2b: Archaludon
|-damage|p2b: Archaludon|9/100
|-ability|p2b: Archaludon|Stamina|boost
|-boost|p2b: Archaludon|def|1
|-damage|p1a: Gholdengo|82/100|[from] item: Life Orb
|move|p2b: Archaludon|Flash Cannon|p1a: Gholdengo
|-resisted|p1a: Gholdengo
|-damage|p1a: Gholdengo|57/100
|
|-heal|p1a: Gholdengo|64/100|[from] Grassy Terrain
|-heal|p2b: Archaludon|15/100|[from] Grassy Terrain
|-heal|p1b: Sinistcha|85/100|[from] Grassy Terrain
|-fieldend|move: Grassy Terrain
|upkeep
|turn|6
|
|t:|1757205017
|move|p2a: Rillaboom|Bullet Seed|p1a: Gholdengo
|-resisted|p1a: Gholdengo
|-damage|p1a: Gholdengo|53/100
|-resisted|p1a: Gholdengo
|-damage|p1a: Gholdengo|43/100
|-resisted|p1a: Gholdengo
|-damage|p1a: Gholdengo|33/100
|-resisted|p1a: Gholdengo
|-damage|p1a: Gholdengo|24/100
|-hitcount|p1a: Gholdengo|4
|move|p1a: Gholdengo|Make It Rain|p2b: Archaludon|[spread] p2a,p2b
|-resisted|p2b: Archaludon
|-damage|p2a: Rillaboom|0 fnt
|-damage|p2b: Archaludon|0 fnt
|-unboost|p1a: Gholdengo|spa|1
|faint|p2a: Rillaboom
|faint|p2b: Archaludon
|-damage|p1a: Gholdengo|14/100|[from] item: Life Orb
|move|p1b: Sinistcha|Life Dew|p1b: Sinistcha|[spread] p1b
|-immune|p1a: Gholdengo|[from] ability: Good as Gold
|-heal|p1b: Sinistcha|100/100
|
|upkeep
|-message|edhen forfeited.
|
|win|x-3 demon
|l|☆edhen
|player|p2|
||edhen is ready for game 2.
||x-3 demon is ready for game 2.
|uhtml|next|Next: Game 2 of 3
