|j|☆Bang Average
|j|☆CrystalGem02
|html|Bang AverageCrystalGem02    
|uhtml|bestof|Game 1 of a best-of-3
|t:|1756219985
|gametype|doubles
|player|p1|Bang Average|170|1078
|player|p2|CrystalGem02|valerie|1162
|gen|9
|tier|[Gen 9] VGC 2025 Reg H (Bo3)
|rated|
|rule|Species Clause: Limit one of each Pokémon
|rule|Item Clause: Limit 1 of each item
|clearpoke
|poke|p1|Ursaluna-Bloodmoon, L50, M|
|poke|p1|Gholdengo, L50|
|poke|p1|Dragonite, L50, M|
|poke|p1|Sneasler, L50, F|
|poke|p1|Incineroar, L50, F|
|poke|p1|Amoonguss, L50, M|
|poke|p2|Empoleon, L50, M|
|poke|p2|Ninetales-Alola, L50, F|
|poke|p2|Annihilape, L50, F|
|poke|p2|Dragonite, L50, F|
|poke|p2|Incineroar, L50, M|
|poke|p2|Ursaluna-Bloodmoon, L50, M|
|teampreview|4
|showteam|p1|Ursaluna-Bloodmoon||AssaultVest|MindsEye|BloodMoon,EarthPower,VacuumWave,HyperVoice|||M|||50|,,,,,Water]Gholdengo||LifeOrb|GoodasGold|Protect,MakeItRain,ShadowBall,NastyPlot||||||50|,,,,,Water]Dragonite||LoadedDice|Multiscale|ScaleShot,Tailwind,Haze,Protect|||M|||50|,,,,,Fairy]Sneasler||FocusSash|Unburden|Protect,DireClaw,CloseCombat,ThroatChop|||F|||50|,,,,,Stellar]Incineroar||SafetyGoggles|Intimidate|KnockOff,PartingShot,FlareBlitz,FakeOut|||F|||50|,,,,,Ghost]Amoonguss||SitrusBerry|Regenerator|RagePowder,Spore,PollenPuff,Protect|||M|||50|,,,,,Psychic
|showteam|p2|Empoleon||AssaultVest|Competitive|WaterPledge,FlashCannon,Whirlpool,VacuumWave|||M|||50|,,,,,Grass]Ninetales-Alola||LightClay|SnowWarning|IcyWind,IcicleSpear,AuroraVeil,Howl|||F|||50|,,,,,Ghost]Annihilape||SafetyGoggles|Defiant|DrainPunch,RageFist,BulkUp,Protect|||F|||50|,,,,,Fire]Dragonite||LoadedDice|Multiscale|ScaleShot,ExtremeSpeed,Tailwind,Haze|||F|||50|,,,,,Fairy]Incineroar||SitrusBerry|Intimidate|FakeOut,KnockOff,FlareBlitz,PartingShot|||M|||50|,,,,,Ghost]Ursaluna-Bloodmoon||LifeOrb|MindsEye|BloodMoon,HyperVoice,EarthPower,Protect|||M|||50|,,,,,Normal
|inactive|Battle timer is ON: inactive players will automatically lose when time's up. (requested by Bang Average)
|c|☆Bang Average|Nice team
|c|☆CrystalGem02|too early to say that
|c|☆CrystalGem02|but thanks
|inactive|CrystalGem02 has 60 seconds left.
|c|☆Bang Average|Just good to see a different team
|inactive|CrystalGem02 has 30 seconds left.
|inactive|CrystalGem02 has 20 seconds left.
|inactive|CrystalGem02 has 15 seconds left.
|inactive|CrystalGem02 has 10 seconds left.
|inactive|CrystalGem02 has 5 seconds left.
|c|☆Bang Average|lego
|
|t:|1756220074
|teamsize|p1|4
|teamsize|p2|4
|start
|switch|p1a: Incineroar|Incineroar, L50, F|100/100
|switch|p1b: Dragonite|Dragonite, L50, M|100/100
|switch|p2a: Ninetales|Ninetales-Alola, L50, F, shiny|100/100
|switch|p2b: Annihilape|Annihilape, L50, F|100/100
|-weather|Snowscape|[from] ability: Snow Warning|[of] p2a: Ninetales
|-ability|p1a: Incineroar|Intimidate|boost
|-unboost|p2a: Ninetales|atk|1
|-unboost|p2b: Annihilape|atk|1
|-ability|p2b: Annihilape|Defiant|boost
|-boost|p2b: Annihilape|atk|2
|turn|1
|inactive|Bang Average has 30 seconds left.
|
|t:|1756220100
|move|p1a: Incineroar|Fake Out|p2a: Ninetales
|-damage|p2a: Ninetales|91/100
|cant|p2a: Ninetales|flinch
|move|p2b: Annihilape|Drain Punch|p1a: Incineroar
|-supereffective|p1a: Incineroar
|-damage|p1a: Incineroar|16/100
|move|p1b: Dragonite|Tailwind|p1b: Dragonite
|-sidestart|p1: Bang Average|move: Tailwind
|
|-weather|Snowscape|[upkeep]
|upkeep
|turn|2
|
|t:|1756220121
|-terastallize|p1a: Incineroar|Ghost
|move|p1b: Dragonite|Scale Shot|p2a: Ninetales
|-immune|p2a: Ninetales
|move|p1a: Incineroar|Knock Off|p2b: Annihilape
|-damage|p2b: Annihilape|54/100
|-enditem|p2b: Annihilape|Safety Goggles|[from] move: Knock Off|[of] p1a: Incineroar
|move|p2a: Ninetales|Aurora Veil|p2a: Ninetales
|-sidestart|p2: CrystalGem02|move: Aurora Veil
|move|p2b: Annihilape|Drain Punch|p1a: Incineroar
|-immune|p1a: Incineroar
|
|-weather|Snowscape|[upkeep]
|upkeep
|turn|3
|
|t:|1756220141
|move|p1b: Dragonite|Scale Shot|p2b: Annihilape
|-damage|p2b: Annihilape|43/100
|-damage|p2b: Annihilape|33/100
|-damage|p2b: Annihilape|24/100
|-damage|p2b: Annihilape|13/100
|-hitcount|p2b: Annihilape|4
|-unboost|p1b: Dragonite|def|1
|-boost|p1b: Dragonite|spe|1
|move|p1a: Incineroar|Knock Off|p2a: Ninetales
|-resisted|p2a: Ninetales
|-damage|p2a: Ninetales|81/100
|-enditem|p2a: Ninetales|Light Clay|[from] move: Knock Off|[of] p1a: Incineroar
|move|p2a: Ninetales|Icy Wind|p1a: Incineroar|[spread] p1a,p1b
|-supereffective|p1b: Dragonite
|-damage|p1a: Incineroar|4/100
|-damage|p1b: Dragonite|74/100
|-unboost|p1a: Incineroar|spe|1
|-unboost|p1b: Dragonite|spe|1
|move|p2b: Annihilape|Rage Fist|p1b: Dragonite
|-damage|p1b: Dragonite|0 fnt
|faint|p1b: Dragonite
|
|-weather|Snowscape|[upkeep]
|upkeep
|
|t:|1756220161
|switch|p1b: Sneasler|Sneasler, L50, F|100/100
|turn|4
|
|t:|1756220183
|move|p1b: Sneasler|Dire Claw|p2a: Ninetales
|-supereffective|p2a: Ninetales
|-damage|p2a: Ninetales|36/100
|-status|p2a: Ninetales|par
|move|p2b: Annihilape|Drain Punch|p1b: Sneasler
|-resisted|p1b: Sneasler
|-damage|p1b: Sneasler|59/100
|-heal|p2b: Annihilape|29/100|[from] drain|[of] p1b: Sneasler
|move|p1a: Incineroar|Knock Off|p2b: Annihilape
|-damage|p2b: Annihilape|9/100
|move|p2a: Ninetales|Icy Wind|p1a: Incineroar|[spread] p1a,p1b
|-damage|p1a: Incineroar|0 fnt
|-damage|p1b: Sneasler|42/100
|-unboost|p1b: Sneasler|spe|1
|faint|p1a: Incineroar
|
|-weather|Snowscape|[upkeep]
|-sideend|p1: Bang Average|move: Tailwind
|upkeep
|
|t:|1756220194
|switch|p1a: Gholdengo|Gholdengo, L50|100/100
|turn|5
|
|t:|1756220208
|move|p2b: Annihilape|Rage Fist|p1a: Gholdengo
|-supereffective|p1a: Gholdengo
|-damage|p1a: Gholdengo|0 fnt
|faint|p1a: Gholdengo
|move|p1b: Sneasler|Dire Claw|p2b: Annihilape
|-resisted|p2b: Annihilape
|-damage|p2b: Annihilape|0 fnt
|faint|p2b: Annihilape
|cant|p2a: Ninetales|par
|
|-weather|none
|upkeep
|-message|Bang Average forfeited.
|
|win|CrystalGem02
