|j|â˜†idk_1101
|j|â˜†MarzipanTheFirst
|html|idk_1101MarzipanTheFirst    
|uhtml|bestof|Game 1 of a best-of-3
|t:|1785365714
|gametype|doubles
|player|p1|idk_1101|101|1098
|player|p2|MarzipanTheFirst|wallace|1196
|gen|9
|tier|[Gen 9 Champions] VGC 2026 Reg M-B (Bo3)
|rated|
|rule|Species Clause: Limit one of each PokÃ©mon
|rule|Item Clause: Limit 1 of each item
|clearpoke
|poke|p1|Froslass, L50, F|
|poke|p1|Incineroar, L50, M|
|poke|p1|Orthworm, L50, F|
|poke|p1|Garchomp, L50, M|
|poke|p1|Basculegion, L50, M, shiny|
|poke|p1|Rotom-Frost, L50|
|poke|p2|Dragalge, L50, M|
|poke|p2|Mamoswine, L50, F|
|poke|p2|Aerodactyl, L50, M|
|poke|p2|Lopunny, L50, M|
|poke|p2|Kingambit, L50, F|
|poke|p2|Sinistcha-Masterpiece, L50|
|teampreview|4
|showteam|p1|Froslass||Froslassite|SnowCloak|Blizzard,NastyPlot,Protect,ShadowBall|Timid||F|||50|]Incineroar||LumBerry|Intimidate|FakeOut,PartingShot,FlareBlitz,DarkestLariat|Adamant||M|||50|]Orthworm||SitrusBerry|EarthEater|ShedTail,HeavySlam,IronDefense,BodyPress|Careful||F|||50|]Garchomp||FocusSash|RoughSkin|Earthquake,Protect,RockSlide,DragonClaw|Jolly||M|||50|]Basculegion||ChoiceScarf|Adaptability|LastRespects,FlipTurn,AquaJet,WaveCrash|Jolly||M|||50|]Rotom-Frost||NeverMeltIce|Levitate|Blizzard,Protect,HelpingHand,Thunderbolt|Modest|||||50|
|showteam|p2|Dragalge||Dragalgite|Adaptability|DracoMeteor,FlipTurn,SludgeBomb,Protect|Modest||M|||50|]Mamoswine||LifeOrb|Oblivious|IceShard,HighHorsepower,IcicleCrash,Protect|Adamant||F|||50|]Aerodactyl||FocusSash|Unnerve|RockSlide,DualWingbeat,Tailwind,Protect|Jolly||M|||50|]Lopunny||Lopunnite|CuteCharm|CloseCombat,TripleAxel,Pounce,FakeOut|Jolly||M|||50|]Kingambit||BlackGlasses|Defiant|KowtowCleave,SuckerPunch,IronHead,Protect|Adamant||F|||50|]Sinistcha-Masterpiece||ColburBerry|Hospitality|MatchaGotcha,RagePowder,TrickRoom,Protect|Bold|||||50|
|inactive|Battle timer is ON: inactive players will automatically lose when time's up. (requested by idk_1101)
|c|â˜†MarzipanTheFirst|Lowk fire team
|inactive|MarzipanTheFirst has 60 seconds left.
|
|t:|1785365752
|teamsize|p1|4
|teamsize|p2|4
|start
|switch|p1a: Orthworm|Orthworm, L50, F|100/100
|switch|p1b: Garchomp|Garchomp, L50, M|100/100
|switch|p2a: Lopunny|Lopunny, L50, M|100/100
|switch|p2b: Kingambit|Kingambit, L50, F|100/100
|turn|1
|
|t:|1785365771
|detailschange|p2a: Lopunny|Lopunny-Mega, L50, M
|-mega|p2a: Lopunny|Lopunny|Lopunnite
|move|p2b: Kingambit|Protect|p2b: Kingambit
|-singleturn|p2b: Kingambit|Protect
|move|p2a: Lopunny|Close Combat|p1a: Orthworm
|-supereffective|p1a: Orthworm|1
|-damage|p1a: Orthworm|13/100
|-unboost|p2a: Lopunny|def|1
|-unboost|p2a: Lopunny|spd|1
|-enditem|p1a: Orthworm|Sitrus Berry|[eat]
|-heal|p1a: Orthworm|38/100|[from] item: Sitrus Berry
|move|p1b: Garchomp|Earthquake|p2a: Lopunny|[spread] p2a
|-activate|p2b: Kingambit|move: Protect
|-heal|p1a: Orthworm|63/100|[from] ability: Earth Eater|[of] p1b: Garchomp
|-damage|p2a: Lopunny|28/100
|move|p1a: Orthworm|Shed Tail|p1a: Orthworm
|-start|p1a: Orthworm|Substitute|[from] move: Shed Tail
|-damage|p1a: Orthworm|13/100
|
|t:|1785365788
|switch|p1a: Froslass|Froslass, L50, F|100/100|[from] Shed Tail
|
|upkeep
|turn|2
|
|t:|1785365810
|move|p2a: Lopunny|Triple Axel|p1b: Garchomp
|-supereffective|p1b: Garchomp|2
|-damage|p1b: Garchomp|67/100
|-damage|p2a: Lopunny|16/100|[from] ability: Rough Skin|[of] p1b: Garchomp
|-hitcount|p1b: Garchomp|1
|move|p1a: Froslass|Nasty Plot|p1a: Froslass
|-boost|p1a: Froslass|spa|2
|move|p1b: Garchomp|Earthquake|p2a: Lopunny|[spread] p1a,p2a,p2b
|-end|p1a: Froslass|Substitute
|-supereffective|p2b: Kingambit|1
|-damage|p2a: Lopunny|0 fnt
|-damage|p2b: Kingambit|42/100
|faint|p2a: Lopunny
|move|p2b: Kingambit|Kowtow Cleave|p1a: Froslass
|-supereffective|p1a: Froslass|1
|-damage|p1a: Froslass|0 fnt
|faint|p1a: Froslass
|
|upkeep
|
|t:|1785365827
|switch|p2a: Mamoswine|Mamoswine, L50, F|100/100
|switch|p1a: Incineroar|Incineroar, L50, M|100/100
|-ability|p1a: Incineroar|Intimidate|boost
|-fail|p2a: Mamoswine|unboost|Attack|[from] ability: Oblivious|[of] p2a: Mamoswine
|-unboost|p2b: Kingambit|atk|1
|-ability|p2b: Kingambit|Defiant|boost
|-boost|p2b: Kingambit|atk|2
|turn|3
|c|â˜†MarzipanTheFirst|Well played
|
|t:|1785365848
|move|p2a: Mamoswine|Protect|p2a: Mamoswine
|-singleturn|p2a: Mamoswine|Protect
|move|p2b: Kingambit|Protect|p2b: Kingambit
|-singleturn|p2b: Kingambit|Protect
|move|p1b: Garchomp|Dragon Claw|p2a: Mamoswine
|-activate|p2a: Mamoswine|move: Protect
|move|p1a: Incineroar|Flare Blitz|p2a: Mamoswine
|-activate|p2a: Mamoswine|move: Protect
|
|upkeep
|turn|4
|
|t:|1785365858
|move|p1b: Garchomp|Protect|p1b: Garchomp
|-singleturn|p1b: Garchomp|Protect
|move|p2a: Mamoswine|Ice Shard|p1b: Garchomp
|-activate|p1b: Garchomp|move: Protect
|move|p1a: Incineroar|Flare Blitz|p2b: Kingambit
|-supereffective|p2b: Kingambit|1
|-damage|p2b: Kingambit|0 fnt
|faint|p2b: Kingambit
|-damage|p1a: Incineroar|83/100|[from] Recoil
|
|upkeep
|
|t:|1785365864
|switch|p2b: Aerodactyl|Aerodactyl, L50, M|100/100
|-ability|p2b: Aerodactyl|Unnerve
|turn|5
|c|â˜†MarzipanTheFirst|Ggs
|
|t:|1785365876
|move|p2a: Mamoswine|Ice Shard|p1b: Garchomp
|-supereffective|p1b: Garchomp|2
|-damage|p1b: Garchomp|0 fnt
|faint|p1b: Garchomp
|-damage|p2a: Mamoswine|90/100|[from] item: Life Orb
|move|p2b: Aerodactyl|Rock Slide|p1a: Incineroar
|-supereffective|p1a: Incineroar|1
|-damage|p1a: Incineroar|23/100
|move|p1a: Incineroar|Flare Blitz|p2a: Mamoswine
|-supereffective|p2a: Mamoswine|1
|-damage|p2a: Mamoswine|0 fnt
|faint|p2a: Mamoswine
|-damage|p1a: Incineroar|0 fnt|[from] Recoil
|faint|p1a: Incineroar
|
|upkeep
|
|t:|1785365887
|switch|p1b: Orthworm|Orthworm, L50, F|13/100
|turn|6
|
|t:|1785365892
|move|p2b: Aerodactyl|Rock Slide|p1b: Orthworm
|-resisted|p1b: Orthworm|1
|-damage|p1b: Orthworm|0 fnt
|faint|p1b: Orthworm
|
|win|MarzipanTheFirst
||MarzipanTheFirst is ready for game 2.
||idk_1101 is ready for game 2.
|uhtml|next|Next: Game 2 of 3
|l|â˜†idk_1101
|player|p1|
