|j|☆FerKillerVGC
|j|☆maynustucachero
|html|FerKillerVGCmaynustucachero    
|uhtml|bestof|Game 1 of a best-of-3
|t:|1782187379
|gametype|doubles
|player|p1|FerKillerVGC|102|1162
|player|p2|maynustucachero|102|1118
|gen|9
|tier|[Gen 9 Champions] VGC 2026 Reg M-B (Bo3)
|rated|
|rule|Species Clause: Limit one of each Pokémon
|rule|Item Clause: Limit 1 of each item
|clearpoke
|poke|p1|Snorlax, L50, M|
|poke|p1|Sableye, L50, F|
|poke|p1|Armarouge, L50, M|
|poke|p1|Clefable, L50, F|
|poke|p1|Kingambit, L50, M|
|poke|p1|Venusaur, L50, M|
|poke|p2|Garchomp, L50, F|
|poke|p2|Sylveon, L50, F|
|poke|p2|Farigiraf, L50, M|
|poke|p2|Aerodactyl, L50, F|
|poke|p2|Kingambit, L50, M|
|poke|p2|Charizard, L50, F|
|teampreview|4
|showteam|p1|Snorlax||SitrusBerry|ThickFat|Facade,BodyPress,Stockpile,Recycle|Impish||M|||50|]Sableye||RoseliBerry|Prankster|FoulPlay,WillOWisp,Quash,FakeOut|Careful||F|||50|]Armarouge||FocusSash|FlashFire|HeatWave,Psychic,WideGuard,TrickRoom|Quiet||M|||50|]Clefable||Clefablite|Unaware|Moonblast,Flamethrower,FollowMe,Protect|Bold||F|||50|]Kingambit||BlackGlasses|Defiant|KowtowCleave,IronHead,SuckerPunch,Protect|Adamant||M|||50|]Venusaur||Venusaurite|Chlorophyll|SludgeBomb,GigaDrain,EarthPower,Protect|Modest||M|||50|
|showteam|p2|Garchomp||SoftSand|RoughSkin|Protect,Earthquake,DragonClaw,StompingTantrum|Jolly||F|||50|]Sylveon||FairyFeather|Pixilate|Protect,HyperVoice,QuickAttack,HyperBeam|Modest||F|||50|]Farigiraf||SitrusBerry|ArmorTail|TrickRoom,TwinBeam,Roar,Thunderbolt|Bold||M|||50|]Aerodactyl||Aerodactylite|Unnerve|RockSlide,IceFang,Tailwind,DualWingbeat|Jolly||F|||50|]Kingambit||FocusSash|Defiant|KowtowCleave,IronHead,LowKick,SuckerPunch|Adamant||M|||50|]Charizard||CharizarditeY|Blaze|Protect,HeatWave,WeatherBall,SolarBeam|Modest||F|||50|
|
|t:|1782187434
|teamsize|p1|4
|teamsize|p2|4
|start
|switch|p1a: Snorlax|Snorlax, L50, M|100/100
|switch|p1b: Armarouge|Armarouge, L50, M|100/100
|switch|p2a: Kingambit|Kingambit, L50, M|100/100
|switch|p2b: Aerodactyl|Aerodactyl, L50, F|100/100
|-ability|p2b: Aerodactyl|Unnerve
|turn|1
|inactive|Battle timer is ON: inactive players will automatically lose when time's up. (requested by maynustucachero)
|
|t:|1782187459
|detailschange|p2b: Aerodactyl|Aerodactyl-Mega, L50, F
|-mega|p2b: Aerodactyl|Aerodactyl|Aerodactylite
|move|p1b: Armarouge|Wide Guard|p1b: Armarouge
|-singleturn|p1b: Armarouge|Wide Guard
|move|p2b: Aerodactyl|Rock Slide|p1a: Snorlax|[spread] 
|-activate|p1a: Snorlax|move: Wide Guard
|-activate|p1b: Armarouge|move: Wide Guard
|move|p2a: Kingambit|Low Kick|p1a: Snorlax
|-supereffective|p1a: Snorlax|1
|-damage|p1a: Snorlax|52/100
|move|p1a: Snorlax|Body Press|p2a: Kingambit
|-supereffective|p2a: Kingambit|2
|-damage|p2a: Kingambit|29/100
|
|upkeep
|turn|2
|
|t:|1782187480
|switch|p1a: Sableye|Sableye, L50, F|100/100
|move|p2b: Aerodactyl|Rock Slide|p1a: Sableye|[spread] p1a,p1b
|-supereffective|p1b: Armarouge|1
|-damage|p1a: Sableye|63/100
|-damage|p1b: Armarouge|56/100
|move|p2a: Kingambit|Low Kick|p1a: Sableye
|-immune|p1a: Sableye
|move|p1b: Armarouge|Trick Room|p1b: Armarouge
|-fieldstart|move: Trick Room|[of] p1b: Armarouge
|
|upkeep
|turn|3
|
|t:|1782187503
|move|p1a: Sableye|Fake Out|p2a: Kingambit
|-resisted|p2a: Kingambit|1
|-damage|p2a: Kingambit|25/100
|cant|p2a: Kingambit|flinch
|move|p1b: Armarouge|Heat Wave|p2b: Aerodactyl|[spread] p2a,p2b
|-supereffective|p2a: Kingambit|1
|-resisted|p2b: Aerodactyl|1
|-damage|p2a: Kingambit|0 fnt
|-damage|p2b: Aerodactyl|76/100
|faint|p2a: Kingambit
|move|p2b: Aerodactyl|Rock Slide|p1a: Sableye|[spread] p1a,p1b
|-supereffective|p1b: Armarouge|1
|-damage|p1a: Sableye|26/100
|-damage|p1b: Armarouge|7/100
|
|upkeep
|
|t:|1782187510
|switch|p2a: Farigiraf|Farigiraf, L50, M|100/100
|turn|4
|
|t:|1782187525
|move|p1a: Sableye|Foul Play|p2b: Aerodactyl
|-damage|p2b: Aerodactyl|16/100
|move|p1b: Armarouge|Psychic|p2b: Aerodactyl
|-damage|p2b: Aerodactyl|0 fnt
|faint|p2b: Aerodactyl
|move|p2a: Farigiraf|Trick Room|p2a: Farigiraf
|-fieldend|move: Trick Room
|
|upkeep
|
|t:|1782187530
|switch|p2b: Garchomp|Garchomp, L50, F|100/100
|turn|5
|
|t:|1782187551
|move|p2b: Garchomp|Stomping Tantrum|p1a: Sableye
|-damage|p1a: Sableye|0 fnt
|faint|p1a: Sableye
|move|p1b: Armarouge|Psychic|p2b: Garchomp
|-damage|p2b: Garchomp|45/100
|move|p2a: Farigiraf|Thunderbolt|p1b: Armarouge
|-damage|p1b: Armarouge|0 fnt
|faint|p1b: Armarouge
|
|upkeep
|
|t:|1782187558
|switch|p1b: Snorlax|Snorlax, L50, M|52/100
|switch|p1a: Venusaur|Venusaur, L50, M|100/100
|turn|6
|
|t:|1782187569
|detailschange|p1a: Venusaur|Venusaur-Mega, L50, M
|-mega|p1a: Venusaur|Venusaur|Venusaurite
|move|p2b: Garchomp|Dragon Claw|p1b: Snorlax
|-damage|p1b: Snorlax|30/100
|-enditem|p1b: Snorlax|Sitrus Berry|[eat]
|-heal|p1b: Snorlax|55/100|[from] item: Sitrus Berry
|move|p1a: Venusaur|Giga Drain|p2b: Garchomp
|-damage|p2b: Garchomp|8/100
|move|p2a: Farigiraf|Twin Beam|p1a: Venusaur
|-supereffective|p1a: Venusaur|1
|-damage|p1a: Venusaur|76/100
|-supereffective|p1a: Venusaur|1
|-damage|p1a: Venusaur|50/100g
|-hitcount|p1a: Venusaur|2
|move|p1b: Snorlax|Stockpile|p1b: Snorlax
|-start|p1b: Snorlax|stockpile1
|-boost|p1b: Snorlax|def|1
|-boost|p1b: Snorlax|spd|1
|
|upkeep
|turn|7
|
|t:|1782187594
|move|p2b: Garchomp|Stomping Tantrum|p1b: Snorlax
|-damage|p1b: Snorlax|39/100
|move|p1a: Venusaur|Giga Drain|p2b: Garchomp
|-damage|p2b: Garchomp|0 fnt
|-heal|p1a: Venusaur|54/100|[from] drain|[of] p2b: Garchomp
|faint|p2b: Garchomp
|move|p2a: Farigiraf|Twin Beam|p1b: Snorlax
|-damage|p1b: Snorlax|33/100
|-damage|p1b: Snorlax|27/100
|-hitcount|p1b: Snorlax|2
|move|p1b: Snorlax|Facade|p2a: Farigiraf
|-damage|p2a: Farigiraf|72/100
|
|upkeep
|turn|8
|
|t:|1782187603
|move|p1a: Venusaur|Giga Drain|p2a: Farigiraf
|-damage|p2a: Farigiraf|25/100
|-heal|p1a: Venusaur|79/100|[from] drain|[of] p2a: Farigiraf
|-enditem|p2a: Farigiraf|Sitrus Berry|[eat]
|-heal|p2a: Farigiraf|50/100g|[from] item: Sitrus Berry
|move|p2a: Farigiraf|Twin Beam|p1a: Venusaur
|-supereffective|p1a: Venusaur|1
|-crit|p1a: Venusaur
|-damage|p1a: Venusaur|36/100
|-supereffective|p1a: Venusaur|1
|-damage|p1a: Venusaur|9/100
|-hitcount|p1a: Venusaur|2
|move|p1b: Snorlax|Recycle|p1b: Snorlax
|-item|p1b: Snorlax|Sitrus Berry|[from] move: Recycle
|-enditem|p1b: Snorlax|Sitrus Berry|[eat]
|-heal|p1b: Snorlax|52/100|[from] item: Sitrus Berry
|
|upkeep
|turn|9
|
|t:|1782187626
|move|p1a: Venusaur|Giga Drain|p2a: Farigiraf
|-crit|p2a: Farigiraf
|-damage|p2a: Farigiraf|0 fnt
|-heal|p1a: Venusaur|36/100|[from] drain|[of] p2a: Farigiraf
|faint|p2a: Farigiraf
|
|win|FerKillerVGC
||FerKillerVGC is ready for game 2.
||maynustucachero is ready for game 2.
|uhtml|next|Next: Game 2 of 3
|l|☆maynustucachero
|player|p2|
