|j|☆gundi8
|j|☆Sapillo
|html|gundi8Sapillo    
|uhtml|bestof|Game 2 of a best-of-3
|t:|1756245615
|gametype|doubles
|player|p1|gundi8|ethan-gen2|1163
|player|p2|Sapillo|1|1203
|gen|9
|tier|[Gen 9] VGC 2025 Reg H (Bo3)
|rated|
|rule|Species Clause: Limit one of each Pokémon
|rule|Item Clause: Limit 1 of each item
|clearpoke
|poke|p1|Garchomp, L50, M|
|poke|p1|Jumpluff, L50, F|
|poke|p1|Torkoal, L50, M|
|poke|p1|Dragonite, L50, F|
|poke|p1|Kingambit, L50, F|
|poke|p1|Typhlosion-Hisui, L50, M|
|poke|p2|Tyranitar, L50, M|
|poke|p2|Excadrill, L50, F|
|poke|p2|Dragonite, L50, F|
|poke|p2|Incineroar, L50, F|
|poke|p2|Amoonguss, L50, M|
|poke|p2|Primarina, L50, M|
|teampreview|4
|showteam|p1|Garchomp||LifeOrb|RoughSkin|DragonClaw,StompingTantrum,Earthquake,Protect|||M|||50|,,,,,Fire]Jumpluff||CovertCloak|Chlorophyll|LeafStorm,SleepPowder,Encore,Tailwind|||F|||50|,,,,,Dark]Torkoal||EjectPack|Drought|Overheat,BurningJealousy,HelpingHand,Protect|||M|||50|,,,,,Flying]Dragonite||LoadedDice|Multiscale|ScaleShot,ExtremeSpeed,Haze,Protect|||F|||50|,,,,,Fairy]Kingambit||AssaultVest|Defiant|IronHead,SuckerPunch,Assurance,LowKick|||F|||50|,,,,,Flying]Typhlosion-Hisui||ChoiceSpecs|Blaze|Eruption,ShadowBall,HeatWave,Overheat|||M|||50|,,,,,Fire
|showteam|p2|Tyranitar||AssaultVest|SandStream|RockSlide,KnockOff,LowKick,TeraBlast|||M|||50|,,,,,Flying]Excadrill||ClearAmulet|SandRush|IronHead,HighHorsepower,Earthquake,Protect|||F|||50|,,,,,Stellar]Dragonite||LoadedDice|Multiscale|ScaleShot,Haze,Tailwind,Protect|||F|||50|,,,,,Fairy]Incineroar||SafetyGoggles|Intimidate|FakeOut,KnockOff,Taunt,PartingShot|||F|||50|,,,,,Ghost]Amoonguss||SitrusBerry|Regenerator|GigaDrain,Spore,RagePowder,Protect|||M|||50|,,,,,Water]Primarina||ChoiceSpecs|LiquidVoice|Moonblast,HyperVoice,DazzlingGleam,IcyWind|||M|||50|,,,,,Poison
|inactive|Battle timer is ON: inactive players will automatically lose when time's up. (requested by gundi8)
|inactive|Sapillo has 60 seconds left.
|
|t:|1756245665
|teamsize|p1|4
|teamsize|p2|4
|start
|switch|p1a: Jumpluff|Jumpluff, L50, F|100/100
|switch|p1b: Kingambit|Kingambit, L50, F|100/100
|switch|p2a: Dragonite|Dragonite, L50, F|100/100
|switch|p2b: Primarina|Primarina, L50, M|100/100
|turn|1
|
|t:|1756245680
|move|p1a: Jumpluff|Sleep Powder|p2a: Dragonite
|-status|p2a: Dragonite|slp|[from] move: Sleep Powder
|cant|p2a: Dragonite|slp
|move|p2b: Primarina|Hyper Voice|p1a: Jumpluff|[spread] p1a,p1b
|-resisted|p1a: Jumpluff
|-damage|p1a: Jumpluff|75/100
|-damage|p1b: Kingambit|64/100
|move|p1b: Kingambit|Iron Head|p2b: Primarina
|-damage|p2b: Primarina|34/100
|
|upkeep
|turn|2
|
|t:|1756245696
|move|p1a: Jumpluff|Tailwind|p1a: Jumpluff
|-sidestart|p1: gundi8|move: Tailwind
|move|p1b: Kingambit|Iron Head|p2a: Dragonite
|-damage|p2a: Dragonite|75/100 slp
|-curestatus|p2a: Dragonite|slp|[msg]
|move|p2a: Dragonite|Scale Shot|p1a: Jumpluff
|-damage|p1a: Jumpluff|56/100
|-damage|p1a: Jumpluff|39/100
|-crit|p1a: Jumpluff
|-damage|p1a: Jumpluff|14/100
|-damage|p1a: Jumpluff|0 fnt
|faint|p1a: Jumpluff
|-hitcount|p1: Jumpluff|4
|-unboost|p2a: Dragonite|def|1
|-boost|p2a: Dragonite|spe|1
|move|p2b: Primarina|Hyper Voice|p1b: Kingambit
|-damage|p1b: Kingambit|21/100
|
|upkeep
|
|t:|1756245705
|switch|p1a: Typhlosion|Typhlosion-Hisui, L50, M|100/100
|turn|3
|
|t:|1756245717
|move|p1a: Typhlosion|Eruption|p2b: Primarina|[spread] p2a,p2b
|-resisted|p2a: Dragonite
|-resisted|p2b: Primarina
|-damage|p2a: Dragonite|33/100
|-damage|p2b: Primarina|0 fnt
|faint|p2b: Primarina
|move|p2a: Dragonite|Tailwind|p2a: Dragonite
|-sidestart|p2: Sapillo|move: Tailwind
|move|p1b: Kingambit|Low Kick|p2a: Dragonite
|-resisted|p2a: Dragonite
|-damage|p2a: Dragonite|0 fnt
|faint|p2a: Dragonite
|
|upkeep
|
|t:|1756245720
|switch|p2a: Tyranitar|Tyranitar, L50, M|100/100
|switch|p2b: Incineroar|Incineroar, L50, F|100/100
|-weather|Sandstorm|[from] ability: Sand Stream|[of] p2a: Tyranitar
|-ability|p2b: Incineroar|Intimidate|boost
|-unboost|p1a: Typhlosion|atk|1
|-unboost|p1b: Kingambit|atk|1
|-ability|p1b: Kingambit|Defiant|boost
|-boost|p1b: Kingambit|atk|2
|turn|4
|
|t:|1756245735
|switch|p1b: Torkoal|Torkoal, L50, M, shiny|100/100
|-weather|SunnyDay|[from] ability: Drought|[of] p1b: Torkoal
|move|p1a: Typhlosion|Eruption|p2a: Tyranitar|[spread] p2a,p2b
|-resisted|p2a: Tyranitar
|-resisted|p2b: Incineroar
|-damage|p2a: Tyranitar|65/100
|-damage|p2b: Incineroar|49/100
|move|p2a: Tyranitar|Rock Slide|p1b: Torkoal|[spread] p1b
|-miss|p2a: Tyranitar|p1a: Typhlosion
|-supereffective|p1b: Torkoal
|-damage|p1b: Torkoal|51/100
|move|p2b: Incineroar|Knock Off|p1a: Typhlosion
|-supereffective|p1a: Typhlosion
|-damage|p1a: Typhlosion|0 fnt
|-enditem|p1a: Typhlosion|Choice Specs|[from] move: Knock Off|[of] p2b: Incineroar
|faint|p1a: Typhlosion
|
|-weather|SunnyDay|[upkeep]
|upkeep
|
|t:|1756245742
|switch|p1a: Kingambit|Kingambit, L50, F|21/100
|turn|5
|inactive|gundi8 has 30 seconds left.
|
|t:|1756245769
|move|p1a: Kingambit|Low Kick|p2a: Tyranitar
|-supereffective|p2a: Tyranitar
|-damage|p2a: Tyranitar|0 fnt
|faint|p2a: Tyranitar
|move|p2b: Incineroar|Knock Off|p1a: Kingambit
|-resisted|p1a: Kingambit
|-damage|p1a: Kingambit|4/100
|-enditem|p1a: Kingambit|Assault Vest|[from] move: Knock Off|[of] p2b: Incineroar
|move|p1b: Torkoal|Overheat|p2b: Incineroar
|-resisted|p2b: Incineroar
|-damage|p2b: Incineroar|20/100
|-unboost|p1b: Torkoal|spa|2
|
|-weather|SunnyDay|[upkeep]
|-sideend|p1: gundi8|move: Tailwind
|upkeep
|turn|6
|
|t:|1756245780
|move|p1b: Torkoal|Helping Hand|p1a: Kingambit
|-singleturn|p1a: Kingambit|Helping Hand|[of] p1b: Torkoal
|move|p1a: Kingambit|Sucker Punch|p2b: Incineroar
|-resisted|p2b: Incineroar
|-damage|p2b: Incineroar|0 fnt
|faint|p2b: Incineroar
|
|win|gundi8
||Sapillo is ready for game 3.
