|j|☆pezao_m
|j|☆coolastepojken
|html|pezao_mcoolastepojken    
|uhtml|bestof|Game 1 of a best-of-3
|t:|1785082895
|gametype|doubles
|player|p1|pezao_m|shauntal|1012
|player|p2|coolastepojken|101|1000
|gen|9
|tier|[Gen 9 Champions] VGC 2026 Reg M-B (Bo3)
|rated|
|rule|Species Clause: Limit one of each Pokémon
|rule|Item Clause: Limit 1 of each item
|clearpoke
|poke|p1|Swampert, L50, M|
|poke|p1|Pelipper, L50, M|
|poke|p1|Goodra, L50, M|
|poke|p1|Raichu, L50, M|
|poke|p1|Klefki, L50, M|
|poke|p1|Ceruledge, L50, M|
|poke|p2|Torkoal, L50, F|
|poke|p2|Mimikyu, L50, M|
|poke|p2|Farigiraf, L50, F|
|poke|p2|Sylveon, L50, M|
|poke|p2|Hydreigon, L50, M|
|poke|p2|Vileplume, L50, M|
|teampreview|4
|showteam|p1|Swampert||Swampertite|Damp|WaveCrash,Earthquake,Protect,FlipTurn|Careful||M|||50|]Pelipper||SitrusBerry|Drizzle|Hurricane,Tailwind,Protect,MuddyWater|Bold||M|||50|]Goodra||Leftovers|SapSipper|AcidArmor,DracoMeteor,Flamethrower,Protect|Modest||M|||50|]Raichu||RaichuniteY|LightningRod|ZapCannon,FocusBlast,Protect,FakeOut|Hasty||M|||50|]Klefki||MentalHerb|Prankster|LightScreen,Reflect,FoulPlay,RainDance|Bold||M|||50|]Ceruledge||FocusSash|FlashFire|BulkUp,BitterBlade,ShadowClaw,Protect|Jolly||M|||50|
|showteam|p2|Torkoal||Charcoal|Drought|Eruption,WeatherBall,Protect,SolarBeam|Modest||F|||50|]Mimikyu||LifeOrb|Disguise|TrickRoom,SwordsDance,ShadowSneak,WoodHammer|Brave||M|||50|]Farigiraf||ColburBerry|ArmorTail|HelpingHand,TrickRoom,SkillSwap,Psychic|Sassy||F|||50|]Sylveon||FairyFeather|Pixilate|HyperVoice,QuickAttack,Protect,CalmMind|Relaxed||M|||50|]Hydreigon||ChoiceScarf|Levitate|Uturn,DracoMeteor,DarkPulse,EarthPower|Timid||M|||50|]Vileplume||FocusSash|Chlorophyll|WeatherBall,AfterYou,Protect,SludgeBomb|Modest||M|||50|
|inactive|Battle timer is ON: inactive players will automatically lose when time's up. (requested by pezao_m)
|
|t:|1785082961
|teamsize|p1|4
|teamsize|p2|4
|start
|switch|p1a: Swampert|Swampert, L50, M|100/100
|switch|p1b: Pelipper|Pelipper, L50, M|100/100
|switch|p2a: Farigiraf|Farigiraf, L50, F|100/100
|switch|p2b: Hydreigon|Hydreigon, L50, M|100/100
|-weather|RainDance|[from] ability: Drizzle|[of] p1b: Pelipper
|turn|1
|inactive|pezao_m has 30 seconds left.
|inactive|coolastepojken has 30 seconds left.
|inactive|coolastepojken has 20 seconds left.
|inactive|coolastepojken has 15 seconds left.
|
|t:|1785083001
|detailschange|p1a: Swampert|Swampert-Mega, L50, M
|-mega|p1a: Swampert|Swampert|Swampertite
|move|p2b: Hydreigon|U-turn|p1a: Swampert
|-damage|p1a: Swampert|86/100
|
|t:|1785083005
|switch|p2b: Mimikyu|Mimikyu, L50, M|100/100|[from] U-turn
|move|p1a: Swampert|Flip Turn|p2b: Mimikyu
|-activate|p2b: Mimikyu|ability: Disguise
|-damage|p2b: Mimikyu|100/100
|detailschange|p2b: Mimikyu|Mimikyu-Busted, L50, M
|-damage|p2b: Mimikyu|87/100|[from] pokemon: Mimikyu-Busted
|
|t:|1785083025
|switch|p1a: Klefki|Klefki, L50, M|100/100|[from] Flip Turn
|move|p1b: Pelipper|Hurricane|p2b: Mimikyu
|-damage|p2b: Mimikyu|46/100
|-start|p2b: Mimikyu|confusion
|move|p2a: Farigiraf|Trick Room|p2a: Farigiraf
|-fieldstart|move: Trick Room|[of] p2a: Farigiraf
|
|-weather|RainDance|[upkeep]
|upkeep
|turn|2
|inactive|coolastepojken has 30 seconds left.
|inactive|coolastepojken has 20 seconds left.
|inactive|coolastepojken has 15 seconds left.
|inactive|coolastepojken has 10 seconds left.
|
|t:|1785083074
|move|p1b: Pelipper|Protect|p1b: Pelipper
|-singleturn|p1b: Pelipper|Protect
|move|p1a: Klefki|Light Screen|p1a: Klefki
|-sidestart|p1: pezao_m|move: Light Screen
|move|p2a: Farigiraf|Psychic|p1b: Pelipper
|-activate|p1b: Pelipper|move: Protect
|-activate|p2b: Mimikyu|confusion
|move|p2b: Mimikyu|Swords Dance|p2b: Mimikyu
|-boost|p2b: Mimikyu|atk|2
|
|-weather|RainDance|[upkeep]
|upkeep
|turn|3
|inactive|pezao_m has 30 seconds left.
|inactive|coolastepojken has 30 seconds left.
|
|t:|1785083106
|switch|p1b: Ceruledge|Ceruledge, L50, M|100/100
|move|p2a: Farigiraf|Helping Hand|p2b: Mimikyu
|-singleturn|p2b: Mimikyu|Helping Hand|[of] p2a: Farigiraf
|-activate|p2b: Mimikyu|confusion
|-damage|p2b: Mimikyu|14/100|[from] confusion
|move|p1a: Klefki|Foul Play|p2b: Mimikyu
|-damage|p2b: Mimikyu|0 fnt
|faint|p2b: Mimikyu
|
|-weather|RainDance|[upkeep]
|upkeep
|
|t:|1785083118
|switch|p2b: Torkoal|Torkoal, L50, F|100/100
|-weather|SunnyDay|[from] ability: Drought|[of] p2b: Torkoal
|turn|4
|inactive|coolastepojken has 30 seconds left.
|
|t:|1785083144
|move|p1a: Klefki|Rain Dance|p1a: Klefki
|-weather|RainDance
|move|p2b: Torkoal|Eruption|p1a: Klefki|[spread] p1a
|-start|p1b: Ceruledge|ability: Flash Fire
|-supereffective|p1a: Klefki|1
|-damage|p1a: Klefki|58/100
|move|p2a: Farigiraf|Skill Swap|p2b: Torkoal
|-activate|p2a: Farigiraf|Skill Swap|||[of] p2b: Torkoal
|-weather|SunnyDay|[from] ability: Drought|[of] p2a: Farigiraf
|move|p1b: Ceruledge|Bulk Up|p1b: Ceruledge
|-boost|p1b: Ceruledge|atk|1
|-boost|p1b: Ceruledge|def|1
|
|-weather|SunnyDay|[upkeep]
|upkeep
|turn|5
|inactive|pezao_m has 30 seconds left.
|inactive|coolastepojken has 30 seconds left.
|
|t:|1785083179
|switch|p2b: Hydreigon|Hydreigon, L50, M|100/100
|move|p1a: Klefki|Reflect|p1a: Klefki
|-sidestart|p1: pezao_m|Reflect
|move|p2a: Farigiraf|Skill Swap|p1b: Ceruledge
|-activate|p2a: Farigiraf|Skill Swap|Flash Fire|Drought|[of] p1b: Ceruledge
|-end|p1b: Ceruledge|ability: Flash Fire|[silent]
|move|p1b: Ceruledge|Bitter Blade|p2a: Farigiraf
|-start|p2a: Farigiraf|ability: Flash Fire
|
|-weather|SunnyDay|[upkeep]
|-fieldend|move: Trick Room
|upkeep
|turn|6
|inactive|pezao_m has 30 seconds left.
|inactive|coolastepojken has 30 seconds left.
|inactive|pezao_m has 20 seconds left.
|inactive|pezao_m has 15 seconds left.
|inactive|pezao_m has 10 seconds left.
|inactive|pezao_m has 5 seconds left.
|
|t:|1785083231
|move|p2a: Farigiraf|Helping Hand|p2b: Hydreigon
|-singleturn|p2b: Hydreigon|Helping Hand|[of] p2a: Farigiraf
|move|p2b: Hydreigon|Earth Power|p1b: Ceruledge
|-supereffective|p1b: Ceruledge|1
|-damage|p1b: Ceruledge|22/100
|move|p1b: Ceruledge|Bitter Blade|p2b: Hydreigon
|-resisted|p2b: Hydreigon|1
|-damage|p2b: Hydreigon|37/100
|-heal|p1b: Ceruledge|57/100|[from] drain|[of] p2b: Hydreigon
|move|p1a: Klefki|Foul Play|p2a: Farigiraf
|-supereffective|p2a: Farigiraf|1
|-enditem|p2a: Farigiraf|Colbur Berry|[eat]
|-enditem|p2a: Farigiraf|Colbur Berry|[weaken]
|-damage|p2a: Farigiraf|77/100
|
|-weather|SunnyDay|[upkeep]
|-sideend|p1: pezao_m|move: Light Screen
|upkeep
|turn|7
|inactive|pezao_m has 30 seconds left.
|
|t:|1785083266
|switch|p1b: Pelipper|Pelipper, L50, M|100/100
|-weather|RainDance|[from] ability: Drizzle|[of] p1b: Pelipper
|switch|p1a: Swampert|Swampert-Mega, L50, M|86/100
|move|p2a: Farigiraf|Helping Hand|p2b: Hydreigon
|-singleturn|p2b: Hydreigon|Helping Hand|[of] p2a: Farigiraf
|move|p2b: Hydreigon|Earth Power|p1b: Pelipper
|-immune|p1b: Pelipper
|
|-weather|RainDance|[upkeep]
|upkeep
|turn|8
|inactive|coolastepojken has 30 seconds left.
|inactive|coolastepojken has 20 seconds left.
|
|t:|1785083302
|switch|p2b: Torkoal|Torkoal, L50, F|100/100
|-weather|SunnyDay|[from] ability: Drought|[of] p2b: Torkoal
|move|p1a: Swampert|Wave Crash|p2a: Farigiraf
|-damage|p2a: Farigiraf|49/100
|-damage|p1a: Swampert|76/100|[from] Recoil
|move|p1b: Pelipper|Tailwind|p1b: Pelipper
|-sidestart|p1: pezao_m|move: Tailwind
|move|p2a: Farigiraf|Psychic|p1a: Swampert
|-damage|p1a: Swampert|55/100
|
|-weather|SunnyDay|[upkeep]
|upkeep
|turn|9
|
|t:|1785083321
|move|p2b: Torkoal|Protect|p2b: Torkoal
|-singleturn|p2b: Torkoal|Protect
|move|p1a: Swampert|Earthquake|p2b: Torkoal|[spread] p2a
|-activate|p2b: Torkoal|move: Protect
|-immune|p1b: Pelipper
|-damage|p2a: Farigiraf|8/100
|move|p1b: Pelipper|Muddy Water|p2b: Torkoal|[spread] p2a
|-activate|p2b: Torkoal|move: Protect
|-damage|p2a: Farigiraf|1/100
|-unboost|p2a: Farigiraf|accuracy|1
|move|p2a: Farigiraf|Trick Room|p2a: Farigiraf
|-fieldstart|move: Trick Room|[of] p2a: Farigiraf
|
|-weather|SunnyDay|[upkeep]
|-sideend|p1: pezao_m|Reflect
|upkeep
|turn|10
|c|☆pezao_m|??????????
|n|!pezao_m|pezaom
|-message|pezao_m forfeited.
|
|win|coolastepojken
