|j|☆Lucariocrown
|j|☆Llama_Llord
|html|LucariocrownLlama_Llord    
|uhtml|bestof|Game 2 of a best-of-3
|t:|1756598557
|gametype|doubles
|player|p1|Lucariocrown|169|1002
|player|p2|Llama_Llord|170|1073
|gen|9
|tier|[Gen 9] VGC 2025 Reg H (Bo3)
|rated|
|rule|Species Clause: Limit one of each Pokémon
|rule|Item Clause: Limit 1 of each item
|clearpoke
|poke|p1|Conkeldurr, L50, F|
|poke|p1|Ursaluna, L50, F|
|poke|p1|Arcanine-Hisui, L50, M|
|poke|p1|Primarina, L50, F|
|poke|p1|Gholdengo, L50|
|poke|p1|Whimsicott, L50, F|
|poke|p2|Meowscarada, L50, M|
|poke|p2|Primarina, L50, M|
|poke|p2|Indeedee, L50, M|
|poke|p2|Sneasler, L50, M|
|poke|p2|Tatsugiri, L50, F|
|poke|p2|Amoonguss, L50, F|
|teampreview|4
|showteam|p1|Conkeldurr||LifeOrb|SheerForce|RockSlide,CloseCombat,HammerArm,Protect|||F|||50|,,,,,Fighting]Ursaluna||FlameOrb|Guts|HeadlongRush,Facade,Curse,Protect|||F|||50|,,,,,Ground]Arcanine-Hisui||Leftovers|Intimidate|FlareBlitz,Protect,StealthRock,RockSlide|||M|||50|,,,,,Ghost]Primarina||EjectPack|LiquidVoice|Moonblast,HyperVoice,Haze,Protect|||F|||50|,,,,,Poison]Gholdengo||ChoiceSpecs|GoodasGold|DazzlingGleam,MakeItRain,ShadowBall,FlashCannon||||||50|,,,,,Fairy]Whimsicott||FocusSash|Prankster|TeraBlast,Tailwind,Protect,CottonSpore|||F|||50|,,,,,Ground
|showteam|p2|Meowscarada||FocusSash|Overgrow|GrassPledge,KnockOff,FlowerTrick,Protect|||M|||50|,,,,,Fairy]Primarina||LifeOrb|LiquidVoice|WaterPledge,HyperVoice,Moonblast,Protect|||M|||50|,,,,,Poison]Indeedee||SafetyGoggles|PsychicSurge|ExpandingForce,Protect,TrickRoom,Imprison|||M|||50|,,,,,Fire]Sneasler||PsychicSeed|Unburden|DireClaw,CloseCombat,ThroatChop,Protect|||M|||50|,,,,,Stellar]Tatsugiri||AssaultVest|StormDrain|DracoMeteor,IcyWind,TeraBlast,Surf|||F|||50|,,,,,Ground]Amoonguss||SitrusBerry|EffectSpore|Spore,RagePowder,SludgeBomb,Protect|||F|||50|,,,,,Steel
|inactive|Battle timer is ON: inactive players will automatically lose when time's up. (requested by Llama_Llord)
|
|t:|1756598577
|teamsize|p1|4
|teamsize|p2|4
|start
|switch|p1a: Whimsicott|Whimsicott, L50, F|100/100
|switch|p1b: Primarina|Primarina, L50, F|100/100
|switch|p2a: Puss in Boots|Meowscarada, L50, M|100/100
|switch|p2b: Fiona|Primarina, L50, M|100/100
|turn|1
|
|t:|1756598602
|move|p1b: Primarina|Protect|p1b: Primarina
|-singleturn|p1b: Primarina|Protect
|move|p1a: Whimsicott|Tailwind|p1a: Whimsicott
|-sidestart|p1: Lucariocrown|move: Tailwind
|move|p2a: Puss in Boots|Grass Pledge|p1a: Whimsicott
|-waiting|p2a: Puss in Boots|p2b: Fiona
|move|p2b: Fiona|Water Pledge|p1a: Whimsicott|[from] move: Grass Pledge
|-combine
|-resisted|p1a: Whimsicott
|-damage|p1a: Whimsicott|35/100
|-sidestart|p1: Lucariocrown|Grass Pledge
|-damage|p2b: Fiona|91/100|[from] item: Life Orb
|
|upkeep
|turn|2
|inactive|Lucariocrown has 30 seconds left.
|inactive|Lucariocrown has 20 seconds left.
|
|t:|1756598637
|switch|p2b: Indeedee|Indeedee, L50, M|100/100
|-fieldstart|move: Psychic Terrain|[from] ability: Psychic Surge|[of] p2b: Indeedee
|move|p1a: Whimsicott|Cotton Spore|p2b: Indeedee|[spread] 
|-activate|p2a: Puss in Boots|move: Psychic Terrain
|-activate|p2b: Indeedee|move: Psychic Terrain
|move|p2a: Puss in Boots|Flower Trick|p1b: Primarina
|-supereffective|p1b: Primarina
|-crit|p1b: Primarina
|-damage|p1b: Primarina|0 fnt
|faint|p1b: Primarina
|
|upkeep
|
|t:|1756598657
|switch|p1b: Arcanine|Arcanine-Hisui, L50, M|100/100
|-ability|p1b: Arcanine|Intimidate|boost
|-unboost|p2a: Puss in Boots|atk|1
|-unboost|p2b: Indeedee|atk|1
|turn|3
|
|t:|1756598664
|move|p1a: Whimsicott|Protect|p1a: Whimsicott
|-singleturn|p1a: Whimsicott|Protect
|move|p1b: Arcanine|Protect|p1b: Arcanine
|-singleturn|p1b: Arcanine|Protect
|move|p2a: Puss in Boots|Flower Trick|p1b: Arcanine
|-activate|p1b: Arcanine|move: Protect
|move|p2b: Indeedee|Expanding Force|p1a: Whimsicott|[spread] 
|-activate|p1a: Whimsicott|move: Protect
|-activate|p1b: Arcanine|move: Protect
|
|upkeep
|turn|4
|
|t:|1756598686
|move|p2a: Puss in Boots|Flower Trick|p1b: Arcanine
|-crit|p1b: Arcanine
|-damage|p1b: Arcanine|30/100
|move|p2b: Indeedee|Expanding Force|p1a: Whimsicott|[spread] p1a,p1b
|-damage|p1a: Whimsicott|0 fnt
|-damage|p1b: Arcanine|0 fnt
|faint|p1a: Whimsicott
|faint|p1b: Arcanine
|
|-sideend|p1: Lucariocrown|move: Tailwind
|-sideend|p1: Lucariocrown|Grass Pledge
|upkeep
|
|t:|1756598695
|switch|p1b: Ursaluna|Ursaluna, L50, F|100/100
|turn|5
|
|t:|1756598707
|move|p2a: Puss in Boots|Flower Trick|p1b: Ursaluna
|-supereffective|p1b: Ursaluna
|-crit|p1b: Ursaluna
|-damage|p1b: Ursaluna|25/100
|move|p2b: Indeedee|Imprison|p2b: Indeedee
|-start|p2b: Indeedee|move: Imprison
|move|p1b: Ursaluna|Facade|p2a: Puss in Boots
|-damage|p2a: Puss in Boots|35/100
|
|-status|p1b: Ursaluna|brn|[from] item: Flame Orb
|upkeep
|turn|6
|inactive|Lucariocrown has 30 seconds left.
|
|t:|1756598736
|move|p2a: Puss in Boots|Flower Trick|p1b: Ursaluna
|-supereffective|p1b: Ursaluna
|-crit|p1b: Ursaluna
|-damage|p1b: Ursaluna|0 fnt
|faint|p1b: Ursaluna
|
|win|Llama_Llord
|raw|Lucariocrown's rating: 1002 → 1000(-2 for losing)
|raw|Llama_Llord's rating: 1101 → 1119(+18 for winning)
