|j|☆farmingsim2421
|j|☆kevin de bruxish
|html|farmingsim2421kevin de bruxish    
|uhtml|bestof|Game 1 of a best-of-3
|t:|1756514443
|gametype|doubles
|player|p1|farmingsim2421|elesa|1077
|player|p2|kevin de bruxish|102|1146
|gen|9
|tier|[Gen 9] VGC 2025 Reg H (Bo3)
|rated|
|rule|Species Clause: Limit one of each Pokémon
|rule|Item Clause: Limit 1 of each item
|clearpoke
|poke|p1|Archaludon, L50, F|
|poke|p1|Basculegion, L50, M|
|poke|p1|Pelipper, L50, M|
|poke|p1|Amoonguss, L50, M|
|poke|p1|Incineroar, L50, M|
|poke|p1|Gholdengo, L50|
|poke|p2|Incineroar, L50, M|
|poke|p2|Dragonite, L50, M|
|poke|p2|Weezing, L50, M|
|poke|p2|Gholdengo, L50|
|poke|p2|Ursaluna-Bloodmoon, L50, M|
|poke|p2|Sneasler, L50, M|
|teampreview|4
|showteam|p1|Archaludon||AssaultVest|Stamina|ElectroShot,BodyPress,FlashCannon,DracoMeteor|||F|||50|,,,,,Grass]Basculegion||LifeOrb|SwiftSwim|Protect,WaveCrash,AquaJet,LastRespects|||M|||50|,,,,,Dark]Pelipper||FocusSash|Drizzle|Hurricane,WeatherBall,Tailwind,Protect|||M|||50|,,,,,Ghost]Amoonguss||SitrusBerry|Regenerator|Spore,RagePowder,PollenPuff,BulletSeed|||M|||50|,,,,,Water]Incineroar||CovertCloak|Intimidate|FakeOut,FlareBlitz,KnockOff,PartingShot|||M|||50|,,,,,Flying]Gholdengo||MetalCoat|GoodasGold|NastyPlot,Protect,MakeItRain,ShadowBall||||||50|,,,,,Fairy
|showteam|p2|Incineroar||AbilityShield|Intimidate|PartingShot,FlareBlitz,KnockOff,FakeOut|||M|||50|,,,,,Ghost]Dragonite||LoadedDice|Multiscale|ScaleShot,Tailwind,ExtremeSpeed,Protect|||M|||50|,,,,,Steel]Weezing||SitrusBerry|NeutralizingGas|GunkShot,WillOWisp,Taunt,Protect|||M|||50|,,,,,Flying]Gholdengo||LifeOrb|GoodasGold|MakeItRain,ShadowBall,NastyPlot,Protect||||||50|,,,,,Water]Ursaluna-Bloodmoon||AssaultVest|MindsEye|BloodMoon,EarthPower,HyperVoice,VacuumWave|||M|||50|,,,,,Water]Sneasler||FocusSash|Unburden|DireClaw,CloseCombat,Coaching,Protect|||M|||50|,,,,,Stellar
|inactive|Battle timer is ON: inactive players will automatically lose when time's up. (requested by kevin de bruxish)
|inactive|farmingsim2421 has 60 seconds left.
|
|t:|1756514500
|teamsize|p1|4
|teamsize|p2|4
|start
|switch|p1a: RealWolfeyVGC|Incineroar, L50, M|100/100
|switch|p1b: Acid|Amoonguss, L50, M|100/100
|switch|p2a: Weezing|Weezing, L50, M|100/100
|switch|p2b: Dragonite|Dragonite, L50, M|100/100
|-ability|p2a: Weezing|Neutralizing Gas
|turn|1
|inactive|farmingsim2421 has 30 seconds left.
|
|t:|1756514526
|move|p2b: Dragonite|Protect|p2b: Dragonite
|-singleturn|p2b: Dragonite|Protect
|move|p2a: Weezing|Protect|p2a: Weezing
|-singleturn|p2a: Weezing|Protect
|move|p1a: RealWolfeyVGC|Knock Off|p2b: Dragonite
|-activate|p2b: Dragonite|move: Protect
|move|p1b: Acid|Spore|p2a: Weezing
|-activate|p2a: Weezing|move: Protect
|
|upkeep
|turn|2
|
|t:|1756514542
|move|p2b: Dragonite|Scale Shot|p1a: RealWolfeyVGC
|-damage|p1a: RealWolfeyVGC|84/100
|-crit|p1a: RealWolfeyVGC
|-damage|p1a: RealWolfeyVGC|60/100
|-damage|p1a: RealWolfeyVGC|46/100
|-damage|p1a: RealWolfeyVGC|30/100
|-hitcount|p1a: RealWolfeyVGC|4
|-unboost|p2b: Dragonite|def|1
|-boost|p2b: Dragonite|spe|1
|move|p1a: RealWolfeyVGC|Parting Shot|p2b: Dragonite
|-unboost|p2b: Dragonite|atk|1
|-unboost|p2b: Dragonite|spa|1
|
|t:|1756514549
|switch|p1a: Dead Fish|Basculegion, L50, M|100/100|[from] Parting Shot
|move|p2a: Weezing|Taunt|p1b: Acid
|-start|p1b: Acid|move: Taunt
|cant|p1b: Acid|move: Taunt|Spore
|
|upkeep
|turn|3
|inactive|farmingsim2421 has 30 seconds left.
|inactive|farmingsim2421 has 20 seconds left.
|
|t:|1756514586
|move|p2b: Dragonite|Scale Shot|p1b: Acid|[miss]
|-miss|p2b: Dragonite|p1b: Acid
|move|p1a: Dead Fish|Wave Crash|p2a: Weezing
|-damage|p2a: Weezing|26/100
|-enditem|p2a: Weezing|Sitrus Berry|[eat]
|-heal|p2a: Weezing|51/100|[from] item: Sitrus Berry
|-damage|p1a: Dead Fish|79/100|[from] Recoil
|-damage|p1a: Dead Fish|69/100|[from] item: Life Orb
|move|p2a: Weezing|Gunk Shot|p1b: Acid
|-damage|p1b: Acid|69/100
|move|p1b: Acid|Pollen Puff|p1a: Dead Fish
|-heal|p1a: Dead Fish|100/100
|
|upkeep
|turn|4
|inactive|farmingsim2421 has 30 seconds left.
|
|t:|1756514615
|move|p1a: Dead Fish|Protect|p1a: Dead Fish
|-singleturn|p1a: Dead Fish|Protect
|move|p2a: Weezing|Protect|p2a: Weezing
|-singleturn|p2a: Weezing|Protect
|move|p2b: Dragonite|Scale Shot|p1a: Dead Fish
|-activate|p1a: Dead Fish|move: Protect
|move|p1b: Acid|Bullet Seed|p2b: Dragonite
|-resisted|p2b: Dragonite
|-damage|p2b: Dragonite|98/100
|-resisted|p2b: Dragonite
|-damage|p2b: Dragonite|95/100
|-resisted|p2b: Dragonite
|-damage|p2b: Dragonite|92/100
|-resisted|p2b: Dragonite
|-damage|p2b: Dragonite|90/100
|-hitcount|p2b: Dragonite|4
|
|-end|p1b: Acid|move: Taunt
|upkeep
|turn|5
|
|t:|1756514638
|move|p2b: Dragonite|Tailwind|p2b: Dragonite
|-sidestart|p2: kevin de bruxish|move: Tailwind
|move|p2a: Weezing|Taunt|p1b: Acid
|-start|p1b: Acid|move: Taunt
|move|p1a: Dead Fish|Wave Crash|p2a: Weezing
|-damage|p2a: Weezing|0 fnt
|faint|p2a: Weezing
|-end|p2a: Weezing|ability: Neutralizing Gas
|-damage|p1a: Dead Fish|86/100|[from] Recoil
|-damage|p1a: Dead Fish|76/100|[from] item: Life Orb
|cant|p1b: Acid|move: Taunt|Spore
|
|upkeep
|
|t:|1756514650
|switch|p2a: Gholdengo|Gholdengo, L50|100/100
|turn|6
|
|t:|1756514659
|switch|p1b: Wingman|Pelipper, L50, M, shiny|100/100
|-weather|RainDance|[from] ability: Drizzle|[of] p1b: Wingman
|move|p2b: Dragonite|Scale Shot|p1a: Dead Fish
|-damage|p1a: Dead Fish|64/100
|-damage|p1a: Dead Fish|51/100
|-damage|p1a: Dead Fish|37/100
|-damage|p1a: Dead Fish|25/100
|-hitcount|p1a: Dead Fish|4
|-unboost|p2b: Dragonite|def|1
|-boost|p2b: Dragonite|spe|1
|move|p2a: Gholdengo|Shadow Ball|p1a: Dead Fish
|-supereffective|p1a: Dead Fish
|-damage|p1a: Dead Fish|0 fnt
|faint|p1a: Dead Fish
|-damage|p2a: Gholdengo|91/100|[from] item: Life Orb
|
|-weather|RainDance|[upkeep]
|upkeep
|
|t:|1756514678
|switch|p1a: Acid|Amoonguss, L50, M|100/100
|turn|7
|
|t:|1756514708
|move|p2b: Dragonite|Scale Shot|p1b: Wingman
|-damage|p1b: Wingman|85/100
|-damage|p1b: Wingman|71/100
|-damage|p1b: Wingman|58/100
|-damage|p1b: Wingman|44/100
|-damage|p1b: Wingman|29/100
|-hitcount|p1b: Wingman|5
|-unboost|p2b: Dragonite|def|1
|-boost|p2b: Dragonite|spe|1
|move|p2a: Gholdengo|Shadow Ball|p1b: Wingman
|-damage|p1b: Wingman|0 fnt
|faint|p1b: Wingman
|-damage|p2a: Gholdengo|81/100|[from] item: Life Orb
|move|p1a: Acid|Spore|p2b: Dragonite
|-status|p2b: Dragonite|slp|[from] move: Spore
|
|-weather|RainDance|[upkeep]
|upkeep
|
|t:|1756514725
|switch|p1b: RealWolfeyVGC|Incineroar, L50, M|30/100
|-ability|p1b: RealWolfeyVGC|Intimidate|boost
|-unboost|p2a: Gholdengo|atk|1
|-unboost|p2b: Dragonite|atk|1
|turn|8
|inactive|farmingsim2421 has 30 seconds left.
|
|t:|1756514755
|-terastallize|p2a: Gholdengo|Water
|move|p1b: RealWolfeyVGC|Fake Out|p2a: Gholdengo
|-damage|p2a: Gholdengo|68/100
|cant|p2b: Dragonite|slp
|cant|p2a: Gholdengo|flinch
|move|p1a: Acid|Pollen Puff|p1b: RealWolfeyVGC
|-heal|p1b: RealWolfeyVGC|80/100
|
|-weather|RainDance|[upkeep]
|-sideend|p2: kevin de bruxish|move: Tailwind
|upkeep
|turn|9
|inactive|farmingsim2421 has 30 seconds left.
|
|t:|1756514784
|cant|p2b: Dragonite|slp
|move|p2a: Gholdengo|Nasty Plot|p2a: Gholdengo
|-boost|p2a: Gholdengo|spa|2
|move|p1b: RealWolfeyVGC|Knock Off|p2a: Gholdengo
|-damage|p2a: Gholdengo|21/100
|-enditem|p2a: Gholdengo|Life Orb|[from] move: Knock Off|[of] p1b: RealWolfeyVGC
|move|p1a: Acid|Pollen Puff|p1b: RealWolfeyVGC
|-heal|p1b: RealWolfeyVGC|100/100
|
|-weather|RainDance|[upkeep]
|upkeep
|turn|10
|inactive|farmingsim2421 has 30 seconds left.
|
|t:|1756514813
|switch|p2b: Ursaluna|Ursaluna-Bloodmoon, L50, M|100/100
|move|p2a: Gholdengo|Make It Rain|p1b: RealWolfeyVGC|[spread] p1a,p1b
|-resisted|p1b: RealWolfeyVGC
|-damage|p1a: Acid|30/100
|-damage|p1b: RealWolfeyVGC|55/100
|-unboost|p2a: Gholdengo|spa|1
|-enditem|p1a: Acid|Sitrus Berry|[eat]
|-heal|p1a: Acid|55/100|[from] item: Sitrus Berry
|move|p1b: RealWolfeyVGC|Knock Off|p2a: Gholdengo
|-damage|p2a: Gholdengo|0 fnt
|faint|p2a: Gholdengo
|move|p1a: Acid|Pollen Puff|p1b: RealWolfeyVGC
|-heal|p1b: RealWolfeyVGC|100/100
|
|-weather|none
|upkeep
|
|t:|1756514820
|switch|p2a: Dragonite|Dragonite, L50, M|90/100 slp
|turn|11
|inactive|farmingsim2421 has 30 seconds left.
|
|t:|1756514857
|-terastallize|p1b: RealWolfeyVGC|Flying
|cant|p2a: Dragonite|slp
|move|p1b: RealWolfeyVGC|Knock Off|p2a: Dragonite
|-damage|p2a: Dragonite|39/100 slp
|-enditem|p2a: Dragonite|Loaded Dice|[from] move: Knock Off|[of] p1b: RealWolfeyVGC
|move|p2b: Ursaluna|Earth Power|p1b: RealWolfeyVGC
|-immune|p1b: RealWolfeyVGC
|move|p1a: Acid|Spore|p2b: Ursaluna
|-status|p2b: Ursaluna|slp|[from] move: Spore
|
|upkeep
|turn|12
|inactive|farmingsim2421 has 30 seconds left.
|inactive|farmingsim2421 has 20 seconds left.
|
|t:|1756514895
|-curestatus|p2a: Dragonite|slp|[msg]
|move|p2a: Dragonite|Scale Shot|p1a: Acid
|-crit|p1a: Acid
|-damage|p1a: Acid|36/100
|-damage|p1a: Acid|22/100
|-damage|p1a: Acid|9/100
|-damage|p1a: Acid|0 fnt
|faint|p1a: Acid
|-hitcount|p1: Acid|4
|-unboost|p2a: Dragonite|def|1
|-boost|p2a: Dragonite|spe|1
|move|p1b: RealWolfeyVGC|Knock Off|p2a: Dragonite
|-damage|p2a: Dragonite|0 fnt
|faint|p2a: Dragonite
|cant|p2b: Ursaluna|slp
|
|upkeep
|turn|13
|inactive|farmingsim2421 has 30 seconds left.
|
|t:|1756514921
|move|p1b: RealWolfeyVGC|Knock Off|p2b: Ursaluna
|-damage|p2b: Ursaluna|66/100 slp
|-enditem|p2b: Ursaluna|Assault Vest|[from] move: Knock Off|[of] p1b: RealWolfeyVGC
|cant|p2b: Ursaluna|slp
|
|upkeep
|turn|14
|
|t:|1756514939
|move|p1b: RealWolfeyVGC|Parting Shot|p2b: Ursaluna
|-unboost|p2b: Ursaluna|atk|1
|-unboost|p2b: Ursaluna|spa|1
|cant|p2b: Ursaluna|slp
|
|upkeep
|turn|15
|c|☆kevin de bruxish|6/6 lesgo
|
|t:|1756514959
|move|p1b: RealWolfeyVGC|Flare Blitz|p2b: Ursaluna
|-damage|p2b: Ursaluna|21/100 slp
|-damage|p1b: RealWolfeyVGC|85/100|[from] Recoil
|-curestatus|p2b: Ursaluna|slp|[msg]
|move|p2b: Ursaluna|Blood Moon|p1b: RealWolfeyVGC
|-damage|p1b: RealWolfeyVGC|38/100
|
|upkeep
|turn|16
|
|t:|1756514969
|move|p1b: RealWolfeyVGC|Flare Blitz|p2b: Ursaluna
|-damage|p2b: Ursaluna|0 fnt
|faint|p2b: Ursaluna
|-damage|p1b: RealWolfeyVGC|31/100|[from] Recoil
|
|win|farmingsim2421
||kevin de bruxish is ready for game 2.
|inactive|farmingsim2421 has 30 seconds to confirm battle start!
