|j|☆Quill86
|j|☆CosmicIvy3
|html|Quill86CosmicIvy3    
|uhtml|bestof|Game 3 of a best-of-3
|t:|1756439352
|gametype|doubles
|player|p1|Quill86|lucas|1251
|player|p2|CosmicIvy3|gambler|1139
|gen|9
|tier|[Gen 9] VGC 2025 Reg H (Bo3)
|rated|
|rule|Species Clause: Limit one of each Pokémon
|rule|Item Clause: Limit 1 of each item
|clearpoke
|poke|p1|Indeedee-F, L50, F|
|poke|p1|Gallade, L50, M|
|poke|p1|Torkoal, L50, M|
|poke|p1|Ursaluna, L50, M|
|poke|p1|Hatterene, L50, F|
|poke|p1|Smeargle, L50, M|
|poke|p2|Dragonite, L50, F|
|poke|p2|Gholdengo, L50|
|poke|p2|Ursaluna, L50, M|
|poke|p2|Whimsicott, L50, F|
|poke|p2|Pelipper, L50, M|
|poke|p2|Archaludon, L50, M|
|teampreview|4
|showteam|p1|Indeedee-F||PsychicSeed|PsychicSurge|FollowMe,TrickRoom,HelpingHand,DazzlingGleam|||F|||50|,,,,,Fairy]Gallade||ClearAmulet|Sharpness|SacredSword,PsychoCut,WideGuard,TrickRoom|||M|||50|,,,,,Grass]Torkoal||ChoiceSpecs|Drought|Eruption,WeatherBall,EarthPower,HeatWave|||M|||50|,,,,,Fire]Ursaluna||FlameOrb|Guts|Protect,HeadlongRush,Facade,Earthquake|||M|||50|,,,,,Ghost]Hatterene||LifeOrb|MagicBounce|DazzlingGleam,ExpandingForce,MysticalFire,TrickRoom|||F|||50|,,,,,Fire]Smeargle||FocusSash|Moody|FakeOut,Spore,Decorate,FollowMe|||M|||50|,,,,,Ghost
|showteam|p2|Dragonite||LoadedDice|Multiscale|ScaleShot,ExtremeSpeed,Haze,Protect|||F|||50|,,,,,Fairy]Gholdengo||ChoiceScarf|GoodasGold|MakeItRain,ShadowBall,Trick,PowerGem||||||50|,,,,,Flying]Ursaluna||FlameOrb|Guts|Facade,HeadlongRush,Protect,Earthquake|||M|||50|,,,,,Dragon]Whimsicott||CovertCloak|Prankster|Moonblast,Tailwind,Encore,LightScreen|||F|||50|,,,,,Water]Pelipper||FocusSash|Drizzle|MuddyWater,Hurricane,WideGuard,Protect|||M|||50|,,,,,Grass]Archaludon||AssaultVest|Stamina|ElectroShot,DracoMeteor,BodyPress,Snarl|||M|||50|,,,,,Fighting
|inactive|Battle timer is ON: inactive players will automatically lose when time's up. (requested by Quill86)
|inactive|CosmicIvy3 has 60 seconds left.
|
|t:|1756439395
|teamsize|p1|4
|teamsize|p2|4
|start
|switch|p1a: Indeedee|Indeedee-F, L50, F|100/100
|switch|p1b: Gallade|Gallade, L50, M|100/100
|switch|p2a: Dragonite|Dragonite, L50, F|100/100
|switch|p2b: Gholdengo|Gholdengo, L50|100/100
|-fieldstart|move: Psychic Terrain|[from] ability: Psychic Surge|[of] p1a: Indeedee
|-enditem|p1a: Indeedee|Psychic Seed
|-boost|p1a: Indeedee|spd|1|[from] item: Psychic Seed
|turn|1
|inactive|CosmicIvy3 has 30 seconds left.
|
|t:|1756439423
|move|p1a: Indeedee|Follow Me|p1a: Indeedee
|-singleturn|p1a: Indeedee|move: Follow Me
|move|p2b: Gholdengo|Shadow Ball|p1a: Indeedee
|-immune|p1a: Indeedee
|move|p2a: Dragonite|Scale Shot|p1a: Indeedee
|-damage|p1a: Indeedee|85/100
|-damage|p1a: Indeedee|72/100
|-damage|p1a: Indeedee|58/100
|-damage|p1a: Indeedee|43/100
|-damage|p1a: Indeedee|30/100
|-hitcount|p1a: Indeedee|5
|-unboost|p2a: Dragonite|def|1
|-boost|p2a: Dragonite|spe|1
|move|p1b: Gallade|Trick Room|p1b: Gallade
|-fieldstart|move: Trick Room|[of] p1b: Gallade
|
|upkeep
|turn|2
|inactive|Quill86 has 30 seconds left.
|inactive|CosmicIvy3 has 30 seconds left.
|
|t:|1756439454
|switch|p1b: Ursaluna|Ursaluna, L50, M|100/100
|move|p1a: Indeedee|Follow Me|p1a: Indeedee
|-singleturn|p1a: Indeedee|move: Follow Me
|move|p2a: Dragonite|Scale Shot|p1a: Indeedee
|-crit|p1a: Indeedee
|-damage|p1a: Indeedee|8/100
|-damage|p1a: Indeedee|0 fnt
|faint|p1a: Indeedee
|-hitcount|p1: Indeedee|2
|-unboost|p2a: Dragonite|def|1
|-boost|p2a: Dragonite|spe|1
|move|p2b: Gholdengo|Shadow Ball|p1b: Ursaluna
|-immune|p1b: Ursaluna
|
|-status|p1b: Ursaluna|brn|[from] item: Flame Orb
|upkeep
|inactive|Quill86 has 30 seconds left.
|
|t:|1756439481
|switch|p1a: Torkoal|Torkoal, L50, M|100/100
|-weather|SunnyDay|[from] ability: Drought|[of] p1a: Torkoal
|turn|3
|
|t:|1756439497
|switch|p2b: Pelipper|Pelipper, L50, M, shiny|100/100
|-weather|RainDance|[from] ability: Drizzle|[of] p2b: Pelipper
|-terastallize|p1a: Torkoal|Fire
|move|p2a: Dragonite|Protect|p2a: Dragonite
|-singleturn|p2a: Dragonite|Protect
|move|p1a: Torkoal|Eruption|p2b: Pelipper|[spread] p2b
|-activate|p2a: Dragonite|move: Protect
|-resisted|p2b: Pelipper
|-damage|p2b: Pelipper|56/100
|move|p1b: Ursaluna|Facade|p2b: Pelipper
|-damage|p2b: Pelipper|0 fnt
|faint|p2b: Pelipper
|
|-weather|RainDance|[upkeep]
|-damage|p1b: Ursaluna|95/100 brn|[from] brn
|upkeep
|
|t:|1756439519
|switch|p2b: Ursaluna|Ursaluna, L50, M, shiny|100/100
|turn|4
|
|t:|1756439534
|move|p1a: Torkoal|Eruption|p2a: Dragonite|[spread] p2a,p2b
|-resisted|p2a: Dragonite
|-damage|p2a: Dragonite|89/100
|-damage|p2b: Ursaluna|66/100
|move|p1b: Ursaluna|Facade|p2a: Dragonite
|-damage|p2a: Dragonite|0 fnt
|faint|p2a: Dragonite
|move|p2b: Ursaluna|Earthquake|p1b: Ursaluna|[spread] p1a,p1b
|-supereffective|p1a: Torkoal
|-damage|p1a: Torkoal|33/100
|-damage|p1b: Ursaluna|61/100 brn
|
|-weather|RainDance|[upkeep]
|-damage|p1b: Ursaluna|55/100 brn|[from] brn
|-status|p2b: Ursaluna|brn|[from] item: Flame Orb
|upkeep
|
|t:|1756439556
|switch|p2a: Gholdengo|Gholdengo, L50|100/100
|turn|5
|l|☆Quill86
|inactive|Quill86 disconnected and has a minute to reconnect!
|player|p1|
|j|☆Quill86
|inactive|Quill86 reconnected and has 35 seconds left.
|player|p1|Quill86|lucas|
|inactive|Quill86 has 30 seconds left.
|inactive|CosmicIvy3 has 30 seconds left.
|inactive|Quill86 has 20 seconds left.
|inactive|Quill86 has 15 seconds left.
|inactive|Quill86 has 10 seconds left.
|
|t:|1756439601
|move|p2b: Ursaluna|Protect|p2b: Ursaluna
|-singleturn|p2b: Ursaluna|Protect
|move|p1a: Torkoal|Eruption|p2b: Ursaluna|[spread] p2a
|-activate|p2b: Ursaluna|move: Protect
|-supereffective|p2a: Gholdengo
|-damage|p2a: Gholdengo|63/100
|move|p1b: Ursaluna|Headlong Rush|p2b: Ursaluna
|-activate|p2b: Ursaluna|move: Protect
|move|p2a: Gholdengo|Shadow Ball|p1a: Torkoal
|-damage|p1a: Torkoal|0 fnt
|faint|p1a: Torkoal
|
|-weather|RainDance|[upkeep]
|-damage|p1b: Ursaluna|49/100 brn|[from] brn
|-damage|p2b: Ursaluna|61/100 brn|[from] brn
|-fieldend|move: Trick Room
|-fieldend|move: Psychic Terrain
|upkeep
|l|☆Quill86
|inactive|Quill86 disconnected and has a minute to reconnect!
|player|p1|
|j|☆Quill86
|inactive|Quill86 reconnected and has 35 seconds left.
|player|p1|Quill86|lucas|
|inactive|Quill86 has 30 seconds left.
|
|t:|1756439630
|switch|p1a: Gallade|Gallade, L50, M|100/100
|turn|6
|
|t:|1756439649
|-terastallize|p2a: Gholdengo|Flying
|move|p2a: Gholdengo|Shadow Ball|p1a: Gallade
|-supereffective|p1a: Gallade
|-damage|p1a: Gallade|28/100
|move|p1a: Gallade|Sacred Sword|p2b: Ursaluna
|-supereffective|p2b: Ursaluna
|-damage|p2b: Ursaluna|0 fnt
|faint|p2b: Ursaluna
|move|p1b: Ursaluna|Facade|p2a: Gholdengo
|-damage|p2a: Gholdengo|0 fnt
|faint|p2a: Gholdengo
|
|win|Quill86
|raw|Quill86's rating: 1251 → 1268(+17 for winning)
|raw|CosmicIvy3's rating: 1139 → 1122(-17 for losing)
