|j|☆ayeeetonyyy
|j|☆Trin2345
|html|ayeeetonyyyTrin2345    
|uhtml|bestof|Game 2 of a best-of-3
|t:|1783386923
|gametype|doubles
|player|p1|ayeeetonyyy|marshal|
|player|p2|Trin2345|265|
|gen|9
|tier|[Gen 9 Champions] VGC 2026 Reg M-B (Bo3)
|rule|Species Clause: Limit one of each Pokémon
|rule|Item Clause: Limit 1 of each item
|clearpoke
|poke|p1|Pelipper, L50, M|
|poke|p1|Archaludon, L50, F|
|poke|p1|Blastoise, L50, M|
|poke|p1|Rotom-Heat, L50|
|poke|p1|Eelektross, L50, F|
|poke|p1|Jolteon, L50, M|
|poke|p2|Tyranitar, L50, M|
|poke|p2|Excadrill, L50, M|
|poke|p2|Houndstone, L50, M|
|poke|p2|Aerodactyl, L50, M|
|poke|p2|Goodra-Hisui, L50, F|
|poke|p2|Hydreigon, L50, F|
|teampreview|4
|showteam|p1|Pelipper||SitrusBerry|Drizzle|HydroPump,Hurricane,WideGuard,Uturn|Modest||M|||50|]Archaludon||ChoiceScarf|Stamina|DracoMeteor,FlashCannon,ElectroShot,AuraSphere|Timid||F|||50|]Blastoise||Blastoisinite|RainDish|WaterSpout,DarkPulse,AuraSphere,FakeOut|Quiet||M|||50|]Rotom-Heat||IronBall|Levitate|Thunder,VoltSwitch,Protect,Trick|Timid|||||50|]Eelektross||Eelektrossite|Levitate|Thunderbolt,DragonPulse,DrainPunch,CloseCombat|Hasty||F|||50|]Jolteon||ShucaBerry|VoltAbsorb|VoltSwitch,RisingVoltage,AlluringVoice,RainDance|Timid||M|||50|
|showteam|p2|Tyranitar||Tyranitarite|SandStream|StoneEdge,Protect,RockSlide,Superpower|Adamant||M|||50|]Excadrill||FocusSash|SandRush|Earthquake,HighHorsepower,BrickBreak,RockSlide|Jolly||M|||50|]Houndstone||LifeOrb|SandRush|LastRespects,ShadowSneak,WillOWisp,Yawn|Adamant||M|||50|]Aerodactyl||HardStone|Unnerve|Tailwind,RockSlide,DualWingbeat,Protect|Jolly||M|||50|]Goodra-Hisui||ChopleBerry|Gooey|BodyPress,Thunderbolt,Shelter,LifeDew|Modest||F|||50|]Hydreigon||ChoiceScarf|Levitate|DarkPulse,DracoMeteor,EarthPower,Uturn|Modest||F|||50|
|
|t:|1783386969
|teamsize|p1|4
|teamsize|p2|4
|start
|switch|p1a: Pelipper|Pelipper, L50, M|100/100
|switch|p1b: Archaludon|Archaludon, L50, F|100/100
|switch|p2a: Tyranitar|Tyranitar, L50, M|100/100
|switch|p2b: Excadrill|Excadrill, L50, M|100/100
|-weather|RainDance|[from] ability: Drizzle|[of] p1a: Pelipper
|-weather|Sandstorm|[from] ability: Sand Stream|[of] p2a: Tyranitar
|turn|1
|
|t:|1783387092
|detailschange|p2a: Tyranitar|Tyranitar-Mega, L50, M
|-mega|p2a: Tyranitar|Tyranitar|Tyranitarite
|move|p2b: Excadrill|Brick Break|p1b: Archaludon
|-supereffective|p1b: Archaludon|1
|-damage|p1b: Archaludon|50/100y
|-ability|p1b: Archaludon|Stamina|boost
|-boost|p1b: Archaludon|def|1
|move|p1b: Archaludon|Aura Sphere|p2a: Tyranitar
|-supereffective|p2a: Tyranitar|2
|-damage|p2a: Tyranitar|43/100
|move|p2a: Tyranitar|Rock Slide|p1b: Archaludon|[spread] p1b
|-miss|p2a: Tyranitar|p1a: Pelipper
|-resisted|p1b: Archaludon|1
|-damage|p1b: Archaludon|38/100
|-ability|p1b: Archaludon|Stamina|boost
|-boost|p1b: Archaludon|def|1
|move|p1a: Pelipper|Hydro Pump|p2b: Excadrill|[miss]
|-miss|p1a: Pelipper|p2b: Excadrill
|
|-weather|Sandstorm|[upkeep]
|-damage|p1a: Pelipper|93/100|[from] Sandstorm
|upkeep
|turn|2
|
|t:|1783387225
|move|p2b: Excadrill|Brick Break|p1b: Archaludon
|-supereffective|p1b: Archaludon|1
|-damage|p1b: Archaludon|13/100
|-ability|p1b: Archaludon|Stamina|boost
|-boost|p1b: Archaludon|def|1
|move|p1b: Archaludon|Aura Sphere|p2b: Excadrill
|-supereffective|p2b: Excadrill|1
|-damage|p2b: Excadrill|32/100
|move|p2a: Tyranitar|Rock Slide|p1a: Pelipper|[spread] p1a,p1b
|-supereffective|p1a: Pelipper|1
|-resisted|p1b: Archaludon|1
|-damage|p1a: Pelipper|9/100
|-damage|p1b: Archaludon|7/100
|-ability|p1b: Archaludon|Stamina|boost
|-boost|p1b: Archaludon|def|1
|-enditem|p1a: Pelipper|Sitrus Berry|[eat]
|-heal|p1a: Pelipper|34/100|[from] item: Sitrus Berry
|move|p1a: Pelipper|U-turn|p2a: Tyranitar
|-supereffective|p2a: Tyranitar|1
|-damage|p2a: Tyranitar|29/100
|
|t:|1783387244
|switch|p1a: Blastoise|Blastoise, L50, M|100/100|[from] U-turn
|
|-weather|Sandstorm|[upkeep]
|-damage|p1a: Blastoise|94/100|[from] Sandstorm
|upkeep
|turn|3
|
|t:|1783387342
|detailschange|p1a: Blastoise|Blastoise-Mega, L50, M
|-mega|p1a: Blastoise|Blastoise|Blastoisinite
|move|p2a: Tyranitar|Protect|p2a: Tyranitar
|-singleturn|p2a: Tyranitar|Protect
|move|p2b: Excadrill|Earthquake|p1b: Archaludon|[spread] p1a,p1b
|-activate|p2a: Tyranitar|move: Protect
|-supereffective|p1b: Archaludon|1
|-damage|p1a: Blastoise|58/100
|-damage|p1b: Archaludon|0 fnt
|faint|p1b: Archaludon
|move|p1a: Blastoise|Aura Sphere|p2a: Tyranitar
|-activate|p2a: Tyranitar|move: Protect
|
|-weather|Sandstorm|[upkeep]
|-damage|p1a: Blastoise|52/100|[from] Sandstorm
|upkeep
|
|t:|1783387362
|switch|p1b: Pelipper|Pelipper, L50, M|34/100
|-weather|RainDance|[from] ability: Drizzle|[of] p1b: Pelipper
|turn|4
|
|t:|1783387416
|move|p1b: Pelipper|Wide Guard|p1b: Pelipper
|-singleturn|p1b: Pelipper|Wide Guard
|move|p2b: Excadrill|Rock Slide|p1a: Blastoise|[spread] 
|-activate|p1a: Blastoise|move: Wide Guard
|-activate|p1b: Pelipper|move: Wide Guard
|move|p2a: Tyranitar|Rock Slide|p1a: Blastoise|[spread] 
|-activate|p1a: Blastoise|move: Wide Guard
|-activate|p1b: Pelipper|move: Wide Guard
|move|p1a: Blastoise|Water Spout|p2a: Tyranitar|[spread] p2a,p2b
|-supereffective|p2a: Tyranitar|1
|-supereffective|p2b: Excadrill|1
|-damage|p2a: Tyranitar|0 fnt
|-damage|p2b: Excadrill|0 fnt
|faint|p2a: Tyranitar
|faint|p2b: Excadrill
|
|-weather|RainDance|[upkeep]
|upkeep
|
|t:|1783387436
|switch|p2b: Goodra|Goodra-Hisui, L50, F|100/100
|switch|p2a: Houndstone|Houndstone, L50, M|100/100
|turn|5
|
|t:|1783387463
|move|p2a: Houndstone|Last Respects|p1b: Pelipper
|-damage|p1b: Pelipper|0 fnt
|faint|p1b: Pelipper
|-damage|p2a: Houndstone|90/100|[from] item: Life Orb
|move|p1a: Blastoise|Aura Sphere|p2b: Goodra
|-supereffective|p2b: Goodra|1
|-enditem|p2b: Goodra|Chople Berry|[eat]
|-enditem|p2b: Goodra|Chople Berry|[weaken]
|-damage|p2b: Goodra|62/100
|move|p2b: Goodra|Thunderbolt|p1a: Blastoise
|-supereffective|p1a: Blastoise|1
|-damage|p1a: Blastoise|3/100
|
|-weather|RainDance|[upkeep]
|upkeep
|
|t:|1783387475
|switch|p1b: Rotom|Rotom-Heat, L50|100/100
|turn|6
|
|t:|1783387579
|move|p2a: Houndstone|Last Respects|p1b: Rotom
|-damage|p1b: Rotom|0 fnt
|faint|p1b: Rotom
|-damage|p2a: Houndstone|80/100|[from] item: Life Orb
|move|p1a: Blastoise|Aura Sphere|p2b: Goodra
|-supereffective|p2b: Goodra|1
|-damage|p2b: Goodra|0 fnt
|faint|p2b: Goodra
|
|-weather|RainDance|[upkeep]
|upkeep
|turn|7
|
|t:|1783387599
|move|p2a: Houndstone|Last Respects|p1a: Blastoise
|-damage|p1a: Blastoise|0 fnt
|faint|p1a: Blastoise
|-damage|p2a: Houndstone|71/100|[from] item: Life Orb
|
|win|Trin2345
