|j|☆Sercod_ITA
|j|☆natsukivgc
|html|Sercod_ITAnatsukivgc    
|uhtml|bestof|Game 1 of a best-of-3
|t:|1785399994
|gametype|doubles
|player|p1|Sercod_ITA|elesa|1149
|player|p2|natsukivgc|1|1223
|gen|9
|tier|[Gen 9 Champions] VGC 2026 Reg M-B (Bo3)
|rated|
|rule|Species Clause: Limit one of each Pokémon
|rule|Item Clause: Limit 1 of each item
|clearpoke
|poke|p1|Gengar, L50, M|
|poke|p1|Greninja, L50, M|
|poke|p1|Froslass, L50, F|
|poke|p1|Whimsicott, L50, M|
|poke|p1|Annihilape, L50, M|
|poke|p1|Infernape, L50, M|
|poke|p2|Garchomp, L50, F|
|poke|p2|Venusaur, L50, M|
|poke|p2|Incineroar, L50, F|
|poke|p2|Charizard, L50, F|
|poke|p2|Toxapex, L50, F|
|poke|p2|Annihilape, L50, F|
|teampreview|4
|showteam|p1|Gengar||Gengarite|CursedBody|Protect,ShadowBall,SludgeBomb,Thunderbolt|Timid||M|||50|]Greninja||LifeOrb|Protean|RockSlide,LowKick,DarkPulse,IceBeam|Rash||M|||50|]Froslass||Froslassite|CursedBody|Protect,Blizzard,ShadowBall,Thunderbolt|Timid||F|||50|]Whimsicott||OccaBerry|Prankster|Protect,Moonblast,FakeTears,Tailwind|Bold||M|||50|]Annihilape||FocusSash|Defiant|CloseCombat,PhantomForce,RockSlide,Protect|Jolly||M|||50|]Infernape||PayapaBerry|IronFist|FakeOut,DrainPunch,Taunt,Coaching|Jolly||M|||50|
|showteam|p2|Garchomp||ChoiceScarf|RoughSkin|Earthquake,DragonClaw,StompingTantrum,RockSlide|Adamant||F|||50|]Venusaur||LifeOrb|Chlorophyll|SolarBeam,SludgeBomb,EarthPower,Protect|Modest||M|||50|]Incineroar||SitrusBerry|Intimidate|FlareBlitz,ThroatChop,FakeOut,PartingShot|Impish||F|||50|]Charizard||CharizarditeY|Blaze|HeatWave,WeatherBall,HelpingHand,Protect|Modest||F|||50|]Toxapex||Leftovers|Regenerator|Infestation,Toxic,WideGuard,BanefulBunker|Bold||F|||50|]Annihilape||FocusSash|Defiant|CloseCombat,PhantomForce,StealthRock,Protect|Jolly||F|||50|
|inactive|Battle timer is ON: inactive players will automatically lose when time's up. (requested by natsukivgc)
|
|t:|1785400064
|teamsize|p1|4
|teamsize|p2|4
|start
|switch|p1a: Infernape|Infernape, L50, M|100/100
|switch|p1b: Greninja|Greninja, L50, M|100/100
|switch|p2a: Charizard|Charizard, L50, F|100/100
|switch|p2b: Venusaur|Venusaur, L50, M|100/100
|turn|1
|inactive|Sercod_ITA has 30 seconds left.
|inactive|natsukivgc has 30 seconds left.
|inactive|Sercod_ITA has 20 seconds left.
|inactive|Sercod_ITA has 15 seconds left.
|inactive|Sercod_ITA has 10 seconds left.
|inactive|Sercod_ITA has 5 seconds left.
|
|t:|1785400115
|switch|p1b: Gengar|Gengar, L50, M|100/100
|detailschange|p2a: Charizard|Charizard-Mega-Y, L50, F
|-mega|p2a: Charizard|Charizard|Charizardite Y
|-weather|SunnyDay|[from] ability: Drought|[of] p2a: Charizard
|move|p2b: Venusaur|Protect|p2b: Venusaur
|-singleturn|p2b: Venusaur|Protect
|move|p2a: Charizard|Protect|p2a: Charizard
|-singleturn|p2a: Charizard|Protect
|move|p1a: Infernape|Fake Out|p2a: Charizard
|-activate|p2a: Charizard|move: Protect
|
|-weather|SunnyDay|[upkeep]
|upkeep
|turn|2
|inactive|natsukivgc has 30 seconds left.
|inactive|natsukivgc has 20 seconds left.
|inactive|natsukivgc has 15 seconds left.
|inactive|natsukivgc has 10 seconds left.
|
|t:|1785400161
|switch|p1a: Whimsicott|Whimsicott, L50, M|100/100
|detailschange|p1b: Gengar|Gengar-Mega, L50, M
|-mega|p1b: Gengar|Gengar|Gengarite
|move|p1b: Gengar|Protect|p1b: Gengar
|-singleturn|p1b: Gengar|Protect
|move|p2b: Venusaur|Earth Power|p1a: Whimsicott
|-resisted|p1a: Whimsicott|1
|-damage|p1a: Whimsicott|76/100
|-damage|p2b: Venusaur|90/100|[from] item: Life Orb
|move|p2a: Charizard|Weather Ball|p1b: Gengar
|-activate|p1b: Gengar|move: Protect
|
|-weather|SunnyDay|[upkeep]
|upkeep
|turn|3
|inactive|natsukivgc has 30 seconds left.
|inactive|natsukivgc has 20 seconds left.
|
|t:|1785400200
|move|p1a: Whimsicott|Fake Tears|p2a: Charizard
|-unboost|p2a: Charizard|spd|2
|move|p2b: Venusaur|Sludge Bomb|p1a: Whimsicott
|-supereffective|p1a: Whimsicott|2
|-damage|p1a: Whimsicott|0 fnt
|faint|p1a: Whimsicott
|-damage|p2b: Venusaur|81/100|[from] item: Life Orb
|move|p1b: Gengar|Thunderbolt|p2a: Charizard
|-supereffective|p2a: Charizard|1
|-damage|p2a: Charizard|0 fnt
|faint|p2a: Charizard
|
|-weather|SunnyDay|[upkeep]
|upkeep
|
|t:|1785400219
|switch|p1a: Infernape|Infernape, L50, M|100/100
|switch|p2a: Incineroar|Incineroar, L50, F|100/100
|-ability|p2a: Incineroar|Intimidate|boost
|-unboost|p1a: Infernape|atk|1
|-unboost|p1b: Gengar|atk|1
|turn|4
|inactive|Sercod_ITA has 30 seconds left.
|
|t:|1785400252
|move|p2b: Venusaur|Protect|p2b: Venusaur
|-singleturn|p2b: Venusaur|Protect
|move|p1a: Infernape|Fake Out|p2a: Incineroar
|-damage|p2a: Incineroar|94/100
|move|p1b: Gengar|Sludge Bomb|p2b: Venusaur
|-activate|p2b: Venusaur|move: Protect
|cant|p2a: Incineroar|flinch
|
|-weather|SunnyDay|[upkeep]
|upkeep
|turn|5
|inactive|natsukivgc has 30 seconds left.
|
|t:|1785400277
|switch|p1b: Greninja|Greninja, L50, M|100/100
|move|p2b: Venusaur|Earth Power|p1a: Infernape
|-supereffective|p1a: Infernape|1
|-damage|p1a: Infernape|0 fnt
|faint|p1a: Infernape
|-damage|p2b: Venusaur|71/100|[from] item: Life Orb
|move|p2a: Incineroar|Throat Chop|p1b: Greninja
|-resisted|p1b: Greninja|1
|-damage|p1b: Greninja|75/100
|-start|p1b: Greninja|Throat Chop|[silent]
|
|-weather|none
|upkeep
|
|t:|1785400288
|switch|p1a: Gengar|Gengar-Mega, L50, M|100/100
|turn|6
|inactive|Sercod_ITA has 30 seconds left.
|
|t:|1785400315
|move|p2b: Venusaur|Protect|p2b: Venusaur
|-singleturn|p2b: Venusaur|Protect
|move|p1a: Gengar|Sludge Bomb|p2a: Incineroar
|-damage|p2a: Incineroar|46/100
|-enditem|p2a: Incineroar|Sitrus Berry|[eat]
|-heal|p2a: Incineroar|70/100|[from] item: Sitrus Berry
|move|p1b: Greninja|Ice Beam|p2b: Venusaur
|-start|p1b: Greninja|typechange|Ice|[from] ability: Protean
|-activate|p2b: Venusaur|move: Protect
|move|p2a: Incineroar|Flare Blitz|p1b: Greninja
|-supereffective|p1b: Greninja|1
|-damage|p1b: Greninja|0 fnt
|faint|p1b: Greninja
|-damage|p2a: Incineroar|52/100|[from] Recoil
|
|upkeep
|turn|7
|-message|Sercod_ITA forfeited.
|
|win|natsukivgc
