|j|☆hawwty
|j|☆maish
|html|hawwtymaish    
|uhtml|bestof|Game 2 of a best-of-3
|t:|1756939120
|gametype|doubles
|player|p1|hawwty|266|1028
|player|p2|maish|roxie|1054
|gen|9
|tier|[Gen 9] VGC 2025 Reg H (Bo3)
|rated|
|rule|Species Clause: Limit one of each Pokémon
|rule|Item Clause: Limit 1 of each item
|clearpoke
|poke|p1|Sylveon, L50, M|
|poke|p1|Indeedee-F, L50, F|
|poke|p1|Armarouge, L50, M|
|poke|p1|Amoonguss, L50, M|
|poke|p1|Torkoal, L50, F|
|poke|p1|Ursaluna, L50, M|
|poke|p2|Dragonite, L50, F|
|poke|p2|Gholdengo, L50|
|poke|p2|Rillaboom, L50, F|
|poke|p2|Arcanine-Hisui, L50, M|
|poke|p2|Annihilape, L50, F|
|poke|p2|Murkrow, L50, F|
|teampreview|4
|showteam|p1|Sylveon||ChoiceSpecs|Pixilate|HyperVoice,DazzlingGleam,Moonblast,Psychic|||M|||50|,,,,,Fairy]Indeedee-F||RockyHelmet|PsychicSurge|FollowMe,Psychic,TrickRoom,HelpingHand|||F|||50|,,,,,Psychic]Armarouge||LifeOrb|FlashFire|TrickRoom,ExpandingForce,ArmorCannon,Protect|||M|||50|,,,,,Grass]Amoonguss||SitrusBerry|Regenerator|RagePowder,Spore,Protect,SludgeBomb|||M|||50|,,,,,Poison]Torkoal||Leftovers|Drought|Eruption,HeatWave,EarthPower,Protect|||F|||50|,,,,,Fire]Ursaluna||FlameOrb|Guts|CloseCombat,HeadlongRush,Facade,Protect|||M|||50|,,,,,Water
|showteam|p2|Dragonite||LoadedDice|Multiscale|Protect,ScaleShot,LowKick,ExtremeSpeed|||F|||50|,,,,,Fairy]Gholdengo||ChoiceSpecs|GoodasGold|Thunderbolt,PowerGem,MakeItRain,ShadowBall||||||50|,,,,,Steel]Rillaboom||AssaultVest|GrassySurge|FakeOut,HighHorsepower,WoodHammer,GrassyGlide|||F|||50|,,,,,Fire]Arcanine-Hisui||ClearAmulet|Intimidate|Protect,FlareBlitz,RockSlide,ExtremeSpeed|||M|||50|,,,,,Water]Annihilape||FocusSash|Defiant|Coaching,CloseCombat,RageFist,FinalGambit|||F|||50|,,,,,Stellar]Murkrow||Eviolite|Prankster|Haze,Tailwind,FoulPlay,Taunt|||F|||50|,,,,,Ghost
|inactive|Battle timer is ON: inactive players will automatically lose when time's up. (requested by maish)
|
|t:|1756939142
|teamsize|p1|4
|teamsize|p2|4
|start
|switch|p1a: Armarouge|Armarouge, L50, M|100/100
|switch|p1b: Ursaluna|Ursaluna, L50, M|100/100
|switch|p2a: Arcanine|Arcanine-Hisui, L50, M|100/100
|switch|p2b: Dragonite|Dragonite, L50, F|100/100
|-ability|p2a: Arcanine|Intimidate|boost
|-unboost|p1a: Armarouge|atk|1
|-unboost|p1b: Ursaluna|atk|1
|turn|1
|
|t:|1756939163
|-terastallize|p1a: Armarouge|Grass
|move|p2a: Arcanine|Rock Slide|p1a: Armarouge|[spread] p1a,p1b
|-resisted|p1b: Ursaluna
|-damage|p1a: Armarouge|77/100
|-damage|p1b: Ursaluna|92/100
|move|p2b: Dragonite|Scale Shot|p1a: Armarouge
|-damage|p1a: Armarouge|62/100
|-damage|p1a: Armarouge|49/100
|-damage|p1a: Armarouge|35/100
|-damage|p1a: Armarouge|19/100
|-damage|p1a: Armarouge|5/100
|-hitcount|p1a: Armarouge|5
|-unboost|p2b: Dragonite|def|1
|-boost|p2b: Dragonite|spe|1
|move|p1b: Ursaluna|Headlong Rush|p2a: Arcanine
|-supereffective|p2a: Arcanine
|-damage|p2a: Arcanine|0 fnt
|-unboost|p1b: Ursaluna|def|1
|-unboost|p1b: Ursaluna|spd|1
|faint|p2a: Arcanine
|cant|p1a: Armarouge|flinch
|
|-status|p1b: Ursaluna|brn|[from] item: Flame Orb
|upkeep
|inactive|maish has 30 seconds left.
|
|t:|1756939193
|switch|p2a: Rillaboom|Rillaboom, L50, F|100/100
|-fieldstart|move: Grassy Terrain|[from] ability: Grassy Surge|[of] p2a: Rillaboom
|turn|2
|
|t:|1756939215
|switch|p1a: Indeedee|Indeedee-F, L50, F|100/100
|-fieldstart|move: Psychic Terrain|[from] ability: Psychic Surge|[of] p1a: Indeedee
|switch|p1b: Amoonguss|Amoonguss, L50, M|100/100
|move|p2b: Dragonite|Low Kick|p1a: Indeedee
|-damage|p1a: Indeedee|68/100
|-damage|p2b: Dragonite|84/100|[from] item: Rocky Helmet|[of] p1a: Indeedee
|move|p2a: Rillaboom|Wood Hammer|p1b: Amoonguss
|-resisted|p1b: Amoonguss
|-damage|p1b: Amoonguss|86/100
|-damage|p2a: Rillaboom|95/100|[from] Recoil
|
|upkeep
|turn|3
|inactive|maish has 30 seconds left.
|
|t:|1756939248
|move|p2b: Dragonite|Scale Shot|p1a: Indeedee
|-damage|p1a: Indeedee|48/100
|-damage|p1a: Indeedee|28/100
|-damage|p1a: Indeedee|8/100
|-crit|p1a: Indeedee
|-damage|p1a: Indeedee|0 fnt
|faint|p1a: Indeedee
|-hitcount|p1: Indeedee|4
|-unboost|p2b: Dragonite|def|1
|-boost|p2b: Dragonite|spe|1
|move|p2a: Rillaboom|Wood Hammer|p1b: Amoonguss
|-resisted|p1b: Amoonguss
|-damage|p1b: Amoonguss|71/100
|-damage|p2a: Rillaboom|90/100|[from] Recoil
|move|p1b: Amoonguss|Spore|p2b: Dragonite
|-status|p2b: Dragonite|slp|[from] move: Spore
|
|upkeep
|
|t:|1756939265
|switch|p1a: Ursaluna|Ursaluna, L50, M|92/100 brn
|turn|4
|
|t:|1756939277
|cant|p2b: Dragonite|slp
|move|p2a: Rillaboom|Wood Hammer|p1a: Ursaluna
|-supereffective|p1a: Ursaluna
|-damage|p1a: Ursaluna|3/100 brn
|-damage|p2a: Rillaboom|55/100|[from] Recoil
|move|p1a: Ursaluna|Facade|p2a: Rillaboom
|-damage|p2a: Rillaboom|0 fnt
|faint|p2a: Rillaboom
|move|p1b: Amoonguss|Sludge Bomb|p2b: Dragonite
|-damage|p2b: Dragonite|55/100 slp
|
|-damage|p1a: Ursaluna|0 fnt|[from] brn
|faint|p1a: Ursaluna
|upkeep
|
|t:|1756939292
|switch|p2a: Gholdengo|Gholdengo, L50|100/100
|switch|p1a: Armarouge|Armarouge, L50, M, tera:Grass|5/100
|turn|5
|
|t:|1756939304
|-terastallize|p2a: Gholdengo|Steel
|move|p1b: Amoonguss|Rage Powder|p1b: Amoonguss
|-singleturn|p1b: Amoonguss|move: Rage Powder
|cant|p2b: Dragonite|slp
|move|p2a: Gholdengo|Make It Rain|p1a: Armarouge|[spread] p1a,p1b
|-damage|p1a: Armarouge|0 fnt
|-damage|p1b: Amoonguss|15/100
|-unboost|p2a: Gholdengo|spa|1
|-enditem|p1b: Amoonguss|Sitrus Berry|[eat]
|-heal|p1b: Amoonguss|40/100|[from] item: Sitrus Berry
|faint|p1a: Armarouge
|
|upkeep
|turn|6
|-message|hawwty forfeited.
|
|win|maish
|raw|hawwty's rating: 1028 → 1015(-13 for losing)
|raw|maish's rating: 1054 → 1084(+30 for winning)
