|j|☆DecorateWithDonuts
|j|☆airgetsu
|html|DecorateWithDonutsairgetsu    
|uhtml|bestof|Game 1 of a best-of-3
|t:|1784133552
|gametype|doubles
|player|p1|DecorateWithDonuts|rosa|1046
|player|p2|airgetsu|hugh|1039
|gen|9
|tier|[Gen 9 Champions] VGC 2026 Reg M-B (Bo3)
|rated|
|rule|Species Clause: Limit one of each Pokémon
|rule|Item Clause: Limit 1 of each item
|clearpoke
|poke|p1|Delphox, L50, M|
|poke|p1|Kingambit, L50, F|
|poke|p1|Incineroar, L50, M|
|poke|p1|Sinistcha, L50|
|poke|p1|Sneasler, L50, F|
|poke|p1|Floette-Eternal, L50, F|
|poke|p2|Tyranitar, L50, F|
|poke|p2|Garchomp, L50, M|
|poke|p2|Camerupt, L50, M, shiny|
|poke|p2|Sinistcha-Masterpiece, L50|
|poke|p2|Gyarados, L50, F, shiny|
|poke|p2|Corviknight, L50, M|
|teampreview|4
|showteam|p1|Delphox||Delphoxite|Blaze|HeatWave,Psychic,NastyPlot,Protect|Timid||M|||50|]Kingambit||BlackGlasses|Defiant|KowtowCleave,SuckerPunch,SwordsDance,Protect|Adamant||F|||50|]Incineroar||SitrusBerry|Intimidate|FakeOut,FlareBlitz,ThroatChop,PartingShot|Careful||M|||50|]Sinistcha||ColburBerry|Hospitality|TrickRoom,MatchaGotcha,RagePowder,LifeDew|Bold|||||50|]Sneasler||FocusSash|PoisonTouch|QuickGuard,PoisonJab,FakeOut,CloseCombat|Adamant||F|||50|]Floette-Eternal||Floettite|FlowerVeil|DrainingKiss,DazzlingGleam,CalmMind,Protect|Timid||F|||50|
|showteam|p2|Tyranitar||Tyranitarite|SandStream|RockSlide,Crunch,Protect,ThunderPunch|Impish||F|||50|]Garchomp||RoseliBerry|SandVeil|DragonClaw,Earthquake,RockSlide,Protect|Jolly||M|||50|]Camerupt||Cameruptite|SolidRock|HeatWave,EarthPower,Protect,AncientPower|Calm||M|||50|]Sinistcha-Masterpiece||SitrusBerry|Hospitality|TrickRoom,MatchaGotcha,LifeDew,RagePowder|Bold|||||50|]Gyarados||WacanBerry|Intimidate|Waterfall,ThunderWave,Protect,IceFang|Careful||F|||50|]Corviknight||Leftovers|MirrorArmor|Tailwind,BraveBird,IronHead,Protect|Impish||M|||50|
|inactive|Battle timer is ON: inactive players will automatically lose when time's up. (requested by airgetsu)
|inactive|DecorateWithDonuts has 60 seconds left.
|inactive|airgetsu has 60 seconds left.
|inactive|DecorateWithDonuts has 30 seconds left.
|inactive|airgetsu has 30 seconds left.
|inactive|DecorateWithDonuts has 20 seconds left.
|inactive|DecorateWithDonuts has 15 seconds left.
|inactive|DecorateWithDonuts has 10 seconds left.
|inactive|DecorateWithDonuts has 5 seconds left.
|
|t:|1784133644
|teamsize|p1|4
|teamsize|p2|4
|start
|switch|p1a: Floette|Floette-Eternal, L50, F|100/100
|switch|p1b: Sneasler|Sneasler, L50, F|100/100
|switch|p2a: Corviknight|Corviknight, L50, M|100/100
|switch|p2b: Gyarados|Gyarados, L50, F, shiny|100/100
|-ability|p2b: Gyarados|Intimidate|boost
|-unboost|p1a: Floette|atk|1
|-unboost|p1b: Sneasler|atk|1
|turn|1
|inactive|airgetsu has 30 seconds left.
|
|t:|1784133677
|move|p2b: Gyarados|Protect|p2b: Gyarados
|-singleturn|p2b: Gyarados|Protect
|move|p2a: Corviknight|Protect|p2a: Corviknight
|-singleturn|p2a: Corviknight|Protect
|move|p1b: Sneasler|Fake Out|p2a: Corviknight
|-activate|p2a: Corviknight|move: Protect
|move|p1a: Floette|Calm Mind|p1a: Floette
|-boost|p1a: Floette|spa|1
|-boost|p1a: Floette|spd|1
|
|upkeep
|turn|2
|inactive|DecorateWithDonuts has 30 seconds left.
|
|t:|1784133709
|move|p1b: Sneasler|Close Combat|p2a: Corviknight
|-damage|p2a: Corviknight|70/100
|-unboost|p1b: Sneasler|def|1
|-unboost|p1b: Sneasler|spd|1
|move|p1a: Floette|Dazzling Gleam|p2b: Gyarados|[spread] p2a,p2b
|-resisted|p2a: Corviknight|1
|-damage|p2a: Corviknight|52/100
|-damage|p2b: Gyarados|73/100
|move|p2b: Gyarados|Waterfall|p1b: Sneasler
|-damage|p1b: Sneasler|10/100
|move|p2a: Corviknight|Iron Head|p1a: Floette
|-supereffective|p1a: Floette|1
|-damage|p1a: Floette|39/100
|
|-heal|p2a: Corviknight|58/100|[from] item: Leftovers
|upkeep
|turn|3
|inactive|DecorateWithDonuts has 30 seconds left.
|inactive|airgetsu has 30 seconds left.
|
|t:|1784133742
|switch|p1b: Incineroar|Incineroar, L50, M|100/100
|-ability|p1b: Incineroar|Intimidate|boost
|-ability|p2a: Corviknight|Mirror Armor
|-unboost|p1b: Incineroar|atk|1
|-unboost|p2b: Gyarados|atk|1
|move|p1a: Floette|Protect|p1a: Floette
|-singleturn|p1a: Floette|Protect
|move|p2b: Gyarados|Waterfall|p1a: Floette
|-activate|p1a: Floette|move: Protect
|move|p2a: Corviknight|Iron Head|p1b: Incineroar
|-resisted|p1b: Incineroar|1
|-damage|p1b: Incineroar|88/100
|
|-heal|p2a: Corviknight|64/100|[from] item: Leftovers
|upkeep
|turn|4
|inactive|DecorateWithDonuts has 30 seconds left.
|
|t:|1784133775
|detailschange|p1a: Floette|Floette-Mega, L50, F
|-mega|p1a: Floette|Floette|Floettite
|-ability|p1a: Floette|Fairy Aura
|move|p1b: Incineroar|Fake Out|p2a: Corviknight
|-resisted|p2a: Corviknight|1
|-crit|p2a: Corviknight
|-damage|p2a: Corviknight|58/100
|move|p1a: Floette|Draining Kiss|p2b: Gyarados
|-damage|p2b: Gyarados|35/100
|-heal|p1a: Floette|70/100|[from] drain|[of] p2b: Gyarados
|move|p2b: Gyarados|Waterfall|p1a: Floette
|-damage|p1a: Floette|46/100
|cant|p2a: Corviknight|flinch
|
|-heal|p2a: Corviknight|64/100|[from] item: Leftovers
|upkeep
|turn|5
|inactive|DecorateWithDonuts has 30 seconds left.
|inactive|airgetsu has 30 seconds left.
|inactive|DecorateWithDonuts has 20 seconds left.
|inactive|DecorateWithDonuts has 15 seconds left.
|inactive|DecorateWithDonuts has 10 seconds left.
|inactive|DecorateWithDonuts has 5 seconds left.
|
|t:|1784133830
|switch|p2b: Camerupt|Camerupt, L50, M, shiny|100/100
|switch|p2a: Tyranitar|Tyranitar, L50, F|100/100
|-weather|Sandstorm|[from] ability: Sand Stream|[of] p2a: Tyranitar
|move|p1a: Floette|Draining Kiss|p2a: Tyranitar
|-supereffective|p2a: Tyranitar|1
|-damage|p2a: Tyranitar|43/100
|-heal|p1a: Floette|93/100|[from] drain|[of] p2a: Tyranitar
|move|p1b: Incineroar|Flare Blitz|p2b: Camerupt
|-resisted|p2b: Camerupt|1
|-damage|p2b: Camerupt|82/100
|-damage|p1b: Incineroar|83/100|[from] Recoil
|
|-weather|Sandstorm|[upkeep]
|-damage|p1a: Floette|87/100|[from] Sandstorm
|-damage|p1b: Incineroar|77/100|[from] Sandstorm
|upkeep
|turn|6
|inactive|DecorateWithDonuts has 30 seconds left.
|inactive|airgetsu has 30 seconds left.
|
|t:|1784133859
|detailschange|p2b: Camerupt|Camerupt-Mega, L50, M, shiny
|-mega|p2b: Camerupt|Camerupt|Cameruptite
|move|p2a: Tyranitar|Protect|p2a: Tyranitar
|-singleturn|p2a: Tyranitar|Protect
|move|p1a: Floette|Dazzling Gleam|p2a: Tyranitar|[spread] p2b
|-activate|p2a: Tyranitar|move: Protect
|-resisted|p2b: Camerupt|1
|-damage|p2b: Camerupt|60/100
|move|p1b: Incineroar|Parting Shot|p2b: Camerupt
|-unboost|p2b: Camerupt|atk|1
|-unboost|p2b: Camerupt|spa|1
|
|t:|1784133878
|switch|p1b: Sneasler|Sneasler, L50, F|10/100|[from] Parting Shot
|move|p2b: Camerupt|Earth Power|p1b: Sneasler
|-supereffective|p1b: Sneasler|1
|-damage|p1b: Sneasler|0 fnt
|faint|p1b: Sneasler
|
|-weather|Sandstorm|[upkeep]
|-damage|p1a: Floette|81/100|[from] Sandstorm
|upkeep
|
|t:|1784133886
|switch|p1b: Incineroar|Incineroar, L50, M|77/100
|-ability|p1b: Incineroar|Intimidate|boost
|-unboost|p2a: Tyranitar|atk|1
|-unboost|p2b: Camerupt|atk|1
|turn|7
|
|t:|1784133907
|switch|p2a: Gyarados|Gyarados, L50, F, shiny|35/100
|-ability|p2a: Gyarados|Intimidate|boost
|-unboost|p1a: Floette|atk|1
|-unboost|p1b: Incineroar|atk|1
|move|p1b: Incineroar|Fake Out|p2b: Camerupt
|-damage|p2b: Camerupt|53/100
|move|p1a: Floette|Dazzling Gleam|p2b: Camerupt|[spread] p2a,p2b
|-resisted|p2b: Camerupt|1
|-damage|p2a: Gyarados|0 fnt
|-damage|p2b: Camerupt|29/100
|faint|p2a: Gyarados
|cant|p2b: Camerupt|flinch
|
|-weather|Sandstorm|[upkeep]
|-damage|p1a: Floette|75/100|[from] Sandstorm
|-damage|p1b: Incineroar|71/100|[from] Sandstorm
|upkeep
|
|t:|1784133916
|switch|p2a: Corviknight|Corviknight, L50, M|64/100
|turn|8
|
|t:|1784133932
|move|p1a: Floette|Dazzling Gleam|p2b: Camerupt|[spread] p2a,p2b
|-resisted|p2a: Corviknight|1
|-resisted|p2b: Camerupt|1
|-damage|p2a: Corviknight|37/100
|-damage|p2b: Camerupt|6/100
|move|p1b: Incineroar|Throat Chop|p2b: Camerupt
|-damage|p2b: Camerupt|0 fnt
|faint|p2b: Camerupt
|move|p2a: Corviknight|Iron Head|p1a: Floette
|-supereffective|p1a: Floette|1
|-damage|p1a: Floette|25/100
|
|-weather|Sandstorm|[upkeep]
|-damage|p1a: Floette|19/100|[from] Sandstorm
|-damage|p1b: Incineroar|65/100|[from] Sandstorm
|-heal|p2a: Corviknight|43/100|[from] item: Leftovers
|upkeep
|
|t:|1784133939
|switch|p2b: Tyranitar|Tyranitar, L50, F|43/100
|turn|9
|inactive|DecorateWithDonuts has 30 seconds left.
|
|t:|1784133972
|move|p1a: Floette|Protect|p1a: Floette
|-singleturn|p1a: Floette|Protect
|move|p1b: Incineroar|Flare Blitz|p2a: Corviknight
|-supereffective|p2a: Corviknight|1
|-damage|p2a: Corviknight|4/100
|-damage|p1b: Incineroar|52/100|[from] Recoil
|move|p2a: Corviknight|Iron Head|p1a: Floette
|-activate|p1a: Floette|move: Protect
|move|p2b: Tyranitar|Rock Slide|p1a: Floette|[spread] p1b
|-activate|p1a: Floette|move: Protect
|-supereffective|p1b: Incineroar|1
|-damage|p1b: Incineroar|1/100
|-enditem|p1b: Incineroar|Sitrus Berry|[eat]
|-heal|p1b: Incineroar|26/100|[from] item: Sitrus Berry
|
|-weather|none
|-heal|p2a: Corviknight|10/100|[from] item: Leftovers
|upkeep
|turn|10
|
|t:|1784133997
|move|p2a: Corviknight|Protect|p2a: Corviknight
|-singleturn|p2a: Corviknight|Protect
|move|p1a: Floette|Draining Kiss|p2b: Tyranitar
|-supereffective|p2b: Tyranitar|1
|-damage|p2b: Tyranitar|0 fnt
|-heal|p1a: Floette|55/100|[from] drain|[of] p2b: Tyranitar
|faint|p2b: Tyranitar
|move|p1b: Incineroar|Throat Chop|p2a: Corviknight
|-activate|p2a: Corviknight|move: Protect
|
|-heal|p2a: Corviknight|16/100|[from] item: Leftovers
|upkeep
|turn|11
|-message|airgetsu forfeited.
|raw|DecorateWithDonuts's rating: 1046 → 1078(+32 for winning)
|raw|airgetsu's rating: 1039 → 1023(-16 for losing)
|
|win|DecorateWithDonuts
