|j|☆plsbringregi
|j|☆monsoonisbest
|html|plsbringregimonsoonisbest    
|uhtml|bestof|Game 1 of a best-of-3
|t:|1784828681
|gametype|doubles
|player|p1|plsbringregi|266|1229
|player|p2|monsoonisbest|170|1169
|gen|9
|tier|[Gen 9 Champions] VGC 2026 Reg M-B (Bo3)
|rated|
|rule|Species Clause: Limit one of each Pokémon
|rule|Item Clause: Limit 1 of each item
|clearpoke
|poke|p1|Kleavor, L50, M|
|poke|p1|Gholdengo, L50|
|poke|p1|Dragonite, L50, F|
|poke|p1|Maushold, L50|
|poke|p1|Floette-Eternal, L50, F|
|poke|p1|Sinistcha, L50|
|poke|p2|Venusaur, L50, F|
|poke|p2|Grimmsnarl, L50, M|
|poke|p2|Pelipper, L50, F|
|poke|p2|Archaludon, L50, F|
|poke|p2|Charizard, L50, M|
|poke|p2|Basculegion, L50, M|
|teampreview|4
|showteam|p1|Kleavor||FocusSash|Sharpness|StoneAxe,XScissor,CloseCombat,Protect|Jolly||M|||50|]Gholdengo||ChoiceScarf|GoodasGold|ShadowBall,MakeItRain,PowerGem,Trick|Modest|||||50|]Dragonite||LifeOrb|InnerFocus|DragonClaw,ExtremeSpeed,LowKick,Protect|Adamant||F|||50|]Maushold||ChopleBerry|FriendGuard|SuperFang,FollowMe,Protect,Taunt|Timid|||||50|]Floette-Eternal||Floettite|FlowerVeil|Moonblast,DazzlingGleam,CalmMind,Protect|Timid||F|||50|]Sinistcha||KasibBerry|Hospitality|MatchaGotcha,RagePowder,TrickRoom,Protect|Bold|||||50|
|showteam|p2|Venusaur||Venusaurite|Chlorophyll|SludgeBomb,EarthPower,SleepPowder,Protect|Modest||F|||50|]Grimmsnarl||LightClay|Prankster|SpiritBreak,Reflect,LightScreen,PartingShot|Careful||M|||50|]Pelipper||SitrusBerry|Drizzle|Hurricane,WeatherBall,Tailwind,WideGuard|Modest||F|||50|]Archaludon||Leftovers|Stamina|DragonPulse,FlashCannon,ElectroShot,Protect|Modest||F|||50|]Charizard||CharizarditeY|Blaze|HeatWave,SolarBeam,WeatherBall,Protect|Modest||M|||50|]Basculegion||ChoiceScarf|Adaptability|WaveCrash,FlipTurn,LastRespects,AquaJet|Jolly||M|||50|
|
|t:|1784828737
|teamsize|p1|4
|teamsize|p2|4
|start
|switch|p1a: Kleavor|Kleavor, L50, M|100/100
|switch|p1b: Gholdengo|Gholdengo, L50|100/100
|switch|p2a: Grimmsnarl|Grimmsnarl, L50, M|100/100
|switch|p2b: Charizard|Charizard, L50, M|100/100
|turn|1
|
|t:|1784828751
|switch|p2b: Archaludon|Archaludon, L50, F|100/100
|move|p2a: Grimmsnarl|Parting Shot|p1a: Kleavor
|-unboost|p1a: Kleavor|atk|1
|-unboost|p1a: Kleavor|spa|1
|
|t:|1784828756
|switch|p2a: Pelipper|Pelipper, L50, F|100/100|[from] Parting Shot
|-weather|RainDance|[from] ability: Drizzle|[of] p2a: Pelipper
|move|p1b: Gholdengo|Trick|p2a: Pelipper
|-activate|p1b: Gholdengo|move: Trick|[of] p2a: Pelipper
|-item|p2a: Pelipper|Choice Scarf|[from] move: Trick
|-item|p1b: Gholdengo|Sitrus Berry|[from] move: Trick
|move|p1a: Kleavor|Stone Axe|p2b: Archaludon
|-resisted|p2b: Archaludon|1
|-damage|p2b: Archaludon|88/100
|-ability|p2b: Archaludon|Stamina|boost
|-boost|p2b: Archaludon|def|1
|-sidestart|p2: monsoonisbest|move: Stealth Rock
|
|-weather|RainDance|[upkeep]
|-heal|p2b: Archaludon|94/100|[from] item: Leftovers
|upkeep
|turn|2
|
|t:|1784828772
|move|p1a: Kleavor|Stone Axe|p2a: Pelipper
|-supereffective|p2a: Pelipper|1
|-crit|p2a: Pelipper
|-damage|p2a: Pelipper|0 fnt
|faint|p2a: Pelipper
|move|p1b: Gholdengo|Shadow Ball|p2b: Archaludon
|-damage|p2b: Archaludon|47/100
|-ability|p2b: Archaludon|Stamina|boost
|-boost|p2b: Archaludon|def|1
|move|p2b: Archaludon|Electro Shot||[still]
|-prepare|p2b: Archaludon|Electro Shot
|-boost|p2b: Archaludon|spa|1
|-anim|p2b: Archaludon|Electro Shot|p1b: Gholdengo
|-damage|p1b: Gholdengo|26/100
|-enditem|p1b: Gholdengo|Sitrus Berry|[eat]
|-heal|p1b: Gholdengo|51/100|[from] item: Sitrus Berry
|
|-weather|RainDance|[upkeep]
|-heal|p2b: Archaludon|53/100|[from] item: Leftovers
|upkeep
|
|t:|1784828784
|switch|p2a: Grimmsnarl|Grimmsnarl, L50, M|100/100
|-damage|p2a: Grimmsnarl|87/100|[from] Stealth Rock
|turn|3
|
|t:|1784828795
|move|p2a: Grimmsnarl|Light Screen|p2a: Grimmsnarl
|-sidestart|p2: monsoonisbest|move: Light Screen
|move|p1a: Kleavor|X-Scissor|p2a: Grimmsnarl
|-damage|p2a: Grimmsnarl|45/100
|move|p1b: Gholdengo|Make It Rain|p2a: Grimmsnarl|[spread] p2a,p2b
|-supereffective|p2a: Grimmsnarl|1
|-resisted|p2b: Archaludon|1
|-damage|p2a: Grimmsnarl|0 fnt
|-damage|p2b: Archaludon|36/100
|-unboost|p1b: Gholdengo|spa|2
|-ability|p2b: Archaludon|Stamina|boost
|-boost|p2b: Archaludon|def|1
|faint|p2a: Grimmsnarl
|move|p2b: Archaludon|Electro Shot||[still]
|-prepare|p2b: Archaludon|Electro Shot
|-boost|p2b: Archaludon|spa|1
|-anim|p2b: Archaludon|Electro Shot|p1b: Gholdengo
|-damage|p1b: Gholdengo|0 fnt
|faint|p1b: Gholdengo
|
|-weather|RainDance|[upkeep]
|-heal|p2b: Archaludon|42/100|[from] item: Leftovers
|upkeep
|
|t:|1784828809
|switch|p1b: Maushold|Maushold, L50|100/100
|switch|p2a: Charizard|Charizard, L50, M|100/100
|-damage|p2a: Charizard|50/100g|[from] Stealth Rock
|turn|4
|
|t:|1784828817
|detailschange|p2a: Charizard|Charizard-Mega-Y, L50, M
|-mega|p2a: Charizard|Charizard|Charizardite Y
|-weather|SunnyDay|[from] ability: Drought|[of] p2a: Charizard
|move|p1b: Maushold|Super Fang|p2a: Charizard
|-damage|p2a: Charizard|25/100
|move|p1a: Kleavor|Close Combat|p2b: Archaludon
|-supereffective|p2b: Archaludon|1
|-damage|p2b: Archaludon|24/100
|-unboost|p1a: Kleavor|def|1
|-unboost|p1a: Kleavor|spd|1
|-ability|p2b: Archaludon|Stamina|boost
|-boost|p2b: Archaludon|def|1
|move|p2a: Charizard|Heat Wave|p1a: Kleavor|[spread] p1a,p1b
|-enditem|p1a: Kleavor|Focus Sash
|-damage|p1a: Kleavor|1/100
|-damage|p1b: Maushold|26/100
|move|p2b: Archaludon|Dragon Pulse|p1a: Kleavor
|-damage|p1a: Kleavor|0 fnt
|faint|p1a: Kleavor
|
|-weather|SunnyDay|[upkeep]
|-heal|p2b: Archaludon|30/100|[from] item: Leftovers
|upkeep
|
|t:|1784828825
|switch|p1a: Floette|Floette-Eternal, L50, F|100/100
|turn|5
|
|t:|1784828845
|detailschange|p1a: Floette|Floette-Mega, L50, F
|-mega|p1a: Floette|Floette|Floettite
|-ability|p1a: Floette|Fairy Aura
|move|p1b: Maushold|Protect|p1b: Maushold
|-singleturn|p1b: Maushold|Protect
|move|p1a: Floette|Protect|p1a: Floette
|-singleturn|p1a: Floette|Protect
|move|p2a: Charizard|Heat Wave|p1a: Floette|[spread] 
|-activate|p1a: Floette|move: Protect
|-activate|p1b: Maushold|move: Protect
|move|p2b: Archaludon|Flash Cannon|p1a: Floette
|-activate|p1a: Floette|move: Protect
|
|-weather|SunnyDay|[upkeep]
|-heal|p2b: Archaludon|36/100|[from] item: Leftovers
|upkeep
|turn|6
|
|t:|1784828859
|move|p1b: Maushold|Follow Me|p1b: Maushold
|-singleturn|p1b: Maushold|move: Follow Me
|move|p1a: Floette|Moonblast|p2b: Archaludon
|-damage|p2b: Archaludon|0 fnt
|faint|p2b: Archaludon
|move|p2a: Charizard|Heat Wave|p1b: Maushold|[spread] p1a,p1b
|-damage|p1a: Floette|58/100
|-damage|p1b: Maushold|0 fnt
|faint|p1b: Maushold
|
|-weather|SunnyDay|[upkeep]
|upkeep
|turn|7
|
|t:|1784828889
|move|p1a: Floette|Protect|p1a: Floette
|-singleturn|p1a: Floette|Protect
|move|p2a: Charizard|Weather Ball|p1a: Floette
|-activate|p1a: Floette|move: Protect
|
|-weather|SunnyDay|[upkeep]
|upkeep
|turn|8
|inactive|Battle timer is ON: inactive players will automatically lose when time's up. (requested by monsoonisbest)
|
|t:|1784828919
|move|p1a: Floette|Calm Mind|p1a: Floette
|-boost|p1a: Floette|spa|1
|-boost|p1a: Floette|spd|1
|move|p2a: Charizard|Weather Ball|p1a: Floette
|-damage|p1a: Floette|12/100
|
|-weather|none
|upkeep
|turn|9
|
|t:|1784828926
|move|p1a: Floette|Moonblast|p2a: Charizard
|-resisted|p2a: Charizard|1
|-damage|p2a: Charizard|0 fnt
|faint|p2a: Charizard
|
|win|plsbringregi
