|j|☆OdieVGC
|j|☆FocusRanja
|html|OdieVGCFocusRanja    
|uhtml|bestof|Game 2 of a best-of-3
|t:|1783370075
|gametype|doubles
|player|p1|OdieVGC|265|1081
|player|p2|FocusRanja|101|1079
|gen|9
|tier|[Gen 9 Champions] VGC 2026 Reg M-B (Bo3)
|rated|
|rule|Species Clause: Limit one of each Pokémon
|rule|Item Clause: Limit 1 of each item
|clearpoke
|poke|p1|Primarina, L50, M|
|poke|p1|Staraptor, L50, M, shiny|
|poke|p1|Delphox, L50, F, shiny|
|poke|p1|Garchomp, L50, F|
|poke|p1|Grimmsnarl, L50, M|
|poke|p1|Sinistcha-Masterpiece, L50, shiny|
|poke|p2|Incineroar, L50, M|
|poke|p2|Mawile, L50, F|
|poke|p2|Farigiraf, L50, F|
|poke|p2|Charizard, L50, M|
|poke|p2|Whimsicott, L50, F|
|poke|p2|Basculegion, L50, M|
|teampreview|4
|showteam|p1|Primarina||Leftovers|LiquidVoice|Protect,HyperVoice,CalmMind,Moonblast|Modest||M|||50|]Staraptor||Staraptite|Intimidate|Protect,BraveBird,Tailwind,CloseCombat|Jolly||M|||50|]Delphox||Delphoxite|Blaze|Protect,HeatWave,Encore,Psychic|Timid||F|||50|]Garchomp||LifeOrb|RoughSkin|Protect,DragonClaw,RockSlide,StompingTantrum|Jolly||F|||50|]Grimmsnarl||LightClay|Prankster|SpiritBreak,Reflect,LightScreen,PartingShot|Careful||M|||50|]Sinistcha-Masterpiece||KasibBerry|Hospitality|Protect,MatchaGotcha,RagePowder,StrengthSap|Bold|||||50|
|showteam|p2|Incineroar||SitrusBerry|Intimidate|FakeOut,DarkestLariat,FlareBlitz,PartingShot|Brave||M|||50|]Mawile||Mawilite|HyperCutter|PlayRough,IronHead,Protect,SuckerPunch|Serious||F|||50|]Farigiraf||ColburBerry|ArmorTail|HelpingHand,TrickRoom,HyperVoice,Psychic|Relaxed||F|||50|]Charizard||CharizarditeY|SolarPower|WeatherBall,HeatWave,Protect,SolarBeam|Timid||M|||50|]Whimsicott||FocusSash|Prankster|Tailwind,Encore,Protect,Moonblast|Timid||F|||50|]Basculegion||LifeOrb|Adaptability|AquaJet,WaveCrash,Protect,LastRespects|Jolly||M|||50|
|inactive|Battle timer is ON: inactive players will automatically lose when time's up. (requested by OdieVGC)
|inactive|FocusRanja has 60 seconds left.
|inactive|FocusRanja has 30 seconds left.
|inactive|FocusRanja has 20 seconds left.
|inactive|FocusRanja has 15 seconds left.
|inactive|FocusRanja has 10 seconds left.
|inactive|FocusRanja has 5 seconds left.
|
|t:|1783370267
|teamsize|p1|4
|teamsize|p2|4
|start
|switch|p1a: Grimmsnarl|Grimmsnarl, L50, M|100/100
|switch|p1b: Primarina|Primarina, L50, M|100/100
|switch|p2a: Incineroar|Incineroar, L50, M|100/100
|switch|p2b: Mawile|Mawile, L50, F|100/100
|-ability|p2a: Incineroar|Intimidate|boost
|-unboost|p1a: Grimmsnarl|atk|1
|-unboost|p1b: Primarina|atk|1
|turn|1
|inactive|OdieVGC has 30 seconds left.
|inactive|FocusRanja has 30 seconds left.
|
|t:|1783370298
|detailschange|p2b: Mawile|Mawile-Mega, L50, F
|-mega|p2b: Mawile|Mawile|Mawilite
|move|p1b: Primarina|Protect|p1b: Primarina
|-singleturn|p1b: Primarina|Protect
|move|p2a: Incineroar|Fake Out|p1b: Primarina
|-activate|p1b: Primarina|move: Protect
|move|p1a: Grimmsnarl|Reflect|p1a: Grimmsnarl
|-sidestart|p1: OdieVGC|Reflect
|move|p2b: Mawile|Iron Head|p1a: Grimmsnarl
|-supereffective|p1a: Grimmsnarl|1
|-damage|p1a: Grimmsnarl|1/100
|
|upkeep
|turn|2
|inactive|FocusRanja has 30 seconds left.
|
|t:|1783370326
|move|p1a: Grimmsnarl|Parting Shot|p2b: Mawile
|-unboost|p2b: Mawile|atk|1
|-unboost|p2b: Mawile|spa|1
|
|t:|1783370331
|switch|p1a: Sinistcha|Sinistcha-Masterpiece, L50, shiny|100/100|[from] Parting Shot
|move|p1b: Primarina|Calm Mind|p1b: Primarina
|-boost|p1b: Primarina|spa|1
|-boost|p1b: Primarina|spd|1
|move|p2a: Incineroar|Parting Shot|p1b: Primarina
|-unboost|p1b: Primarina|atk|1
|-unboost|p1b: Primarina|spa|1
|
|t:|1783370341
|switch|p2a: Charizard|Charizard, L50, M|100/100|[from] Parting Shot
|move|p2b: Mawile|Iron Head|p1a: Sinistcha
|-damage|p1a: Sinistcha|76/100
|
|upkeep
|turn|3
|
|t:|1783370363
|switch|p2a: Incineroar|Incineroar, L50, M|100/100
|-ability|p2a: Incineroar|Intimidate|boost
|-unboost|p1a: Sinistcha|atk|1
|-unboost|p1b: Primarina|atk|1
|switch|p1a: Garchomp|Garchomp, L50, F|100/100
|move|p1b: Primarina|Hyper Voice|p2a: Incineroar|[spread] p2a,p2b
|-supereffective|p2a: Incineroar|1
|-damage|p2a: Incineroar|37/100
|-damage|p2b: Mawile|61/100
|-enditem|p2a: Incineroar|Sitrus Berry|[eat]
|-heal|p2a: Incineroar|62/100|[from] item: Sitrus Berry
|move|p2b: Mawile|Play Rough|p1a: Garchomp
|-supereffective|p1a: Garchomp|1
|-damage|p1a: Garchomp|32/100
|-damage|p2b: Mawile|49/100|[from] ability: Rough Skin|[of] p1a: Garchomp
|
|upkeep
|turn|4
|
|t:|1783370383
|move|p1a: Garchomp|Protect|p1a: Garchomp
|-singleturn|p1a: Garchomp|Protect
|move|p2a: Incineroar|Fake Out|p1a: Garchomp
|-activate|p1a: Garchomp|move: Protect
|move|p1b: Primarina|Calm Mind|p1b: Primarina
|-boost|p1b: Primarina|spa|1
|-boost|p1b: Primarina|spd|1
|move|p2b: Mawile|Iron Head|p1b: Primarina
|-damage|p1b: Primarina|66/100
|
|-heal|p1b: Primarina|72/100|[from] item: Leftovers
|upkeep
|turn|5
|
|t:|1783370407
|move|p2b: Mawile|Protect|p2b: Mawile
|-singleturn|p2b: Mawile|Protect
|move|p1a: Garchomp|Rock Slide|p2b: Mawile|[spread] p2a
|-activate|p2b: Mawile|move: Protect
|-supereffective|p2a: Incineroar|1
|-damage|p2a: Incineroar|9/100
|-damage|p1a: Garchomp|22/100|[from] item: Life Orb
|move|p1b: Primarina|Hyper Voice|p2a: Incineroar|[spread] p2a
|-activate|p2b: Mawile|move: Protect
|-supereffective|p2a: Incineroar|1
|-damage|p2a: Incineroar|0 fnt
|faint|p2a: Incineroar
|
|-heal|p1b: Primarina|78/100|[from] item: Leftovers
|upkeep
|
|t:|1783370418
|switch|p2a: Farigiraf|Farigiraf, L50, F|100/100
|turn|6
|
|t:|1783370428
|switch|p1a: Sinistcha|Sinistcha-Masterpiece, L50, shiny|76/100
|-heal|p1b: Primarina|100/100|[from] ability: Hospitality|[of] p1a: Sinistcha
|switch|p2b: Charizard|Charizard, L50, M|100/100
|move|p1b: Primarina|Hyper Voice|p2b: Charizard|[spread] p2a,p2b
|-supereffective|p2b: Charizard|1
|-damage|p2a: Farigiraf|55/100
|-damage|p2b: Charizard|0 fnt
|faint|p2b: Charizard
|move|p2a: Farigiraf|Trick Room|p2a: Farigiraf
|-fieldstart|move: Trick Room|[of] p2a: Farigiraf
|
|upkeep
|
|t:|1783370438
|switch|p2b: Mawile|Mawile-Mega, L50, F|49/100
|turn|7
|
|t:|1783370450
|move|p2a: Farigiraf|Helping Hand|p2b: Mawile
|-singleturn|p2b: Mawile|Helping Hand|[of] p2a: Farigiraf
|move|p1b: Primarina|Protect|p1b: Primarina
|-singleturn|p1b: Primarina|Protect
|move|p2b: Mawile|Iron Head|p1b: Primarina
|-activate|p1b: Primarina|move: Protect
|move|p1a: Sinistcha|Strength Sap|p2b: Mawile
|-unboost|p2b: Mawile|atk|1
|-heal|p1a: Sinistcha|100/100
|
|upkeep
|turn|8
|-message|FocusRanja forfeited.
|
|win|OdieVGC
|raw|OdieVGC's rating: 1081 → 1109(+28 for winning)
|raw|FocusRanja's rating: 1079 → 1057(-22 for losing)
|l|☆FocusRanja
|player|p2|
