|j|☆marcusquinn
|j|☆nicven
|html|marcusquinnnicven    
|uhtml|bestof|Game 2 of a best-of-3
|t:|1756489449
|gametype|doubles
|player|p1|marcusquinn|hilbert-wonderlauncher|1463
|player|p2|nicven|169|1457
|gen|9
|tier|[Gen 9] VGC 2025 Reg H (Bo3)
|rated|
|rule|Species Clause: Limit one of each Pokémon
|rule|Item Clause: Limit 1 of each item
|clearpoke
|poke|p1|Archaludon, L50, F|
|poke|p1|Porygon2, L50|
|poke|p1|Incineroar, L50, F|
|poke|p1|Ursaluna, L50, F|
|poke|p1|Sneasler, L50, F|
|poke|p1|Dragonite, L50, M|
|poke|p2|Rillaboom, L50, M|
|poke|p2|Annihilape, L50, F|
|poke|p2|Dragonite, L50, F|
|poke|p2|Gholdengo, L50|
|poke|p2|Maushold-Four, L50|
|poke|p2|Ursaluna-Bloodmoon, L50, M|
|teampreview|4
|showteam|p1|Archaludon||PowerHerb|Sturdy|Protect,ElectroShot,DracoMeteor,FlashCannon|||F|||50|,,,,,Electric]Porygon2||Eviolite|Download|TeraBlast,IceBeam,Recover,TrickRoom||||||50|,,,,,Fighting]Incineroar||SitrusBerry|Intimidate|FlareBlitz,KnockOff,FakeOut,PartingShot|||F|||50|,,,,,Ghost]Ursaluna||FlameOrb|Guts|HeadlongRush,Facade,Earthquake,Protect|||F|||50|,,,,,Ghost]Sneasler||FocusSash|Unburden|Protect,CloseCombat,DireClaw,ThroatChop|||F|||50|,,,,,Stellar]Dragonite||LoadedDice|Multiscale|ScaleShot,Tailwind,Haze,Protect|||M|||50|,,,,,Steel
|showteam|p2|Rillaboom||MiracleSeed|GrassySurge|WoodHammer,GrassyGlide,HighHorsepower,FakeOut|||M|||50|,,,,,Fire]Annihilape||SitrusBerry|Defiant|DrainPunch,RageFist,BulkUp,Protect|||F|||50|,,,,,Fire]Dragonite||LoadedDice|Multiscale|ScaleShot,Tailwind,Haze,Protect|||F|||50|,,,,,Fairy]Gholdengo||LifeOrb|GoodasGold|Protect,MakeItRain,ShadowBall,NastyPlot||||||50|,,,,,Water]Maushold-Four||FocusSash|FriendGuard|SuperFang,FollowMe,BeatUp,Protect||||||50|,,,,,Ghost]Ursaluna-Bloodmoon||AssaultVest|MindsEye|BloodMoon,EarthPower,VacuumWave,HyperVoice|||M|||50|,,,,,Water
|inactive|Battle timer is ON: inactive players will automatically lose when time's up. (requested by marcusquinn)
|j| Vienna Vaporeons
|l| Vienna Vaporeons
|inactive|nicven has 60 seconds left.
|inactive|nicven has 30 seconds left.
|
|t:|1756489515
|teamsize|p1|4
|teamsize|p2|4
|start
|switch|p1a: Dragonite|Dragonite, L50, M, shiny|100/100
|switch|p1b: Archaludon|Archaludon, L50, F|100/100
|switch|p2a: Dragonite|Dragonite, L50, F|100/100
|switch|p2b: Maushold|Maushold-Four, L50|100/100
|turn|1
|inactive|marcusquinn has 30 seconds left.
|inactive|marcusquinn has 20 seconds left.
|
|t:|1756489550
|-terastallize|p1a: Dragonite|Steel
|-terastallize|p2a: Dragonite|Fairy
|move|p2b: Maushold|Super Fang|p1b: Archaludon
|-damage|p1b: Archaludon|51/100
|move|p1b: Archaludon|Flash Cannon|p2a: Dragonite
|-supereffective|p2a: Dragonite
|-damage|p2a: Dragonite|67/100
|move|p1a: Dragonite|Scale Shot|p2b: Maushold
|-damage|p2b: Maushold|84/100
|-damage|p2b: Maushold|67/100
|-damage|p2b: Maushold|50/100
|-damage|p2b: Maushold|31/100
|-damage|p2b: Maushold|14/100
|-hitcount|p2b: Maushold|5
|-unboost|p1a: Dragonite|def|1
|-boost|p1a: Dragonite|spe|1
|move|p2a: Dragonite|Scale Shot|p1a: Dragonite
|-resisted|p1a: Dragonite
|-damage|p1a: Dragonite|94/100
|-resisted|p1a: Dragonite
|-damage|p1a: Dragonite|81/100
|-resisted|p1a: Dragonite
|-damage|p1a: Dragonite|68/100
|-resisted|p1a: Dragonite
|-damage|p1a: Dragonite|55/100
|-hitcount|p1a: Dragonite|4
|-unboost|p2a: Dragonite|def|1
|-boost|p2a: Dragonite|spe|1
|
|upkeep
|turn|2
|inactive|marcusquinn has 30 seconds left.
|inactive|nicven has 30 seconds left.
|inactive|nicven has 20 seconds left.
|inactive|nicven has 15 seconds left.
|inactive|nicven has 10 seconds left.
|inactive|nicven has 5 seconds left.
|
|t:|1756489603
|move|p2b: Maushold|Follow Me|p2b: Maushold
|-singleturn|p2b: Maushold|move: Follow Me
|move|p1a: Dragonite|Tailwind|p1a: Dragonite
|-sidestart|p1: marcusquinn|move: Tailwind
|move|p1b: Archaludon|Flash Cannon|p2b: Maushold
|-damage|p2b: Maushold|0 fnt
|faint|p2b: Maushold
|move|p2a: Dragonite|Scale Shot|p1a: Dragonite
|-resisted|p1a: Dragonite
|-damage|p1a: Dragonite|43/100
|-resisted|p1a: Dragonite
|-damage|p1a: Dragonite|32/100
|-resisted|p1a: Dragonite
|-damage|p1a: Dragonite|19/100
|-resisted|p1a: Dragonite
|-damage|p1a: Dragonite|6/100
|-hitcount|p1a: Dragonite|4
|-unboost|p2a: Dragonite|def|1
|-boost|p2a: Dragonite|spe|1
|
|upkeep
|
|t:|1756489621
|switch|p2b: Ursaluna|Ursaluna-Bloodmoon, L50, M|100/100
|turn|3
|inactive|nicven has 30 seconds left.
|
|t:|1756489646
|move|p1a: Dragonite|Protect|p1a: Dragonite
|-singleturn|p1a: Dragonite|Protect
|move|p2a: Dragonite|Protect|p2a: Dragonite
|-singleturn|p2a: Dragonite|Protect
|move|p1b: Archaludon|Electro Shot||[still]
|-prepare|p1b: Archaludon|Electro Shot
|-boost|p1b: Archaludon|spa|1
|-enditem|p1b: Archaludon|Power Herb
|-anim|p1b: Archaludon|Electro Shot|p2a: Dragonite
|-activate|p2a: Dragonite|move: Protect
|move|p2b: Ursaluna|Earth Power|p1b: Archaludon
|-supereffective|p1b: Archaludon
|-damage|p1b: Archaludon|0 fnt
|faint|p1b: Archaludon
|
|upkeep
|
|t:|1756489662
|switch|p1b: Sneasler|Sneasler, L50, F|100/100
|turn|4
|inactive|nicven has 30 seconds left.
|
|t:|1756489688
|switch|p1a: Ursaluna|Ursaluna, L50, F|100/100
|switch|p2a: Annihilape|Annihilape, L50, F|100/100
|move|p2b: Ursaluna|Vacuum Wave|p1a: Ursaluna
|-supereffective|p1a: Ursaluna
|-damage|p1a: Ursaluna|74/100
|move|p1b: Sneasler|Dire Claw|p2a: Annihilape
|-resisted|p2a: Annihilape
|-damage|p2a: Annihilape|76/100
|
|-status|p1a: Ursaluna|brn|[from] item: Flame Orb
|upkeep
|turn|5
|inactive|marcusquinn has 30 seconds left.
|inactive|nicven has 30 seconds left.
|
|t:|1756489722
|switch|p1b: Dragonite|Dragonite, L50, M, shiny, tera:Steel|6/100
|switch|p2b: Dragonite|Dragonite, L50, F, tera:Fairy|67/100
|move|p2a: Annihilape|Protect|p2a: Annihilape
|-singleturn|p2a: Annihilape|Protect
|move|p1a: Ursaluna|Facade|p2b: Dragonite
|-damage|p2b: Dragonite|0 fnt
|faint|p2b: Dragonite
|
|-damage|p1a: Ursaluna|69/100 brn|[from] brn
|-sideend|p1: marcusquinn|move: Tailwind
|upkeep
|
|t:|1756489734
|switch|p2b: Ursaluna|Ursaluna-Bloodmoon, L50, M|100/100
|turn|6
|
|t:|1756489753
|move|p1a: Ursaluna|Protect|p1a: Ursaluna
|-singleturn|p1a: Ursaluna|Protect
|move|p2a: Annihilape|Drain Punch|p1b: Dragonite
|-supereffective|p1b: Dragonite
|-damage|p1b: Dragonite|0 fnt
|-heal|p2a: Annihilape|78/100|[from] drain|[of] p1b: Dragonite
|faint|p1b: Dragonite
|move|p2b: Ursaluna|Blood Moon|p1a: Ursaluna
|-activate|p1a: Ursaluna|move: Protect
|
|-damage|p1a: Ursaluna|63/100 brn|[from] brn
|upkeep
|
|t:|1756489766
|switch|p1b: Sneasler|Sneasler, L50, F|100/100
|turn|7
|
|t:|1756489783
|move|p1a: Ursaluna|Protect||[still]
|-fail|p1a: Ursaluna
|move|p2b: Ursaluna|Vacuum Wave|p1a: Ursaluna
|-supereffective|p1a: Ursaluna
|-damage|p1a: Ursaluna|36/100 brn
|move|p1b: Sneasler|Close Combat|p2b: Ursaluna
|-supereffective|p2b: Ursaluna
|-damage|p2b: Ursaluna|0 fnt
|-unboost|p1b: Sneasler|def|1
|-unboost|p1b: Sneasler|spd|1
|faint|p2b: Ursaluna
|move|p2a: Annihilape|Drain Punch|p1a: Ursaluna
|-supereffective|p1a: Ursaluna
|-damage|p1a: Ursaluna|0 fnt
|-heal|p2a: Annihilape|98/100|[from] drain|[of] p1a: Ursaluna
|faint|p1a: Ursaluna
|
|upkeep
|turn|8
|
|t:|1756489797
|move|p1b: Sneasler|Dire Claw|p2a: Annihilape
|-resisted|p2a: Annihilape
|-damage|p2a: Annihilape|74/100
|move|p2a: Annihilape|Drain Punch|p1b: Sneasler
|-resisted|p1b: Sneasler
|-damage|p1b: Sneasler|62/100
|-heal|p2a: Annihilape|88/100|[from] drain|[of] p1b: Sneasler
|
|upkeep
|turn|9
|
|t:|1756489806
|move|p1b: Sneasler|Dire Claw|p2a: Annihilape
|-resisted|p2a: Annihilape
|-damage|p2a: Annihilape|65/100
|move|p2a: Annihilape|Rage Fist|p1b: Sneasler
|-damage|p1b: Sneasler|0 fnt
|faint|p1b: Sneasler
|
|win|nicven
||nicven is ready for game 3.
|inactive|marcusquinn has 30 seconds to confirm battle start!
||marcusquinn is ready for game 3.
|uhtml|next|Next: Game 3 of 3
|l|☆nicven
|player|p2|
