|j|☆Cines Yelmo
|j|☆tessa scarlet
|html|Cines Yelmotessa scarlet    
|uhtml|bestof|Game 1 of a best-of-3
|t:|1756497943
|gametype|doubles
|player|p1|Cines Yelmo|cameraman|1359
|player|p2|tessa scarlet|265|1387
|gen|9
|tier|[Gen 9] VGC 2025 Reg H (Bo3)
|rated|
|rule|Species Clause: Limit one of each Pokémon
|rule|Item Clause: Limit 1 of each item
|clearpoke
|poke|p1|Dondozo, L50, F|
|poke|p1|Garchomp, L50, F|
|poke|p1|Gholdengo, L50|
|poke|p1|Incineroar, L50, F|
|poke|p1|Sneasler, L50, M|
|poke|p1|Tyranitar, L50, F|
|poke|p2|Gholdengo, L50|
|poke|p2|Sneasler, L50, M|
|poke|p2|Rillaboom, L50, M|
|poke|p2|Dragonite, L50, M|
|poke|p2|Ninetales-Alola, L50, M|
|poke|p2|Arcanine-Hisui, L50, M|
|teampreview|4
|showteam|p1|Dondozo||Leftovers|Unaware|Protect,WaveCrash,Fissure,Yawn|||F|||50|,,,,,Bug]Garchomp||LifeOrb|SandVeil|Protect,DragonClaw,Earthquake,RockSlide|||F|||50|,,,,,Fairy]Gholdengo||ChoiceScarf|GoodasGold|MakeItRain,ShadowBall,Thunderbolt,Trick||||||50|,,,,,Flying]Incineroar||SafetyGoggles|Intimidate|FakeOut,FlareBlitz,KnockOff,PartingShot|||F|||50|,,,,,Bug]Sneasler||FocusSash|Unburden|Protect,CloseCombat,DireClaw,Coaching|||M|||50|,,,,,Flying]Tyranitar||AssaultVest|SandStream|RockSlide,KnockOff,LowKick,TeraBlast|||F|||50|,,,,,Flying
|showteam|p2|Gholdengo||GrassySeed|GoodasGold|NastyPlot,MakeItRain,ShadowBall,Protect||||||50|,,,,,Water]Sneasler||WhiteHerb|Unburden|CloseCombat,DireClaw,Coaching,Protect|||M|||50|,,,,,Ghost]Rillaboom||AssaultVest|GrassySurge|FakeOut,GrassyGlide,DrumBeating,HighHorsepower|||M|||50|,,,,,Fire]Dragonite||LoadedDice|Multiscale|ScaleShot,StompingTantrum,Tailwind,Protect|||M|||50|,,,,,Ground]Ninetales-Alola||FocusSash|SnowWarning|Blizzard,IcyWind,Encore,AuroraVeil|||M|||50|,,,,,Ghost]Arcanine-Hisui||ClearAmulet|Intimidate|RockSlide,FlareBlitz,ExtremeSpeed,Protect|||M|||50|,,,,,Water
|inactive|Battle timer is ON: inactive players will automatically lose when time's up. (requested by Cines Yelmo)
|
|t:|1756498009
|teamsize|p1|4
|teamsize|p2|4
|start
|switch|p1a: Garchomp|Garchomp, L50, F|100/100
|switch|p1b: Gholdengo|Gholdengo, L50|100/100
|switch|p2a: Sneasler|Sneasler, L50, M|100/100
|switch|p2b: Dragonite|Dragonite, L50, M|100/100
|turn|1
|inactive|Cines Yelmo has 30 seconds left.
|inactive|Cines Yelmo has 20 seconds left.
|inactive|Cines Yelmo has 15 seconds left.
|inactive|Cines Yelmo has 10 seconds left.
|inactive|Cines Yelmo has 5 seconds left.
|
|t:|1756498061
|move|p2b: Dragonite|Protect|p2b: Dragonite
|-singleturn|p2b: Dragonite|Protect
|move|p1b: Gholdengo|Make It Rain|p2b: Dragonite|[spread] p2a
|-activate|p2b: Dragonite|move: Protect
|-damage|p2a: Sneasler|34/100
|-unboost|p1b: Gholdengo|spa|1
|move|p2a: Sneasler|Coaching|p2b: Dragonite
|-boost|p2b: Dragonite|atk|1
|-boost|p2b: Dragonite|def|1
|move|p1a: Garchomp|Dragon Claw|p2b: Dragonite
|-activate|p2b: Dragonite|move: Protect
|
|upkeep
|turn|2
|inactive|tessa scarlet has 30 seconds left.
|inactive|Cines Yelmo has 30 seconds left.
|inactive|tessa scarlet has 20 seconds left.
|
|t:|1756498100
|switch|p2a: Arcanine|Arcanine-Hisui, L50, M|100/100
|-ability|p2a: Arcanine|Intimidate|boost
|-unboost|p1a: Garchomp|atk|1
|-unboost|p1b: Gholdengo|atk|1
|switch|p1a: Incineroar|Incineroar, L50, F|100/100
|-ability|p1a: Incineroar|Intimidate|boost
|-fail|p2a: Arcanine|unboost|[from] item: Clear Amulet|[of] p2a: Arcanine
|-unboost|p2b: Dragonite|atk|1
|-terastallize|p2b: Dragonite|Ground
|move|p1b: Gholdengo|Make It Rain|p2a: Arcanine|[spread] p2a,p2b
|-damage|p2a: Arcanine|58/100
|-damage|p2b: Dragonite|83/100
|-unboost|p1b: Gholdengo|spa|1
|move|p2b: Dragonite|Tailwind|p2b: Dragonite
|-sidestart|p2: tessa scarlet|move: Tailwind
|
|upkeep
|turn|3
|inactive|Cines Yelmo has 30 seconds left.
|inactive|tessa scarlet has 30 seconds left.
|inactive|Cines Yelmo has 20 seconds left.
|inactive|tessa scarlet has 20 seconds left.
|inactive|Cines Yelmo has 15 seconds left.
|inactive|tessa scarlet has 15 seconds left.
|inactive|Cines Yelmo has 10 seconds left.
|inactive|tessa scarlet has 10 seconds left.
|inactive|tessa scarlet has 5 seconds left.
|
|t:|1756498152
|-terastallize|p1b: Gholdengo|Flying
|move|p1a: Incineroar|Fake Out|p2a: Arcanine
|-resisted|p2a: Arcanine
|-damage|p2a: Arcanine|51/100
|cant|p2a: Arcanine|flinch
|move|p2b: Dragonite|Scale Shot|p1a: Incineroar
|-damage|p1a: Incineroar|87/100
|-damage|p1a: Incineroar|73/100
|-damage|p1a: Incineroar|60/100
|-damage|p1a: Incineroar|47/100
|-hitcount|p1a: Incineroar|4
|-unboost|p2b: Dragonite|def|1
|-boost|p2b: Dragonite|spe|1
|move|p1b: Gholdengo|Make It Rain|p2a: Arcanine|[spread] p2a,p2b
|-damage|p2a: Arcanine|17/100
|-damage|p2b: Dragonite|54/100
|-unboost|p1b: Gholdengo|spa|1
|
|upkeep
|turn|4
|inactive|Cines Yelmo has 30 seconds left.
|
|t:|1756498180
|switch|p1b: Tyranitar|Tyranitar, L50, F|100/100
|-weather|Sandstorm|[from] ability: Sand Stream|[of] p1b: Tyranitar
|switch|p1a: Garchomp|Garchomp, L50, F|100/100
|move|p2b: Dragonite|Scale Shot|p1b: Tyranitar
|-damage|p1b: Tyranitar|88/100
|-damage|p1b: Tyranitar|75/100
|-damage|p1b: Tyranitar|61/100
|-damage|p1b: Tyranitar|49/100
|-damage|p1b: Tyranitar|37/100
|-hitcount|p1b: Tyranitar|5
|-unboost|p2b: Dragonite|def|1
|-boost|p2b: Dragonite|spe|1
|move|p2a: Arcanine|Rock Slide|p1b: Tyranitar|[spread] p1a,p1b
|-resisted|p1a: Garchomp
|-damage|p1a: Garchomp|87/100
|-damage|p1b: Tyranitar|16/100
|
|-weather|Sandstorm|[upkeep]
|upkeep
|turn|5
|inactive|Cines Yelmo has 30 seconds left.
|inactive|tessa scarlet has 30 seconds left.
|
|t:|1756498213
|move|p1a: Garchomp|Protect|p1a: Garchomp
|-singleturn|p1a: Garchomp|Protect
|move|p2b: Dragonite|Stomping Tantrum|p1a: Garchomp
|-activate|p1a: Garchomp|move: Protect
|move|p2a: Arcanine|Rock Slide|p1a: Garchomp|[spread] p1b
|-activate|p1a: Garchomp|move: Protect
|-damage|p1b: Tyranitar|0 fnt
|faint|p1b: Tyranitar
|
|-weather|Sandstorm|[upkeep]
|-sideend|p2: tessa scarlet|move: Tailwind
|upkeep
|
|t:|1756498227
|switch|p1b: Gholdengo|Gholdengo, L50, tera:Flying|100/100
|turn|6
|
|t:|1756498251
|switch|p1a: Incineroar|Incineroar, L50, F|47/100
|-ability|p1a: Incineroar|Intimidate|boost
|-fail|p2a: Arcanine|unboost|[from] item: Clear Amulet|[of] p2a: Arcanine
|-unboost|p2b: Dragonite|atk|1
|move|p2b: Dragonite|Tailwind|p2b: Dragonite
|-sidestart|p2: tessa scarlet|move: Tailwind
|move|p2a: Arcanine|Rock Slide|p1b: Gholdengo|[spread] p1a,p1b
|-supereffective|p1a: Incineroar
|-supereffective|p1b: Gholdengo
|-damage|p1a: Incineroar|0 fnt
|-damage|p1b: Gholdengo|38/100
|faint|p1a: Incineroar
|cant|p1b: Gholdengo|flinch
|
|-weather|Sandstorm|[upkeep]
|-damage|p1b: Gholdengo|32/100|[from] Sandstorm
|upkeep
|-message|Cines Yelmo forfeited.
|
|win|tessa scarlet
||Cines Yelmo is ready for game 2.
||tessa scarlet is ready for game 2.
|uhtml|next|Next: Game 2 of 3
