|j|☆mavrickbfr
|j|☆sanidey
|html|mavrickbfrsanidey    
|uhtml|bestof|Game 1 of a best-of-3
|t:|1784428705
|gametype|doubles
|player|p1|mavrickbfr|gentleman-gen4|1000
|player|p2|sanidey|byron|1000
|gen|9
|tier|[Gen 9 Champions] VGC 2026 Reg M-B (Bo3)
|rated|
|rule|Species Clause: Limit one of each Pokémon
|rule|Item Clause: Limit 1 of each item
|clearpoke
|poke|p1|Gholdengo, L50|
|poke|p1|Milotic, L50, F, shiny|
|poke|p1|Staraptor, L50, M, shiny|
|poke|p1|Tyranitar, L50, M, shiny|
|poke|p1|Sinistcha, L50|
|poke|p1|Incineroar, L50, M, shiny|
|poke|p2|Audino, L50, M|
|poke|p2|Clefable, L50, F|
|poke|p2|Klefki, L50, F|
|poke|p2|Grimmsnarl, L50, M|
|poke|p2|Gholdengo, L50|
|poke|p2|Palafin, L50, F|
|teampreview|4
|showteam|p1|Gholdengo||LifeOrb|GoodasGold|MakeItRain,Protect,ShadowBall,Thunderbolt|Timid|||||50|]Milotic||ChoiceScarf|Competitive|MuddyWater,IcyWind,IceBeam,DrainingKiss|Modest||F|||50|]Staraptor||Staraptite|Intimidate|DualWingbeat,CloseCombat,Uturn,Roost|Jolly||M|||50|]Tyranitar||ChopleBerry|SandStream|RockSlide,Earthquake,IronHead,KnockOff|Careful||M|||50|]Sinistcha||SitrusBerry|Hospitality|MatchaGotcha,RagePowder,Protect,LifeDew|Bold|||||50|]Incineroar||Leftovers|Intimidate|FakeOut,FlareBlitz,DarkestLariat,PartingShot|Careful||M|||50|
|showteam|p2|Audino||SitrusBerry|Regenerator|LifeDew,SimpleBeam,DazzlingGleam,CalmMind|Calm||M|||50|]Clefable||Clefablite|MagicGuard|Moonblast,CalmMind,StoredPower,Moonlight|Bold||F|||50|]Klefki|||Prankster|Reflect,LightScreen,TrickRoom,DazzlingGleam|Relaxed||F|||50|]Grimmsnarl||LightClay|Prankster|LightScreen,Reflect,PartingShot,FakeOut|Impish||M|||50|]Gholdengo|||GoodasGold|MakeItRain,IronHead,FlashCannon,FocusPunch|Naive|||||50|]Palafin|||ZerotoHero|AquaTail,Blizzard,BulkUp,Acrobatics|Naive||F|||50|
|
|t:|1784428752
|teamsize|p1|4
|teamsize|p2|4
|start
|switch|p1a: Gholdengo|Gholdengo, L50|100/100
|switch|p1b: Incineroar|Incineroar, L50, M, shiny|100/100
|switch|p2a: Audino|Audino, L50, M|100/100
|switch|p2b: Clefable|Clefable, L50, F|100/100
|-ability|p1b: Incineroar|Intimidate|boost
|-unboost|p2a: Audino|atk|1
|-unboost|p2b: Clefable|atk|1
|turn|1
|inactive|Battle timer is ON: inactive players will automatically lose when time's up. (requested by sanidey)
|
|t:|1784428818
|detailschange|p2b: Clefable|Clefable-Mega, L50, F
|-mega|p2b: Clefable|Clefable|Clefablite
|move|p1b: Incineroar|Fake Out|p2b: Clefable
|-damage|p2b: Clefable|92/100
|move|p1a: Gholdengo|Make It Rain|p2a: Audino|[spread] p2a
|-miss|p1a: Gholdengo|p2b: Clefable
|-damage|p2a: Audino|62/100
|-unboost|p1a: Gholdengo|spa|2
|-damage|p1a: Gholdengo|90/100|[from] item: Life Orb
|cant|p2b: Clefable|flinch
|move|p2a: Audino|Simple Beam|p2b: Clefable
|move|p2b: Clefable|Simple Beam|p2a: Audino|[from] ability: Magic Bounce
|-ability|p2a: Audino|Simple|Regenerator|[from] move: Simple Beam
|
|upkeep
|turn|2
|inactive|mavrickbfr has 30 seconds left.
|inactive|sanidey has 30 seconds left.
|inactive|mavrickbfr has 20 seconds left.
|inactive|mavrickbfr has 15 seconds left.
|inactive|sanidey has 20 seconds left.
|inactive|mavrickbfr has 10 seconds left.
|inactive|mavrickbfr has 5 seconds left.
|
|t:|1784428869
|move|p1a: Gholdengo|Protect|p1a: Gholdengo
|-singleturn|p1a: Gholdengo|Protect
|move|p2b: Clefable|Calm Mind|p2b: Clefable
|-boost|p2b: Clefable|spa|1
|-boost|p2b: Clefable|spd|1
|move|p1b: Incineroar|Flare Blitz|p2b: Clefable
|-damage|p2b: Clefable|59/100
|-damage|p1b: Incineroar|89/100|[from] Recoil
|move|p2a: Audino|Calm Mind|p2a: Audino
|-boost|p2a: Audino|spa|2
|-boost|p2a: Audino|spd|2
|
|-heal|p1b: Incineroar|95/100|[from] item: Leftovers
|upkeep
|turn|3
|inactive|mavrickbfr has 30 seconds left.
|inactive|mavrickbfr has 20 seconds left.
|inactive|mavrickbfr has 15 seconds left.
|inactive|mavrickbfr has 10 seconds left.
|
|t:|1784428919
|switch|p1a: Sinistcha|Sinistcha, L50|100/100
|-heal|p1b: Incineroar|100/100|[from] ability: Hospitality|[of] p1a: Sinistcha
|move|p2b: Clefable|Calm Mind|p2b: Clefable
|-boost|p2b: Clefable|spa|1
|-boost|p2b: Clefable|spd|1
|move|p1b: Incineroar|Flare Blitz|p2b: Clefable
|-damage|p2b: Clefable|28/100
|-damage|p1b: Incineroar|89/100|[from] Recoil
|move|p2a: Audino|Calm Mind|p2a: Audino
|-boost|p2a: Audino|spa|2
|-boost|p2a: Audino|spd|2
|
|-heal|p1b: Incineroar|95/100|[from] item: Leftovers
|upkeep
|turn|4
|inactive|sanidey has 30 seconds left.
|
|t:|1784428948
|move|p1a: Sinistcha|Rage Powder|p1a: Sinistcha
|-singleturn|p1a: Sinistcha|move: Rage Powder
|move|p2b: Clefable|Moonlight|p2b: Clefable
|-heal|p2b: Clefable|78/100
|move|p1b: Incineroar|Flare Blitz|p2b: Clefable
|-damage|p2b: Clefable|47/100
|-status|p2b: Clefable|brn
|-damage|p1b: Incineroar|85/100|[from] Recoil
|move|p2a: Audino|Life Dew|p2a: Audino|[spread] p2a,p2b
|-heal|p2a: Audino|87/100
|-heal|p2b: Clefable|72/100 brn
|
|-heal|p1b: Incineroar|91/100|[from] item: Leftovers
|-damage|p2b: Clefable|66/100 brn|[from] brn
|upkeep
|turn|5
|inactive|mavrickbfr has 30 seconds left.
|inactive|mavrickbfr has 20 seconds left.
|inactive|mavrickbfr has 15 seconds left.
|inactive|mavrickbfr has 10 seconds left.
|
|t:|1784428996
|move|p1a: Sinistcha|Rage Powder|p1a: Sinistcha
|-singleturn|p1a: Sinistcha|move: Rage Powder
|move|p2b: Clefable|Calm Mind|p2b: Clefable
|-boost|p2b: Clefable|spa|1
|-boost|p2b: Clefable|spd|1
|move|p1b: Incineroar|Parting Shot|p2b: Clefable
|move|p2b: Clefable|Parting Shot|p1a: Sinistcha|[from] ability: Magic Bounce
|-unboost|p1a: Sinistcha|atk|1
|-unboost|p1a: Sinistcha|spa|1
|
|t:|1784429018
|switch|p2b: Grimmsnarl|Grimmsnarl, L50, M|100/100|[from] Parting Shot
|move|p2a: Audino|Calm Mind|p2a: Audino
|-boost|p2a: Audino|spa|2
|-boost|p2a: Audino|spd|2
|
|-heal|p1b: Incineroar|97/100|[from] item: Leftovers
|upkeep
|turn|6
|inactive|sanidey has 30 seconds left.
|
|t:|1784429049
|move|p2b: Grimmsnarl|Light Screen|p2b: Grimmsnarl
|-sidestart|p2: sanidey|move: Light Screen
|move|p1a: Sinistcha|Matcha Gotcha|p2a: Audino|[spread] p2a,p2b
|-damage|p2a: Audino|85/100
|-damage|p2b: Grimmsnarl|89/100
|move|p1b: Incineroar|Flare Blitz|p2b: Grimmsnarl
|-damage|p2b: Grimmsnarl|49/100
|-damage|p1b: Incineroar|83/100|[from] Recoil
|move|p2a: Audino|Dazzling Gleam|p1b: Incineroar|[spread] p1a,p1b
|-damage|p1a: Sinistcha|67/100
|-damage|p1b: Incineroar|51/100
|
|-heal|p1b: Incineroar|57/100|[from] item: Leftovers
|upkeep
|turn|7
|
|t:|1784429067
|switch|p1a: Staraptor|Staraptor, L50, M, shiny|100/100
|-ability|p1a: Staraptor|Intimidate|boost
|-unboost|p2a: Audino|atk|2
|-unboost|p2b: Grimmsnarl|atk|1
|move|p2b: Grimmsnarl|Reflect|p2b: Grimmsnarl
|-sidestart|p2: sanidey|Reflect
|move|p1b: Incineroar|Flare Blitz|p2b: Grimmsnarl
|-damage|p2b: Grimmsnarl|18/100
|-damage|p1b: Incineroar|48/100|[from] Recoil
|move|p2a: Audino|Dazzling Gleam|p1b: Incineroar|[spread] p1a,p1b
|-damage|p1a: Staraptor|39/100
|-damage|p1b: Incineroar|16/100
|
|-heal|p1b: Incineroar|22/100|[from] item: Leftovers
|upkeep
|turn|8
|
|t:|1784429091
|switch|p1b: Sinistcha|Sinistcha, L50|67/100
|-heal|p1a: Staraptor|64/100|[from] ability: Hospitality|[of] p1b: Sinistcha
|detailschange|p1a: Staraptor|Staraptor-Mega, L50, M, shiny
|-mega|p1a: Staraptor|Staraptor|Staraptite
|move|p2b: Grimmsnarl|Parting Shot|p1a: Staraptor
|-boost|p1a: Staraptor|atk|1
|-boost|p1a: Staraptor|spa|1
|
|t:|1784429102
|switch|p2b: Gholdengo|Gholdengo, L50|100/100|[from] Parting Shot
|move|p1a: Staraptor|Close Combat|p2a: Audino
|-supereffective|p2a: Audino|1
|-damage|p2a: Audino|0 fnt
|-boost|p1a: Staraptor|def|1
|-boost|p1a: Staraptor|spd|1
|faint|p2a: Audino
|
|upkeep
|
|t:|1784429115
|switch|p2a: Clefable|Clefable-Mega, L50, F|66/100 brn
|turn|9
|
|t:|1784429132
|move|p1b: Sinistcha|Rage Powder|p1b: Sinistcha
|-singleturn|p1b: Sinistcha|move: Rage Powder
|move|p1a: Staraptor|Close Combat|p2a: Clefable
|-resisted|p2a: Clefable|2
|-damage|p2a: Clefable|55/100 brn
|-boost|p1a: Staraptor|def|1
|-boost|p1a: Staraptor|spd|1
|move|p2b: Gholdengo|Make It Rain|p1a: Staraptor|[spread] p1a,p1b
|-damage|p1a: Staraptor|35/100
|-damage|p1b: Sinistcha|20/100y
|-unboost|p2b: Gholdengo|spa|2
|-enditem|p1b: Sinistcha|Sitrus Berry|[eat]
|-heal|p1b: Sinistcha|44/100|[from] item: Sitrus Berry
|move|p2a: Clefable|Moonblast|p1b: Sinistcha
|-damage|p1b: Sinistcha|7/100
|
|-damage|p2a: Clefable|50/100y brn|[from] brn
|upkeep
|turn|10
|inactive|mavrickbfr has 30 seconds left.
|
|t:|1784429162
|move|p1a: Staraptor|Roost|p1a: Staraptor
|-heal|p1a: Staraptor|85/100
|-singleturn|p1a: Staraptor|move: Roost
|move|p2b: Gholdengo|Make It Rain|p1a: Staraptor|[spread] p1a,p1b
|-damage|p1a: Staraptor|70/100
|-damage|p1b: Sinistcha|0 fnt
|-unboost|p2b: Gholdengo|spa|2
|faint|p1b: Sinistcha
|move|p2a: Clefable|Moonblast|p1a: Staraptor
|-supereffective|p1a: Staraptor|1
|-damage|p1a: Staraptor|18/100
|
|-damage|p2a: Clefable|44/100 brn|[from] brn
|upkeep
|
|t:|1784429180
|switch|p1b: Gholdengo|Gholdengo, L50|90/100
|turn|11
|
|t:|1784429204
|move|p1a: Staraptor|Roost|p1a: Staraptor
|-heal|p1a: Staraptor|68/100
|-singleturn|p1a: Staraptor|move: Roost
|move|p1b: Gholdengo|Make It Rain|p2a: Clefable|[spread] p2a,p2b
|-supereffective|p2a: Clefable|1
|-resisted|p2b: Gholdengo|1
|-damage|p2a: Clefable|0 fnt
|-damage|p2b: Gholdengo|73/100
|-unboost|p1b: Gholdengo|spa|2
|faint|p2a: Clefable
|-damage|p1b: Gholdengo|80/100|[from] item: Life Orb
|move|p2b: Gholdengo|Iron Head|p1a: Staraptor
|-damage|p1a: Staraptor|55/100
|
|upkeep
|
|t:|1784429212
|switch|p2a: Grimmsnarl|Grimmsnarl, L50, M|18/100
|turn|12
|
|t:|1784429236
|switch|p1b: Incineroar|Incineroar, L50, M, shiny|22/100
|-ability|p1b: Incineroar|Intimidate|boost
|-unboost|p2a: Grimmsnarl|atk|1
|-unboost|p2b: Gholdengo|atk|1
|move|p2a: Grimmsnarl|Fake Out|p1a: Staraptor
|-damage|p1a: Staraptor|51/100
|cant|p1a: Staraptor|flinch
|move|p2b: Gholdengo|Flash Cannon|p1b: Incineroar
|-resisted|p1b: Incineroar|1
|-damage|p1b: Incineroar|16/100
|
|-heal|p1b: Incineroar|22/100|[from] item: Leftovers
|upkeep
|turn|13
|inactive|mavrickbfr has 30 seconds left.
|inactive|mavrickbfr has 20 seconds left.
|inactive|mavrickbfr has 15 seconds left.
|inactive|mavrickbfr has 10 seconds left.
|inactive|mavrickbfr has 5 seconds left.
|
|t:|1784429291
|move|p1b: Incineroar|Fake Out|p2b: Gholdengo
|-immune|p2b: Gholdengo
|move|p2a: Grimmsnarl|Parting Shot|p1b: Incineroar
|-hint|Since gen 7, Dark is immune to Prankster moves.
|-immune|p1b: Incineroar
|move|p1a: Staraptor|Dual Wingbeat|p2b: Gholdengo
|-resisted|p2b: Gholdengo|1
|-damage|p2b: Gholdengo|61/100
|-resisted|p2b: Gholdengo|1
|-damage|p2b: Gholdengo|48/100
|-hitcount|p2b: Gholdengo|2
|move|p2b: Gholdengo|Make It Rain|p1b: Incineroar|[spread] p1a,p1b
|-resisted|p1b: Incineroar|1
|-damage|p1a: Staraptor|42/100
|-damage|p1b: Incineroar|15/100
|-unboost|p2b: Gholdengo|spa|2
|
|-heal|p1b: Incineroar|21/100|[from] item: Leftovers
|-sideend|p2: sanidey|move: Light Screen
|upkeep
|turn|14
|inactive|mavrickbfr has 30 seconds left.
|inactive|sanidey has 30 seconds left.
|inactive|sanidey has 20 seconds left.
|inactive|sanidey has 15 seconds left.
|
|t:|1784429332
|switch|p1b: Gholdengo|Gholdengo, L50|80/100
|-singleturn|p2b: Gholdengo|move: Focus Punch
|move|p2a: Grimmsnarl|Light Screen|p2a: Grimmsnarl
|-sidestart|p2: sanidey|move: Light Screen
|move|p1a: Staraptor|Close Combat|p2a: Grimmsnarl
|-damage|p2a: Grimmsnarl|0 fnt
|-boost|p1a: Staraptor|def|1
|-boost|p1a: Staraptor|spd|1
|faint|p2a: Grimmsnarl
|move|p2b: Gholdengo|Focus Punch|p1a: Staraptor
|-resisted|p1a: Staraptor|1
|-damage|p1a: Staraptor|39/100
|
|-sideend|p2: sanidey|Reflect
|upkeep
|turn|15
|inactive|mavrickbfr has 30 seconds left.
|
|t:|1784429354
|-singleturn|p2b: Gholdengo|move: Focus Punch
|move|p1a: Staraptor|Roost|p1a: Staraptor
|-heal|p1a: Staraptor|89/100
|-singleturn|p1a: Staraptor|move: Roost
|move|p1b: Gholdengo|Shadow Ball|p2b: Gholdengo
|-supereffective|p2b: Gholdengo|1
|-damage|p2b: Gholdengo|0 fnt
|faint|p2b: Gholdengo
|-damage|p1b: Gholdengo|70/100|[from] item: Life Orb
|
|win|mavrickbfr
|l|☆sanidey
|player|p2|
|inactive|mavrickbfr has 30 seconds to confirm battle start!
|inactive|sanidey has 30 seconds to confirm battle start!
