|j|☆minasdevilcrobats
|j|☆fleamarketninja
|html|minasdevilcrobatsfleamarketninja    
|uhtml|bestof|Game 2 of a best-of-3
|t:|1756826670
|gametype|doubles
|player|p1|minasdevilcrobats|darach-caitlin|1168
|player|p2|fleamarketninja|baker|1080
|gen|9
|tier|[Gen 9] VGC 2025 Reg H (Bo3)
|rated|
|rule|Species Clause: Limit one of each Pokémon
|rule|Item Clause: Limit 1 of each item
|clearpoke
|poke|p1|Indeedee, L50, M|
|poke|p1|Sneasler, L50, F|
|poke|p1|Dondozo, L50, F|
|poke|p1|Tatsugiri, L50, F|
|poke|p1|Talonflame, L50, M|
|poke|p1|Glimmora, L50, M|
|poke|p2|Incineroar, L50, F|
|poke|p2|Amoonguss, L50, F|
|poke|p2|Ursaluna-Bloodmoon, L50, M|
|poke|p2|Sneasler, L50, F|
|poke|p2|Gholdengo, L50|
|poke|p2|Dragonite, L50, F|
|teampreview|4
|showteam|p1|Indeedee||ChoiceScarf|PsychicSurge|ExpandingForce,DazzlingGleam,Trick,Protect|||M|||50|,,,,,Psychic]Sneasler||PsychicSeed|Unburden|CloseCombat,DireClaw,ThroatChop,Protect|||F|||50|,,,,,Dark]Dondozo||Leftovers|Unaware|WaveCrash,OrderUp,Earthquake,Protect|||F|||50|,,,,,Grass]Tatsugiri||LifeOrb|Commander|MuddyWater,DracoMeteor,DragonPulse,Protect|||F|||50|,,,,,Steel]Talonflame||CovertCloak|GaleWings|FlareBlitz,WillOWisp,Tailwind,Taunt|||M|||50|,,,,,Water]Glimmora||PowerHerb|ToxicDebris|MeteorBeam,SludgeBomb,EarthPower,SpikyShield|||M|||50|,,,,,Grass
|showteam|p2|Incineroar||SafetyGoggles|Intimidate|FlareBlitz,KnockOff,PartingShot,FakeOut|||F|||50|,,,,,Ghost]Amoonguss||SitrusBerry|Regenerator|Spore,RagePowder,PollenPuff,Protect|||F|||50|,,,,,Psychic]Ursaluna-Bloodmoon||AssaultVest|MindsEye|HyperVoice,BloodMoon,EarthPower,VacuumWave|||M|||50|,,,,,Water]Sneasler||FocusSash|Unburden|CloseCombat,DireClaw,ThroatChop,Protect|||F|||50|,,,,,Stellar]Gholdengo||LifeOrb|GoodasGold|MakeItRain,ShadowBall,NastyPlot,Protect||||||50|,,,,,Water]Dragonite||LoadedDice|Multiscale|ScaleShot,Tailwind,Haze,Protect|||F|||50|,,,,,Fairy
|inactive|Battle timer is ON: inactive players will automatically lose when time's up. (requested by minasdevilcrobats)
|
|t:|1756826699
|teamsize|p1|4
|teamsize|p2|4
|start
|switch|p1a: Talonflame|Talonflame, L50, M|100/100
|switch|p1b: Glimmora|Glimmora, L50, M|100/100
|switch|p2a: Incineroar|Incineroar, L50, F|100/100
|switch|p2b: Gholdengo|Gholdengo, L50|100/100
|-ability|p2a: Incineroar|Intimidate|boost
|-unboost|p1a: Talonflame|atk|1
|-unboost|p1b: Glimmora|atk|1
|turn|1
|
|t:|1756826718
|move|p2a: Incineroar|Fake Out|p1a: Talonflame
|-damage|p1a: Talonflame|84/100
|move|p1a: Talonflame|Tailwind|p1a: Talonflame
|-sidestart|p1: minasdevilcrobats|move: Tailwind
|move|p1b: Glimmora|Meteor Beam||[still]
|-prepare|p1b: Glimmora|Meteor Beam
|-boost|p1b: Glimmora|spa|1
|-enditem|p1b: Glimmora|Power Herb
|-anim|p1b: Glimmora|Meteor Beam|p2a: Incineroar
|-supereffective|p2a: Incineroar
|-damage|p2a: Incineroar|0 fnt
|faint|p2a: Incineroar
|move|p2b: Gholdengo|Nasty Plot|p2b: Gholdengo
|-boost|p2b: Gholdengo|spa|2
|
|upkeep
|
|t:|1756826729
|switch|p2a: Sneasler|Sneasler, L50, F|100/100
|turn|2
|
|t:|1756826744
|move|p1b: Glimmora|Spiky Shield|p1b: Glimmora
|-singleturn|p1b: Glimmora|move: Protect
|move|p2b: Gholdengo|Protect|p2b: Gholdengo
|-singleturn|p2b: Gholdengo|Protect
|move|p1a: Talonflame|Flare Blitz|p2b: Gholdengo
|-activate|p2b: Gholdengo|move: Protect
|move|p2a: Sneasler|Dire Claw|p1a: Talonflame
|-damage|p1a: Talonflame|20/100
|
|upkeep
|turn|3
|
|t:|1756826764
|switch|p2b: Dragonite|Dragonite, L50, F|100/100
|move|p1a: Talonflame|Flare Blitz|p2b: Dragonite
|-resisted|p2b: Dragonite
|-damage|p2b: Dragonite|93/100
|-damage|p1a: Talonflame|18/100|[from] Recoil
|move|p1b: Glimmora|Sludge Bomb|p2a: Sneasler
|-resisted|p2a: Sneasler
|-damage|p2a: Sneasler|52/100
|move|p2a: Sneasler|Dire Claw|p1a: Talonflame
|-damage|p1a: Talonflame|0 fnt
|faint|p1a: Talonflame
|
|upkeep
|
|t:|1756826778
|switch|p1a: Dondozo|Dondozo, L50, F|100/100
|turn|4
|
|t:|1756826794
|switch|p1b: Tatsugiri|Tatsugiri, L50, F|100/100
|-activate|p1b: Tatsugiri|ability: Commander|[of] p1a: Dondozo
|-boost|p1a: Dondozo|atk|2
|-boost|p1a: Dondozo|spa|2
|-boost|p1a: Dondozo|spe|2
|-boost|p1a: Dondozo|def|2
|-boost|p1a: Dondozo|spd|2
|move|p2a: Sneasler|Protect|p2a: Sneasler
|-singleturn|p2a: Sneasler|Protect
|move|p2b: Dragonite|Protect|p2b: Dragonite
|-singleturn|p2b: Dragonite|Protect
|move|p1a: Dondozo|Order Up|p2b: Dragonite
|-activate|p2b: Dragonite|move: Protect
|
|-sideend|p1: minasdevilcrobats|move: Tailwind
|upkeep
|turn|5
|
|t:|1756826808
|move|p1a: Dondozo|Order Up|p2b: Dragonite
|-supereffective|p2b: Dragonite
|-crit|p2b: Dragonite
|-damage|p2b: Dragonite|0 fnt
|faint|p2b: Dragonite
|-boost|p1a: Dondozo|atk|1
|move|p2a: Sneasler|Dire Claw|p1a: Dondozo
|-damage|p1a: Dondozo|85/100
|
|-heal|p1a: Dondozo|92/100|[from] item: Leftovers
|upkeep
|
|t:|1756826812
|switch|p2b: Gholdengo|Gholdengo, L50|100/100
|turn|6
|
|t:|1756826822
|-terastallize|p2b: Gholdengo|Water
|move|p1a: Dondozo|Earthquake|p2b: Gholdengo|[spread] p2a,p2b
|-miss|p1a: Dondozo|p1b: Tatsugiri
|-supereffective|p2a: Sneasler
|-damage|p2a: Sneasler|0 fnt
|-damage|p2b: Gholdengo|49/100
|faint|p2a: Sneasler
|move|p2b: Gholdengo|Nasty Plot|p2b: Gholdengo
|-boost|p2b: Gholdengo|spa|2
|
|-heal|p1a: Dondozo|98/100|[from] item: Leftovers
|upkeep
|turn|7
|
|t:|1756826831
|move|p2b: Gholdengo|Protect|p2b: Gholdengo
|-singleturn|p2b: Gholdengo|Protect
|move|p1a: Dondozo|Order Up|p2b: Gholdengo
|-activate|p2b: Gholdengo|move: Protect
|
|-heal|p1a: Dondozo|100/100|[from] item: Leftovers
|upkeep
|turn|8
|
|t:|1756826841
|move|p1a: Dondozo|Order Up|p2b: Gholdengo
|-damage|p2b: Gholdengo|0 fnt
|faint|p2b: Gholdengo
|
|win|minasdevilcrobats
|raw|minasdevilcrobats's rating: 1168 → 1187(+19 for winning)
|raw|fleamarketninja's rating: 1080 → 1063(-17 for losing)
|l|☆fleamarketninja
|player|p2|
|l|☆minasdevilcrobats
|player|p1|
|j|☆minasdevilcrobats
|player|p1|minasdevilcrobats|darach-caitlin|
