|j|☆MaxwellBaker
|j|☆Hex000
|html|MaxwellBakerHex000    
|uhtml|bestof|Game 1 of a best-of-3
|t:|1785264282
|gametype|doubles
|player|p1|MaxwellBaker|102|1053
|player|p2|Hex000|unknown|1000
|gen|9
|tier|[Gen 9 Champions] VGC 2026 Reg M-B (Bo3)
|rated|
|rule|Species Clause: Limit one of each Pokémon
|rule|Item Clause: Limit 1 of each item
|clearpoke
|poke|p1|Decidueye-Hisui, L50, F|
|poke|p1|Florges, L50, F|
|poke|p1|Raichu, L50, M|
|poke|p1|Incineroar, L50, M|
|poke|p1|Aerodactyl, L50, F|
|poke|p1|Milotic, L50, M|
|poke|p2|Palafin, L50, M, shiny|
|poke|p2|Metagross, L50, shiny|
|poke|p2|Ceruledge, L50, F, shiny|
|poke|p2|Meowscarada, L50, F, shiny|
|poke|p2|Dragonite, L50, F, shiny|
|poke|p2|Sableye, L50, F, shiny|
|teampreview|4
|showteam|p1|Decidueye-Hisui||ScopeLens|Scrappy|TripleArrows,LeafBlade,SuckerPunch,Protect|Adamant||F|||50|]Florges||LifeOrb|FlowerVeil|Moonblast,Psychic,PollenPuff,Protect|Modest||F|||50|]Raichu||RaichuniteY|LightningRod|FakeOut,ZapCannon,FocusBlast,Protect|Timid||M|||50|]Incineroar||SitrusBerry|Intimidate|FakeOut,FlareBlitz,ThroatChop,PartingShot|Careful||M|||50|]Aerodactyl||Aerodactylite|RockHead|RockSlide,DualWingbeat,Tailwind,WideGuard|Jolly||F|||50|]Milotic||Leftovers|Competitive|Scald,IceBeam,Haze,Protect|Bold||M|||50|
|showteam|p2|Palafin||MysticWater|ZerotoHero|WaveCrash,FlipTurn,JetPunch,Protect|Adamant||M|||50|]Metagross||Metagrossite|ClearBody|BodyPress,PsychicFangs,IronHead,Protect|Adamant|||||50|]Ceruledge||Charcoal|FlashFire|BitterBlade,BulkUp,ShadowSneak,Protect|Adamant||F|||50|]Meowscarada||FocusSash|Protean|FlowerTrick,KnockOff,TripleAxel,Protect|Adamant||F|||50|]Dragonite||Dragoninite|Multiscale|Thunder,Hurricane,DracoMeteor,Protect|Modest||F|||50|]Sableye||RoseliBerry|Prankster|FoulPlay,RainDance,Encore,WillOWisp|Careful||F|||50|
|inactive|Battle timer is ON: inactive players will automatically lose when time's up. (requested by Hex000)
|
|t:|1785264308
|teamsize|p1|4
|teamsize|p2|4
|start
|switch|p1a: Raichu|Raichu, L50, M|100/100
|switch|p1b: Decidueye|Decidueye-Hisui, L50, F|100/100
|switch|p2a: Dragonite|Dragonite, L50, F, shiny|100/100
|switch|p2b: Sableye|Sableye, L50, F, shiny|100/100
|turn|1
|
|t:|1785264324
|detailschange|p1a: Raichu|Raichu-Mega-Y, L50, M
|-mega|p1a: Raichu|Raichu|Raichunite Y
|detailschange|p2a: Dragonite|Dragonite-Mega, L50, F, shiny
|-mega|p2a: Dragonite|Dragonite|Dragoninite
|move|p1a: Raichu|Fake Out|p2a: Dragonite
|-damage|p2a: Dragonite|96/100
|move|p2b: Sableye|Rain Dance|p2b: Sableye
|-weather|RainDance
|cant|p2a: Dragonite|flinch
|move|p1b: Decidueye|Triple Arrows|p2b: Sableye
|-supereffective|p2b: Sableye|1
|-damage|p2b: Sableye|0 fnt
|faint|p2b: Sableye
|
|-weather|RainDance|[upkeep]
|upkeep
|
|t:|1785264339
|switch|p2b: Palafin|Palafin, L50, M, shiny|100/100
|turn|2
|
|t:|1785264360
|move|p1a: Raichu|Zap Cannon|p2a: Dragonite
|-damage|p2a: Dragonite|50/100g
|-status|p2a: Dragonite|par
|move|p2b: Palafin|Flip Turn|p1a: Raichu
|-damage|p1a: Raichu|44/100
|
|t:|1785264366
|detailschange|p2b: Palafin|Palafin-Hero, L50, M, shiny
|switch|p2b: Meowscarada|Meowscarada, L50, F, shiny|100/100|[from] Flip Turn
|move|p1b: Decidueye|Leaf Blade|p2b: Meowscarada
|-resisted|p2b: Meowscarada|1
|-damage|p2b: Meowscarada|60/100
|move|p2a: Dragonite|Hurricane|p1b: Decidueye
|-supereffective|p1b: Decidueye|2
|-damage|p1b: Decidueye|0 fnt
|faint|p1b: Decidueye
|
|-weather|RainDance|[upkeep]
|upkeep
|
|t:|1785264389
|switch|p1b: Florges|Florges, L50, F|100/100
|turn|3
|
|t:|1785264413
|move|p1a: Raichu|Zap Cannon|p2a: Dragonite
|-damage|p2a: Dragonite|2/100 par
|move|p2b: Meowscarada|Flower Trick|p1b: Florges
|-start|p2b: Meowscarada|typechange|Grass|[from] ability: Protean
|-crit|p1b: Florges
|-damage|p1b: Florges|39/100
|move|p1b: Florges|Moonblast|p2b: Meowscarada
|-damage|p2b: Meowscarada|0 fnt
|faint|p2b: Meowscarada
|-damage|p1b: Florges|29/100|[from] item: Life Orb
|move|p2a: Dragonite|Draco Meteor|p1a: Raichu
|-damage|p1a: Raichu|0 fnt
|-unboost|p2a: Dragonite|spa|2
|faint|p1a: Raichu
|
|-weather|RainDance|[upkeep]
|upkeep
|
|t:|1785264433
|switch|p1a: Incineroar|Incineroar, L50, M|100/100
|switch|p2b: Palafin|Palafin-Hero, L50, M, shiny|100/100
|-activate|p2b: Palafin|ability: Zero to Hero
|-ability|p1a: Incineroar|Intimidate|boost
|-unboost|p2a: Dragonite|atk|1
|-unboost|p2b: Palafin|atk|1
|turn|4
|
|t:|1785264452
|move|p2b: Palafin|Protect|p2b: Palafin
|-singleturn|p2b: Palafin|Protect
|move|p2a: Dragonite|Protect|p2a: Dragonite
|-singleturn|p2a: Dragonite|Protect
|move|p1a: Incineroar|Fake Out|p2b: Palafin
|-activate|p2b: Palafin|move: Protect
|move|p1b: Florges|Moonblast|p2b: Palafin
|-activate|p2b: Palafin|move: Protect
|
|-weather|RainDance|[upkeep]
|upkeep
|turn|5
|inactive|MaxwellBaker has 30 seconds left.
|
|t:|1785264478
|move|p1b: Florges|Protect|p1b: Florges
|-singleturn|p1b: Florges|Protect
|move|p2b: Palafin|Wave Crash|p1a: Incineroar
|-supereffective|p1a: Incineroar|1
|-damage|p1a: Incineroar|0 fnt
|faint|p1a: Incineroar
|-damage|p2b: Palafin|62/100|[from] Recoil
|move|p2a: Dragonite|Thunder|p1b: Florges
|-activate|p1b: Florges|move: Protect
|
|-weather|none
|upkeep
|turn|6
|
|t:|1785264495
|move|p2b: Palafin|Wave Crash|p1b: Florges
|-damage|p1b: Florges|0 fnt
|faint|p1b: Florges
|-damage|p2b: Palafin|53/100|[from] Recoil
|
|win|Hex000
