|j|☆LetThatSizzleSpeak
|j|☆Imaginary Iris
|html|LetThatSizzleSpeakImaginary Iris    
|uhtml|bestof|Game 3 of a best-of-3
|t:|1757819073
|gametype|doubles
|player|p1|LetThatSizzleSpeak|hiker-gen4|1237
|player|p2|Imaginary Iris|lady|1232
|gen|9
|tier|[Gen 9] VGC 2025 Reg H (Bo3)
|rated|
|rule|Species Clause: Limit one of each Pokémon
|rule|Item Clause: Limit 1 of each item
|clearpoke
|poke|p1|Lilligant-Hisui, L50, F|
|poke|p1|Sylveon, L50, F|
|poke|p1|Indeedee-F, L50, F|
|poke|p1|Torkoal, L50, M|
|poke|p1|Tatsugiri-Droopy, L50, M|
|poke|p1|Dondozo, L50, F|
|poke|p2|Ninetales-Alola, L50, F|
|poke|p2|Ursaluna-Bloodmoon, L50, M|
|poke|p2|Talonflame, L50, F|
|poke|p2|Gholdengo, L50|
|poke|p2|Rillaboom, L50, F|
|poke|p2|Annihilape, L50, F|
|teampreview|4
|showteam|p1|Lilligant-Hisui||FocusSash|Chlorophyll|AfterYou,SolarBlade,CloseCombat,SleepPowder|||F|||50|,,,,,Ghost]Sylveon||ChoiceSpecs|Pixilate|HyperVoice,HyperBeam,TeraBlast,ShadowBall|||F|||50|,,,,,Fire]Indeedee-F||SafetyGoggles|PsychicSurge|Psychic,FollowMe,TrickRoom,Protect|||F|||50|,,,,,Normal]Torkoal||Charcoal|Drought|Eruption,WeatherBall,EarthPower,Protect|||M|||50|,,,,,Fire]Tatsugiri-Droopy||ChoiceScarf|Commander|IcyWind,MuddyWater,DracoMeteor,TeraBlast|||M|||50|,,,,,Fire]Dondozo||Leftovers|Unaware|OrderUp,Earthquake,BodyPress,Protect|||F|||50|,,,,,Grass
|showteam|p2|Ninetales-Alola||FocusSash|SnowWarning|Blizzard,AuroraVeil,FreezeDry,IcicleSpear|||F|||50|,,,,,Ghost]Ursaluna-Bloodmoon||SilkScarf|MindsEye|Protect,BloodMoon,EarthPower,HyperVoice|||M|||50|,,,,,Normal]Talonflame||CovertCloak|GaleWings|BraveBird,Tailwind,Taunt,WillOWisp|||F|||50|,,,,,Ghost]Gholdengo||LifeOrb|GoodasGold|Protect,MakeItRain,NastyPlot,ShadowBall||||||50|,,,,,Water]Rillaboom||LoadedDice|GrassySurge|BulletSeed,FakeOut,GrassyGlide,HighHorsepower|||F|||50|,,,,,Stellar]Annihilape||SafetyGoggles|Defiant|Protect,BulkUp,DrainPunch,RageFist|||F|||50|,,,,,Fire
|inactive|Battle timer is ON: inactive players will automatically lose when time's up. (requested by LetThatSizzleSpeak)
|
|t:|1757819118
|teamsize|p1|4
|teamsize|p2|4
|start
|switch|p1a: Sylveon|Sylveon, L50, F|100/100
|switch|p1b: Tatsugiri|Tatsugiri-Droopy, L50, M|100/100
|switch|p2a: Talonflame|Talonflame, L50, F|100/100
|switch|p2b: Gholdengo|Gholdengo, L50|100/100
|turn|1
|inactive|LetThatSizzleSpeak has 30 seconds left.
|inactive|Imaginary Iris has 30 seconds left.
|
|t:|1757819152
|move|p2b: Gholdengo|Protect|p2b: Gholdengo
|-singleturn|p2b: Gholdengo|Protect
|move|p2a: Talonflame|Tailwind|p2a: Talonflame
|-sidestart|p2: Imaginary Iris|move: Tailwind
|move|p1b: Tatsugiri|Muddy Water|p2b: Gholdengo|[spread] p2a
|-activate|p2b: Gholdengo|move: Protect
|-supereffective|p2a: Talonflame
|-damage|p2a: Talonflame|0 fnt
|faint|p2a: Talonflame
|move|p1a: Sylveon|Hyper Voice|p2b: Gholdengo
|-activate|p2b: Gholdengo|move: Protect
|
|upkeep
|
|t:|1757819165
|switch|p2a: Ninetales|Ninetales-Alola, L50, F, shiny|100/100
|-weather|Snowscape|[from] ability: Snow Warning|[of] p2a: Ninetales
|turn|2
|inactive|Imaginary Iris has 30 seconds left.
|inactive|Imaginary Iris has 20 seconds left.
|
|t:|1757819202
|switch|p1a: Torkoal|Torkoal, L50, M|100/100
|-weather|SunnyDay|[from] ability: Drought|[of] p1a: Torkoal
|move|p2a: Ninetales|Aurora Veil||[still]
|-fail|p2a: Ninetales
|move|p2b: Gholdengo|Nasty Plot|p2b: Gholdengo
|-boost|p2b: Gholdengo|spa|2
|move|p1b: Tatsugiri|Muddy Water|p2b: Gholdengo|[spread] p2a
|-miss|p1b: Tatsugiri|p2b: Gholdengo
|-damage|p2a: Ninetales|78/100
|
|-weather|SunnyDay|[upkeep]
|upkeep
|turn|3
|inactive|Imaginary Iris has 30 seconds left.
|
|t:|1757819228
|-terastallize|p2b: Gholdengo|Water
|move|p1a: Torkoal|Protect|p1a: Torkoal
|-singleturn|p1a: Torkoal|Protect
|move|p2a: Ninetales|Freeze-Dry|p1a: Torkoal
|-activate|p1a: Torkoal|move: Protect
|move|p2b: Gholdengo|Make It Rain|p1b: Tatsugiri|[spread] p1b
|-activate|p1a: Torkoal|move: Protect
|-resisted|p1b: Tatsugiri
|-damage|p1b: Tatsugiri|19/100
|-unboost|p2b: Gholdengo|spa|1
|-damage|p2b: Gholdengo|91/100|[from] item: Life Orb
|move|p1b: Tatsugiri|Muddy Water|p2b: Gholdengo|[spread] p2a,p2b
|-resisted|p2b: Gholdengo
|-damage|p2a: Ninetales|58/100
|-damage|p2b: Gholdengo|82/100
|-unboost|p2a: Ninetales|accuracy|1
|-unboost|p2b: Gholdengo|accuracy|1
|
|-weather|SunnyDay|[upkeep]
|upkeep
|turn|4
|inactive|Imaginary Iris has 30 seconds left.
|
|t:|1757819254
|move|p2a: Ninetales|Freeze-Dry|p1b: Tatsugiri|[miss]
|-miss|p2a: Ninetales|p1b: Tatsugiri
|move|p2b: Gholdengo|Shadow Ball|p1a: Torkoal|[miss]
|-miss|p2b: Gholdengo|p1a: Torkoal
|move|p1b: Tatsugiri|Muddy Water|p2a: Ninetales|[spread] p2a,p2b
|-resisted|p2b: Gholdengo
|-damage|p2a: Ninetales|34/100
|-damage|p2b: Gholdengo|71/100
|-unboost|p2a: Ninetales|accuracy|1
|-unboost|p2b: Gholdengo|accuracy|1
|move|p1a: Torkoal|Eruption|p2a: Ninetales|[spread] p2a,p2b
|-supereffective|p2a: Ninetales
|-resisted|p2b: Gholdengo
|-damage|p2a: Ninetales|0 fnt
|-damage|p2b: Gholdengo|23/100
|faint|p2a: Ninetales
|
|-weather|SunnyDay|[upkeep]
|-sideend|p2: Imaginary Iris|move: Tailwind
|upkeep
|c|☆Imaginary Iris|yep
|
|t:|1757819262
|switch|p2a: Annihilape|Annihilape, L50, F, shiny|100/100
|turn|5
|
|t:|1757819280
|move|p1a: Torkoal|Protect|p1a: Torkoal
|-singleturn|p1a: Torkoal|Protect
|move|p1b: Tatsugiri|Muddy Water|p2b: Gholdengo|[spread] p2a,p2b
|-resisted|p2b: Gholdengo
|-damage|p2a: Annihilape|83/100
|-damage|p2b: Gholdengo|13/100
|-unboost|p2b: Gholdengo|accuracy|1
|move|p2a: Annihilape|Bulk Up|p2a: Annihilape
|-boost|p2a: Annihilape|atk|1
|-boost|p2a: Annihilape|def|1
|move|p2b: Gholdengo|Shadow Ball|p1a: Torkoal
|-activate|p1a: Torkoal|move: Protect
|
|-weather|SunnyDay|[upkeep]
|upkeep
|turn|6
|inactive|Imaginary Iris has 30 seconds left.
|
|t:|1757819307
|switch|p1a: Lilligant|Lilligant-Hisui, L50, F|100/100
|move|p2b: Gholdengo|Protect|p2b: Gholdengo
|-singleturn|p2b: Gholdengo|Protect
|move|p1b: Tatsugiri|Muddy Water|p2b: Gholdengo|[spread] p2a
|-activate|p2b: Gholdengo|move: Protect
|-damage|p2a: Annihilape|66/100
|move|p2a: Annihilape|Rage Fist|p1a: Lilligant
|-enditem|p1a: Lilligant|Focus Sash
|-damage|p1a: Lilligant|1/100
|
|-weather|none
|upkeep
|turn|7
|inactive|Imaginary Iris has 30 seconds left.
|inactive|Imaginary Iris has 20 seconds left.
|inactive|Imaginary Iris has 15 seconds left.
|inactive|Imaginary Iris has 10 seconds left.
|inactive|Imaginary Iris has 5 seconds left.
|
|t:|1757819362
|move|p2b: Gholdengo|Protect||[still]
|-fail|p2b: Gholdengo
|move|p1b: Tatsugiri|Muddy Water|p2b: Gholdengo|[spread] p2a,p2b
|-resisted|p2b: Gholdengo
|-damage|p2a: Annihilape|32/100
|-damage|p2b: Gholdengo|0 fnt
|faint|p2b: Gholdengo
|move|p1a: Lilligant|Sleep Powder|p2a: Annihilape
|-activate|p2a: Annihilape|item: Safety Goggles|Sleep Powder
|move|p2a: Annihilape|Drain Punch|p1a: Lilligant
|-crit|p1a: Lilligant
|-damage|p1a: Lilligant|0 fnt
|-heal|p2a: Annihilape|33/100|[from] drain|[of] p1a: Lilligant
|faint|p1a: Lilligant
|
|upkeep
|
|t:|1757819376
|switch|p1a: Sylveon|Sylveon, L50, F|100/100
|turn|8
|
|t:|1757819384
|move|p1b: Tatsugiri|Muddy Water|p2a: Annihilape
|-damage|p2a: Annihilape|0 fnt
|faint|p2a: Annihilape
|
|win|LetThatSizzleSpeak
|raw|LetThatSizzleSpeak's rating: 1237 → 1262(+25 for winning)
|raw|Imaginary Iris's rating: 1232 → 1207(-25 for losing)
|l|☆LetThatSizzleSpeak
|player|p1|
