|j|☆cookingorcooked2
|j|☆TMJS01
|html|cookingorcooked2TMJS01    
|uhtml|bestof|Game 2 of a best-of-3
|t:|1782183439
|gametype|doubles
|player|p1|cookingorcooked2|265|1326
|player|p2|TMJS01|unknown|1291
|gen|9
|tier|[Gen 9 Champions] VGC 2026 Reg M-B (Bo3)
|rated|
|rule|Species Clause: Limit one of each Pokémon
|rule|Item Clause: Limit 1 of each item
|clearpoke
|poke|p1|Dragonite, L50, M|
|poke|p1|Gholdengo, L50|
|poke|p1|Rotom-Wash, L50|
|poke|p1|Ninetales-Alola, L50, M|
|poke|p1|Grimmsnarl, L50, M|
|poke|p1|Incineroar, L50, F|
|poke|p2|Sinistcha, L50|
|poke|p2|Incineroar, L50, F|
|poke|p2|Garchomp, L50, F|
|poke|p2|Floette-Eternal, L50, F|
|poke|p2|Delphox, L50, M|
|poke|p2|Maushold, L50|
|teampreview|4
|showteam|p1|Dragonite||Dragoninite|InnerFocus|DragonPulse,HeatWave,Tailwind,Protect|Modest||M|||50|]Gholdengo||LifeOrb|GoodasGold|MakeItRain,ShadowBall,NastyPlot,Protect|Timid|||||50|]Rotom-Wash||ChoiceScarf|Levitate|HydroPump,Thunderbolt,WillOWisp,Electroweb|Timid|||||50|]Ninetales-Alola||FocusSash|SnowWarning|FreezeDry,Blizzard,Encore,Protect|Timid||M|||50|]Grimmsnarl||LightClay|Prankster|FoulPlay,PartingShot,Reflect,LightScreen|Calm||M|||50|]Incineroar||Charcoal|Intimidate|PartingShot,FlareBlitz,DarkestLariat,FakeOut|Brave||F|||50|
|showteam|p2|Sinistcha||KasibBerry|Hospitality|MatchaGotcha,RagePowder,TrickRoom,LifeDew|Relaxed|||||50|]Incineroar||ChopleBerry|Intimidate|ThroatChop,FlareBlitz,PartingShot,FakeOut|Impish||F|||50|]Garchomp||LifeOrb|RoughSkin|ScaleShot,StompingTantrum,Protect,RockTomb|Jolly||F|||50|]Floette-Eternal||Floettite|FlowerVeil|Protect,CalmMind,Moonblast,DazzlingGleam|Modest||F|||50|]Delphox||Delphoxite|Blaze|NastyPlot,HeatWave,Psyshock,Protect|Timid||M|||50|]Maushold||FocusSash|FriendGuard|Feint,FollowMe,SuperFang,Protect|Jolly|||||50|
|inactive|Battle timer is ON: inactive players will automatically lose when time's up. (requested by TMJS01)
|
|t:|1782183466
|teamsize|p1|4
|teamsize|p2|4
|start
|switch|p1a: Gholdengo|Gholdengo, L50|100/100
|switch|p1b: Rotom|Rotom-Wash, L50|100/100
|switch|p2a: Floette|Floette-Eternal, L50, F|100/100
|switch|p2b: Incineroar|Incineroar, L50, F|100/100
|-ability|p2b: Incineroar|Intimidate|boost
|-unboost|p1a: Gholdengo|atk|1
|-unboost|p1b: Rotom|atk|1
|turn|1
|
|t:|1782183477
|switch|p1a: Incineroar|Incineroar, L50, F|100/100
|-ability|p1a: Incineroar|Intimidate|boost
|-unboost|p2a: Floette|atk|1
|-unboost|p2b: Incineroar|atk|1
|switch|p2a: Garchomp|Garchomp, L50, F|100/100
|move|p2b: Incineroar|Fake Out|p1b: Rotom
|-damage|p1b: Rotom|90/100
|cant|p1b: Rotom|flinch
|
|upkeep
|turn|2
|
|t:|1782183492
|switch|p2b: Sinistcha|Sinistcha, L50|100/100
|move|p1a: Incineroar|Fake Out|p2a: Garchomp
|-damage|p2a: Garchomp|86/100
|-damage|p1a: Incineroar|87/100|[from] ability: Rough Skin|[of] p2a: Garchomp
|move|p1b: Rotom|Hydro Pump|p2b: Sinistcha
|-resisted|p2b: Sinistcha|1
|-damage|p2b: Sinistcha|78/100
|cant|p2a: Garchomp|flinch
|
|upkeep
|turn|3
|
|t:|1782183500
|switch|p1a: Dragonite|Dragonite, L50, M|100/100
|move|p1b: Rotom|Hydro Pump|p2a: Garchomp
|-damage|p2a: Garchomp|28/100
|move|p2a: Garchomp|Stomping Tantrum|p1a: Dragonite
|-immune|p1a: Dragonite
|move|p2b: Sinistcha|Matcha Gotcha|p1b: Rotom|[spread] p1a
|-miss|p2b: Sinistcha|p1b: Rotom
|-resisted|p1a: Dragonite|2
|-damage|p1a: Dragonite|94/100
|-heal|p2b: Sinistcha|80/100|[from] drain|[of] p1a: Dragonite
|
|upkeep
|turn|4
|
|t:|1782183520
|switch|p1b: Incineroar|Incineroar, L50, F|87/100
|-ability|p1b: Incineroar|Intimidate|boost
|-unboost|p2a: Garchomp|atk|1
|-unboost|p2b: Sinistcha|atk|1
|detailschange|p1a: Dragonite|Dragonite-Mega, L50, M
|-mega|p1a: Dragonite|Dragonite|Dragoninite
|move|p2b: Sinistcha|Rage Powder|p2b: Sinistcha
|-singleturn|p2b: Sinistcha|move: Rage Powder
|move|p2a: Garchomp|Scale Shot|p1a: Dragonite
|-supereffective|p1a: Dragonite|1
|-damage|p1a: Dragonite|77/100
|-supereffective|p1a: Dragonite|1
|-damage|p1a: Dragonite|58/100
|-hitcount|p1a: Dragonite|2
|-unboost|p2a: Garchomp|def|1
|-boost|p2a: Garchomp|spe|1
|-damage|p2a: Garchomp|18/100|[from] item: Life Orb
|move|p1a: Dragonite|Heat Wave|p2b: Sinistcha|[spread] p2a,p2b
|-resisted|p2a: Garchomp|1
|-supereffective|p2b: Sinistcha|1
|-crit|p2b: Sinistcha
|-damage|p2a: Garchomp|3/100
|-damage|p2b: Sinistcha|0 fnt
|faint|p2b: Sinistcha
|
|upkeep
|
|t:|1782183526
|switch|p2b: Floette|Floette-Eternal, L50, F|100/100
|turn|5
|
|t:|1782183543
|switch|p2a: Incineroar|Incineroar, L50, F|100/100
|-ability|p2a: Incineroar|Intimidate|boost
|-unboost|p1a: Dragonite|atk|1
|-unboost|p1b: Incineroar|atk|1
|detailschange|p2b: Floette|Floette-Mega, L50, F
|-mega|p2b: Floette|Floette|Floettite
|-ability|p2b: Floette|Fairy Aura
|move|p1b: Incineroar|Fake Out|p2b: Floette
|-damage|p2b: Floette|89/100
|cant|p2b: Floette|flinch
|move|p1a: Dragonite|Tailwind|p1a: Dragonite
|-sidestart|p1: cookingorcooked2|move: Tailwind
|
|upkeep
|turn|6
|
|t:|1782183553
|move|p1a: Dragonite|Protect|p1a: Dragonite
|-singleturn|p1a: Dragonite|Protect
|move|p2b: Floette|Protect|p2b: Floette
|-singleturn|p2b: Floette|Protect
|move|p1b: Incineroar|Flare Blitz|p2b: Floette
|-activate|p2b: Floette|move: Protect
|move|p2a: Incineroar|Throat Chop|p1b: Incineroar
|-resisted|p1b: Incineroar|1
|-damage|p1b: Incineroar|72/100
|-start|p1b: Incineroar|Throat Chop|[silent]
|
|upkeep
|turn|7
|
|t:|1782183563
|move|p1a: Dragonite|Dragon Pulse|p2a: Incineroar
|-damage|p2a: Incineroar|51/100
|move|p1b: Incineroar|Flare Blitz|p2b: Floette
|-damage|p2b: Floette|39/100
|-damage|p1b: Incineroar|57/100|[from] Recoil
|move|p2b: Floette|Dazzling Gleam|p1b: Incineroar|[spread] p1a,p1b
|-supereffective|p1a: Dragonite|1
|-damage|p1a: Dragonite|0 fnt
|-damage|p1b: Incineroar|7/100
|faint|p1a: Dragonite
|move|p2a: Incineroar|Flare Blitz|p1b: Incineroar
|-resisted|p1b: Incineroar|1
|-damage|p1b: Incineroar|0 fnt
|faint|p1b: Incineroar
|-damage|p2a: Incineroar|48/100|[from] Recoil
|
|upkeep
|
|t:|1782183572
|switch|p1a: Gholdengo|Gholdengo, L50|100/100
|switch|p1b: Rotom|Rotom-Wash, L50|90/100
|turn|8
|
|t:|1782183579
|move|p2b: Floette|Protect|p2b: Floette
|-singleturn|p2b: Floette|Protect
|move|p1b: Rotom|Hydro Pump|p2a: Incineroar
|-supereffective|p2a: Incineroar|1
|-damage|p2a: Incineroar|0 fnt
|faint|p2a: Incineroar
|move|p1a: Gholdengo|Shadow Ball|p2b: Floette
|-activate|p2b: Floette|move: Protect
|
|-sideend|p1: cookingorcooked2|move: Tailwind
|upkeep
|
|t:|1782183582
|switch|p2a: Garchomp|Garchomp, L50, F|3/100
|turn|9
|
|t:|1782183600
|move|p1a: Gholdengo|Protect|p1a: Gholdengo
|-singleturn|p1a: Gholdengo|Protect
|move|p1b: Rotom|Hydro Pump|p2b: Floette
|-damage|p2b: Floette|3/100
|move|p2a: Garchomp|Scale Shot|p1b: Rotom
|-damage|p1b: Rotom|66/100
|-damage|p1b: Rotom|40/100
|-hitcount|p1b: Rotom|2
|-unboost|p2a: Garchomp|def|1
|-boost|p2a: Garchomp|spe|1
|-damage|p2a: Garchomp|0 fnt|[from] item: Life Orb
|faint|p2a: Garchomp
|move|p2b: Floette|Moonblast|p1b: Rotom
|-damage|p1b: Rotom|0 fnt
|faint|p1b: Rotom
|
|upkeep
|turn|10
|
|t:|1782183607
|move|p1a: Gholdengo|Shadow Ball|p2b: Floette
|-damage|p2b: Floette|0 fnt
|faint|p2b: Floette
|-damage|p1a: Gholdengo|90/100|[from] item: Life Orb
|
|win|cookingorcooked2
|raw|cookingorcooked2's rating: 1326 → 1344(+18 for winning)
|raw|TMJS01's rating: 1291 → 1269(-22 for losing)
|l|☆cookingorcooked2
|player|p1|
