|j|☆M0teM0te13
|j|☆sedrav
|html|M0teM0te13sedrav    
|uhtml|bestof|Game 2 of a best-of-3
|t:|1756427504
|gametype|doubles
|player|p1|M0teM0te13|170|1185
|player|p2|sedrav|hilbert|1200
|gen|9
|tier|[Gen 9] VGC 2025 Reg H (Bo3)
|rated|
|rule|Species Clause: Limit one of each Pokémon
|rule|Item Clause: Limit 1 of each item
|clearpoke
|poke|p1|Volcarona, L50, F|
|poke|p1|Rillaboom, L50, F|
|poke|p1|Kingambit, L50, M|
|poke|p1|Ninetales-Alola, L50, M|
|poke|p1|Dragapult, L50, M|
|poke|p1|Maushold, L50|
|poke|p2|Dragonite, L50, F|
|poke|p2|Rillaboom, L50, M|
|poke|p2|Arcanine-Hisui, L50, F|
|poke|p2|Sneasler, L50, M|
|poke|p2|Ninetales-Alola, L50, M|
|poke|p2|Gholdengo, L50|
|teampreview|4
|showteam|p1|Volcarona||GrassySeed|FlameBody|GigaDrain,HeatWave,QuiverDance,Protect|||F|||50|,,,,,Grass]Rillaboom||AssaultVest|GrassySurge|FakeOut,Uturn,WoodHammer,GrassyGlide|||F|||50|,,,,,Fire]Kingambit||SafetyGoggles|Defiant|SuckerPunch,KowtowCleave,SwordsDance,Protect|||M|||50|,,,,,Dark]Ninetales-Alola||LightClay|SnowWarning|AuroraVeil,Blizzard,Encore,IcyWind|||M|||50|,,,,,Ghost]Dragapult||DracoPlate|ClearBody|DragonDarts,WillOWisp,Disable,Protect|||M|||50|,,,,,Fairy]Maushold||SitrusBerry|FriendGuard|PopulationBomb,Taunt,FollowMe,Protect||||||50|,,,,,Poison
|showteam|p2|Dragonite||LoadedDice|Multiscale|ScaleShot,Tailwind,StompingTantrum,Protect|||F|||50|,,,,,Ground]Rillaboom||AssaultVest|GrassySurge|DrumBeating,GrassyGlide,HighHorsepower,FakeOut|||M|||50|,,,,,Fire]Arcanine-Hisui||ClearAmulet|Intimidate|FlareBlitz,RockSlide,ExtremeSpeed,Protect|||F|||50|,,,,,Water]Sneasler||WhiteHerb|Unburden|CloseCombat,DireClaw,Coaching,Protect|||M|||50|,,,,,Ghost]Ninetales-Alola||FocusSash|SnowWarning|Blizzard,Encore,IcyWind,AuroraVeil|||M|||50|,,,,,Ghost]Gholdengo||GrassySeed|GoodasGold|MakeItRain,ShadowBall,NastyPlot,Protect||||||50|,,,,,Water
|inactive|Battle timer is ON: inactive players will automatically lose when time's up. (requested by sedrav)
|
|t:|1756427544
|teamsize|p1|4
|teamsize|p2|4
|start
|switch|p1a: Dragapult|Dragapult, L50, M|100/100
|switch|p1b: Volcarona|Volcarona, L50, F|100/100
|switch|p2a: Dragonite|Dragonite, L50, F|100/100
|switch|p2b: Ninetales|Ninetales-Alola, L50, M|100/100
|-weather|Snowscape|[from] ability: Snow Warning|[of] p2b: Ninetales
|turn|1
|inactive|sedrav has 30 seconds left.
|
|t:|1756427579
|switch|p2a: Arcanine|Arcanine-Hisui, L50, F|100/100
|-ability|p2a: Arcanine|Intimidate|boost
|-fail|p1a: Dragapult|unboost|[from] ability: Clear Body|[of] p1a: Dragapult
|-unboost|p1b: Volcarona|atk|1
|move|p1a: Dragapult|Will-O-Wisp|p2a: Arcanine
|-immune|p2a: Arcanine
|move|p2b: Ninetales|Encore||[still]
|-fail|p2b: Ninetales
|move|p1b: Volcarona|Heat Wave|p2b: Ninetales|[spread] p2a,p2b
|-resisted|p2a: Arcanine
|-supereffective|p2b: Ninetales
|-damage|p2a: Arcanine|89/100
|-damage|p2b: Ninetales|8/100
|-status|p2b: Ninetales|brn
|
|-weather|Snowscape|[upkeep]
|-damage|p2b: Ninetales|2/100 brn|[from] brn
|upkeep
|turn|2
|inactive|M0teM0te13 has 30 seconds left.
|
|t:|1756427613
|switch|p1b: Rillaboom|Rillaboom, L50, F|100/100
|-fieldstart|move: Grassy Terrain|[from] ability: Grassy Surge|[of] p1b: Rillaboom
|move|p1a: Dragapult|Dragon Darts|p2a: Arcanine
|-damage|p2a: Arcanine|50/100
|-anim|p1a: Dragapult|Dragon Darts|p2a: Arcanine
|-damage|p2a: Arcanine|15/100
|move|p2b: Ninetales|Aurora Veil|p2b: Ninetales
|-sidestart|p2: sedrav|move: Aurora Veil
|move|p2a: Arcanine|Rock Slide|p1a: Dragapult|[spread] p1a,p1b
|-crit|p1a: Dragapult
|-damage|p1a: Dragapult|47/100
|-damage|p1b: Rillaboom|75/100
|
|-weather|Snowscape|[upkeep]
|-heal|p1a: Dragapult|52/100|[from] Grassy Terrain
|-heal|p2b: Ninetales|8/100 brn|[from] Grassy Terrain
|-heal|p2a: Arcanine|20/100|[from] Grassy Terrain
|-heal|p1b: Rillaboom|81/100|[from] Grassy Terrain
|-damage|p2b: Ninetales|2/100 brn|[from] brn
|upkeep
|turn|3
|inactive|M0teM0te13 has 30 seconds left.
|
|t:|1756427646
|-terastallize|p2b: Ninetales|Ghost
|move|p1a: Dragapult|Protect|p1a: Dragapult
|-singleturn|p1a: Dragapult|Protect
|move|p2a: Arcanine|Protect|p2a: Arcanine
|-singleturn|p2a: Arcanine|Protect
|move|p2b: Ninetales|Blizzard|p1a: Dragapult|[spread] p1b
|-activate|p1a: Dragapult|move: Protect
|-supereffective|p1b: Rillaboom
|-damage|p1b: Rillaboom|48/100
|move|p1b: Rillaboom|U-turn|p2b: Ninetales
|-resisted|p2b: Ninetales
|-damage|p2b: Ninetales|0 fnt
|faint|p2b: Ninetales
|
|t:|1756427665
|switch|p1b: Kingambit|Kingambit, L50, M|100/100|[from] U-turn
|
|-weather|Snowscape|[upkeep]
|-heal|p1a: Dragapult|58/100|[from] Grassy Terrain
|-heal|p2a: Arcanine|26/100|[from] Grassy Terrain
|upkeep
|
|t:|1756427671
|switch|p2b: Sneasler|Sneasler, L50, M|100/100
|turn|4
|
|t:|1756427688
|move|p2a: Arcanine|Protect|p2a: Arcanine
|-singleturn|p2a: Arcanine|Protect
|move|p1b: Kingambit|Protect|p1b: Kingambit
|-singleturn|p1b: Kingambit|Protect
|move|p1a: Dragapult|Will-O-Wisp|p2b: Sneasler
|-status|p2b: Sneasler|brn
|move|p2b: Sneasler|Dire Claw|p1a: Dragapult
|-resisted|p1a: Dragapult
|-crit|p1a: Dragapult
|-damage|p1a: Dragapult|40/100
|-status|p1a: Dragapult|psn
|
|-weather|Snowscape|[upkeep]
|-heal|p1a: Dragapult|46/100 psn|[from] Grassy Terrain
|-heal|p2a: Arcanine|32/100|[from] Grassy Terrain
|-damage|p1a: Dragapult|34/100 psn|[from] psn
|-damage|p2b: Sneasler|94/100 brn|[from] brn
|upkeep
|turn|5
|inactive|M0teM0te13 has 30 seconds left.
|inactive|sedrav has 30 seconds left.
|inactive|sedrav has 20 seconds left.
|inactive|M0teM0te13 has 20 seconds left.
|inactive|sedrav has 15 seconds left.
|
|t:|1756427732
|move|p2a: Arcanine|Extreme Speed|p1b: Kingambit
|-resisted|p1b: Kingambit
|-damage|p1b: Kingambit|91/100
|move|p1b: Kingambit|Sucker Punch||[still]
|-fail|p1b: Kingambit
|move|p1a: Dragapult|Dragon Darts|p2b: Sneasler
|-damage|p2b: Sneasler|67/100 brn
|-anim|p1a: Dragapult|Dragon Darts|p2a: Arcanine
|-damage|p2a: Arcanine|6/100
|move|p2b: Sneasler|Close Combat|p1b: Kingambit
|-supereffective|p1b: Kingambit
|-damage|p1b: Kingambit|0 fnt
|-unboost|p2b: Sneasler|def|1
|-unboost|p2b: Sneasler|spd|1
|faint|p1b: Kingambit
|-enditem|p2b: Sneasler|White Herb
|-clearnegativeboost|p2b: Sneasler|[silent]
|
|-weather|none
|-heal|p2b: Sneasler|73/100 brn|[from] Grassy Terrain
|-heal|p1a: Dragapult|39/100 psn|[from] Grassy Terrain
|-heal|p2a: Arcanine|12/100|[from] Grassy Terrain
|-damage|p1a: Dragapult|27/100 psn|[from] psn
|-damage|p2b: Sneasler|67/100 brn|[from] brn
|upkeep
|
|t:|1756427750
|switch|p1b: Volcarona|Volcarona, L50, F|100/100
|-enditem|p1b: Volcarona|Grassy Seed
|-boost|p1b: Volcarona|def|1|[from] item: Grassy Seed
|turn|6
|
|t:|1756427778
|move|p2b: Sneasler|Dire Claw|p1a: Dragapult
|-resisted|p1a: Dragapult
|-damage|p1a: Dragapult|15/100 psn
|move|p1a: Dragapult|Dragon Darts|p2a: Arcanine
|-damage|p2a: Arcanine|0 fnt
|-anim|p1a: Dragapult|Dragon Darts|p2b: Sneasler
|-damage|p2b: Sneasler|42/100 brn
|faint|p2a: Arcanine
|move|p1b: Volcarona|Heat Wave|p2b: Sneasler|[miss]
|-miss|p1b: Volcarona|p2b: Sneasler
|
|-heal|p2b: Sneasler|49/100 brn|[from] Grassy Terrain
|-heal|p1a: Dragapult|21/100 psn|[from] Grassy Terrain
|-damage|p1a: Dragapult|9/100 psn|[from] psn
|-damage|p2b: Sneasler|42/100 brn|[from] brn
|-sideend|p2: sedrav|move: Aurora Veil
|-fieldend|move: Grassy Terrain
|upkeep
|
|t:|1756427792
|switch|p2a: Dragonite|Dragonite, L50, F|100/100
|turn|7
|inactive|sedrav has 30 seconds left.
|inactive|sedrav has 20 seconds left.
|
|t:|1756427831
|switch|p1a: Rillaboom|Rillaboom, L50, F|48/100
|-fieldstart|move: Grassy Terrain|[from] ability: Grassy Surge|[of] p1a: Rillaboom
|move|p2b: Sneasler|Dire Claw|p1a: Rillaboom
|-supereffective|p1a: Rillaboom
|-damage|p1a: Rillaboom|12/100
|move|p1b: Volcarona|Heat Wave|p2b: Sneasler|[spread] p2a,p2b
|-resisted|p2a: Dragonite
|-damage|p2a: Dragonite|91/100
|-damage|p2b: Sneasler|0 fnt
|faint|p2b: Sneasler
|move|p2a: Dragonite|Scale Shot|p1b: Volcarona
|-damage|p1b: Volcarona|87/100
|-damage|p1b: Volcarona|75/100
|-damage|p1b: Volcarona|62/100
|-damage|p1b: Volcarona|49/100
|-damage|p1b: Volcarona|35/100
|-hitcount|p1b: Volcarona|5
|-unboost|p2a: Dragonite|def|1
|-boost|p2a: Dragonite|spe|1
|
|-heal|p1b: Volcarona|41/100|[from] Grassy Terrain
|-heal|p1a: Rillaboom|17/100|[from] Grassy Terrain
|upkeep
|turn|8
|
|t:|1756427855
|move|p2a: Dragonite|Protect|p2a: Dragonite
|-singleturn|p2a: Dragonite|Protect
|move|p1a: Rillaboom|Fake Out|p2a: Dragonite
|-activate|p2a: Dragonite|move: Protect
|move|p1b: Volcarona|Quiver Dance|p1b: Volcarona
|-boost|p1b: Volcarona|spa|1
|-boost|p1b: Volcarona|spd|1
|-boost|p1b: Volcarona|spe|1
|
|-heal|p1b: Volcarona|47/100|[from] Grassy Terrain
|-heal|p1a: Rillaboom|23/100|[from] Grassy Terrain
|upkeep
|turn|9
|
|t:|1756427868
|-terastallize|p1b: Volcarona|Grass
|move|p1b: Volcarona|Giga Drain|p2a: Dragonite
|-resisted|p2a: Dragonite
|-damage|p2a: Dragonite|73/100
|-heal|p1b: Volcarona|54/100|[from] drain|[of] p2a: Dragonite
|move|p2a: Dragonite|Scale Shot|p1a: Rillaboom
|-damage|p1a: Rillaboom|10/100
|-damage|p1a: Rillaboom|0 fnt
|faint|p1a: Rillaboom
|-hitcount|p1: Rillaboom|2
|-unboost|p2a: Dragonite|def|1
|-boost|p2a: Dragonite|spe|1
|
|-heal|p1b: Volcarona|60/100|[from] Grassy Terrain
|upkeep
|
|t:|1756427884
|switch|p1a: Dragapult|Dragapult, L50, M|9/100 psn
|turn|10
|
|t:|1756427894
|move|p2a: Dragonite|Protect|p2a: Dragonite
|-singleturn|p2a: Dragonite|Protect
|move|p1b: Volcarona|Heat Wave|p2a: Dragonite
|-activate|p2a: Dragonite|move: Protect
|move|p1a: Dragapult|Dragon Darts|p2a: Dragonite
|-activate|p2a: Dragonite|move: Protect
|
|-heal|p1b: Volcarona|66/100|[from] Grassy Terrain
|-heal|p1a: Dragapult|15/100 psn|[from] Grassy Terrain
|-damage|p1a: Dragapult|3/100 psn|[from] psn
|upkeep
|turn|11
|inactive|sedrav has 30 seconds left.
|
|t:|1756427921
|move|p2a: Dragonite|Scale Shot|p1b: Volcarona
|-damage|p1b: Volcarona|52/100
|-damage|p1b: Volcarona|39/100
|-damage|p1b: Volcarona|24/100
|-damage|p1b: Volcarona|11/100
|-damage|p1b: Volcarona|0 fnt
|faint|p1b: Volcarona
|-hitcount|p1: Volcarona|5
|-unboost|p2a: Dragonite|def|1
|-boost|p2a: Dragonite|spe|1
|move|p1a: Dragapult|Will-O-Wisp|p2a: Dragonite
|-status|p2a: Dragonite|brn
|
|-heal|p1a: Dragapult|8/100 psn|[from] Grassy Terrain
|-damage|p1a: Dragapult|0 fnt|[from] psn
|faint|p1a: Dragapult
|
|win|sedrav
||M0teM0te13 is ready for game 3.
|inactive|sedrav has 30 seconds to confirm battle start!
