|j|☆Fynnster
|j|☆Scarfchomper003
|html|FynnsterScarfchomper003    
|uhtml|bestof|Game 3 of a best-of-3
|t:|1756398392
|gametype|doubles
|player|p1|Fynnster|sabrina-gen1rb|
|player|p2|Scarfchomper003|boarder|
|gen|9
|tier|[Gen 9] VGC 2025 Reg H (Bo3)
|rule|Species Clause: Limit one of each Pokémon
|rule|Item Clause: Limit 1 of each item
|clearpoke
|poke|p1|Incineroar, L50, M|
|poke|p1|Porygon2, L50|
|poke|p1|Amoonguss, L50, M|
|poke|p1|Ursaluna, L50, M|
|poke|p1|Gholdengo, L50|
|poke|p1|Flamigo, L50, F|
|poke|p2|Sneasler, L50, M|
|poke|p2|Dragapult, L50, M|
|poke|p2|Primarina, L50, F|
|poke|p2|Rillaboom, L50, M|
|poke|p2|Kingambit, L50, F|
|poke|p2|Magmar, L50, F|
|teampreview|4
|showteam|p1|Incineroar||SafetyGoggles|Intimidate|KnockOff,FlareBlitz,PartingShot,FakeOut|||M|||50|,,,,,Grass]Porygon2||Eviolite|Download|TeraBlast,IceBeam,Recover,TrickRoom||||||50|,,,,,Fighting]Amoonguss||MentalHerb|Regenerator|Spore,RagePowder,PollenPuff,SludgeBomb|||M|||50|,,,,,Water]Ursaluna||FlameOrb|Guts|Facade,HeadlongRush,Earthquake,Protect|||M|||50|,,,,,Normal]Gholdengo||LifeOrb|GoodasGold|MakeItRain,ShadowBall,NastyPlot,Protect||||||50|,,,,,Dragon]Flamigo||FocusSash|Scrappy|CloseCombat,BraveBird,WideGuard,Protect|||F|||50|,,,,,Ghost
|showteam|p2|Sneasler||FocusSash|PoisonTouch|CloseCombat,DireClaw,FakeOut,Protect|||M|||50|,,,,,Stellar]Dragapult||ChoiceBand|ClearBody|DragonDarts,TeraBlast,PhantomForce,Uturn|||M|||50|,,,,,Ghost]Primarina||SitrusBerry|LiquidVoice|HyperVoice,Moonblast,Haze,Protect|||F|||50|,,,,,Water]Rillaboom||AssaultVest|GrassySurge|WoodHammer,GrassyGlide,HighHorsepower,FakeOut|||M|||50|,,,,,Fire]Kingambit||DreadPlate|Defiant|KowtowCleave,SuckerPunch,SwordsDance,Protect|||F|||50|,,,,,Ghost]Magmar||Eviolite|VitalSpirit|Overheat,WillOWisp,FollowMe,Protect|||F|||50|,,,,,Ghost
|inactive|Battle timer is ON: inactive players will automatically lose when time's up. (requested by Fynnster)
|inactive|Scarfchomper003 also wants the timer to be on.
|inactive|Fynnster has 60 seconds left.
|inactive|Scarfchomper003 has 60 seconds left.
|inactive|Fynnster no longer wants the timer on, but the timer is staying on because scarfchomper003 still does.
|
|t:|1756398451
|teamsize|p1|4
|teamsize|p2|4
|start
|switch|p1a: Gholdengo|Gholdengo, L50, shiny|100/100
|switch|p1b: Porygon2|Porygon2, L50, shiny|100/100
|switch|p2a: Kingambit|Kingambit, L50, F|100/100
|switch|p2b: Magmar|Magmar, L50, F|100/100
|-ability|p1b: Porygon2|Download|boost
|-boost|p1b: Porygon2|spa|1
|turn|1
|
|t:|1756398475
|switch|p1a: Ursaluna|Ursaluna, L50, M, shiny|100/100
|move|p2b: Magmar|Overheat|p1a: Ursaluna
|-damage|p1a: Ursaluna|63/100
|-unboost|p2b: Magmar|spa|2
|move|p2a: Kingambit|Swords Dance|p2a: Kingambit
|-boost|p2a: Kingambit|atk|2
|move|p1b: Porygon2|Trick Room|p1b: Porygon2
|-fieldstart|move: Trick Room|[of] p1b: Porygon2
|
|-status|p1a: Ursaluna|brn|[from] item: Flame Orb
|upkeep
|turn|2
|inactive|Scarfchomper003 has 30 seconds left.
|
|t:|1756398506
|switch|p1b: Flamigo|Flamigo, L50, F, shiny|100/100
|move|p2a: Kingambit|Protect|p2a: Kingambit
|-singleturn|p2a: Kingambit|Protect
|move|p1a: Ursaluna|Earthquake|p2b: Magmar|[spread] p2b
|-activate|p2a: Kingambit|move: Protect
|-immune|p1b: Flamigo
|-supereffective|p2b: Magmar
|-damage|p2b: Magmar|9/100
|move|p2b: Magmar|Will-O-Wisp|p1b: Flamigo|[miss]
|-miss|p2b: Magmar|p1b: Flamigo
|
|-damage|p1a: Ursaluna|57/100 brn|[from] brn
|upkeep
|turn|3
|inactive|Scarfchomper003 has 30 seconds left.
|inactive|Scarfchomper003 has 20 seconds left.
|inactive|Scarfchomper003 has 15 seconds left.
|
|t:|1756398548
|-terastallize|p2a: Kingambit|Ghost
|move|p1b: Flamigo|Protect|p1b: Flamigo
|-singleturn|p1b: Flamigo|Protect
|move|p2a: Kingambit|Sucker Punch|p1a: Ursaluna
|-damage|p1a: Ursaluna|0 fnt
|faint|p1a: Ursaluna
|move|p2b: Magmar|Will-O-Wisp|p1b: Flamigo
|-activate|p1b: Flamigo|move: Protect
|
|upkeep
|
|t:|1756398559
|switch|p1a: Porygon2|Porygon2, L50, shiny|100/100
|-ability|p1a: Porygon2|Download|boost
|-boost|p1a: Porygon2|spa|1
|turn|4
|inactive|Fynnster has 30 seconds left.
|
|t:|1756398586
|-terastallize|p1a: Porygon2|Fighting
|move|p1a: Porygon2|Ice Beam|p2a: Kingambit
|-damage|p2a: Kingambit|64/100
|move|p2a: Kingambit|Kowtow Cleave|p1a: Porygon2
|-resisted|p1a: Porygon2
|-damage|p1a: Porygon2|68/100
|move|p2b: Magmar|Will-O-Wisp|p1b: Flamigo
|-status|p1b: Flamigo|brn
|move|p1b: Flamigo|Close Combat|p2b: Magmar
|-damage|p2b: Magmar|0 fnt
|-unboost|p1b: Flamigo|def|1
|-unboost|p1b: Flamigo|spd|1
|faint|p2b: Magmar
|
|-damage|p1b: Flamigo|95/100 brn|[from] brn
|upkeep
|
|t:|1756398604
|switch|p2b: Sneasler|Sneasler, L50, M|100/100
|turn|5
|
|t:|1756398626
|move|p2a: Kingambit|Protect|p2a: Kingambit
|-singleturn|p2a: Kingambit|Protect
|move|p2b: Sneasler|Protect|p2b: Sneasler
|-singleturn|p2b: Sneasler|Protect
|move|p1a: Porygon2|Ice Beam|p2a: Kingambit
|-activate|p2a: Kingambit|move: Protect
|move|p1b: Flamigo|Close Combat|p2a: Kingambit
|-activate|p2a: Kingambit|move: Protect
|
|-damage|p1b: Flamigo|89/100 brn|[from] brn
|-fieldend|move: Trick Room
|upkeep
|turn|6
|
|t:|1756398650
|switch|p1a: Gholdengo|Gholdengo, L50, shiny|100/100
|move|p2a: Kingambit|Sucker Punch|p1b: Flamigo
|-resisted|p1b: Flamigo
|-damage|p1b: Flamigo|0 fnt
|faint|p1b: Flamigo
|move|p2b: Sneasler|Dire Claw|p1a: Gholdengo
|-immune|p1a: Gholdengo
|
|upkeep
|
|t:|1756398658
|switch|p1b: Porygon2|Porygon2, L50, shiny, tera:Fighting|68/100
|-ability|p1b: Porygon2|Download|boost
|-boost|p1b: Porygon2|spa|1
|turn|7
|
|t:|1756398675
|move|p2b: Sneasler|Close Combat|p1b: Porygon2
|-damage|p1b: Porygon2|30/100
|-unboost|p2b: Sneasler|def|1
|-unboost|p2b: Sneasler|spd|1
|move|p1a: Gholdengo|Nasty Plot|p1a: Gholdengo
|-boost|p1a: Gholdengo|spa|2
|move|p2a: Kingambit|Kowtow Cleave|p1a: Gholdengo
|-supereffective|p1a: Gholdengo
|-damage|p1a: Gholdengo|0 fnt
|faint|p1a: Gholdengo
|move|p1b: Porygon2|Trick Room|p1b: Porygon2
|-fieldstart|move: Trick Room|[of] p1b: Porygon2
|
|upkeep
|turn|8
|
|t:|1756398693
|switch|p2b: Dragapult|Dragapult, L50, M|100/100
|move|p2a: Kingambit|Sucker Punch||[still]
|-fail|p2a: Kingambit
|move|p1b: Porygon2|Recover|p1b: Porygon2
|-heal|p1b: Porygon2|80/100
|
|upkeep
|turn|9
|
|t:|1756398707
|move|p1b: Porygon2|Ice Beam|p2b: Dragapult
|-supereffective|p2b: Dragapult
|-damage|p2b: Dragapult|3/100
|move|p2a: Kingambit|Swords Dance|p2a: Kingambit
|-boost|p2a: Kingambit|atk|2
|move|p2b: Dragapult|Dragon Darts|p1b: Porygon2
|-damage|p1b: Porygon2|60/100
|-anim|p2b: Dragapult|Dragon Darts|p1b: Porygon2
|-damage|p1b: Porygon2|38/100
|
|upkeep
|turn|10
|
|t:|1756398727
|move|p1b: Porygon2|Ice Beam|p2a: Kingambit
|-crit|p2a: Kingambit
|-damage|p2a: Kingambit|4/100
|move|p2a: Kingambit|Kowtow Cleave|p1b: Porygon2
|-resisted|p1b: Porygon2
|-damage|p1b: Porygon2|0 fnt
|faint|p1b: Porygon2
|
|win|Scarfchomper003
|l|☆Scarfchomper003
|player|p2|
|l|☆Fynnster
|player|p1|
|j|☆Fynnster
|player|p1|Fynnster|sabrina-gen1rb|
