|j|☆leilinoone
|j|☆NoitUK_VGC
|html|leilinooneNoitUK_VGC    
|uhtml|bestof|Game 1 of a best-of-3
|t:|1783852250
|gametype|doubles
|player|p1|leilinoone|266|1000
|player|p2|NoitUK_VGC|102|1114
|gen|9
|tier|[Gen 9 Champions] VGC 2026 Reg M-B (Bo3)
|rated|
|rule|Species Clause: Limit one of each Pokémon
|rule|Item Clause: Limit 1 of each item
|clearpoke
|poke|p1|Gyarados, L50, F|
|poke|p1|Garchomp, L50, M|
|poke|p1|Raichu, L50, F|
|poke|p1|Incineroar, L50, M|
|poke|p1|Sinistcha, L50|
|poke|p1|Ninetales-Alola, L50, M|
|poke|p2|Archaludon, L50, F|
|poke|p2|Swampert, L50, F|
|poke|p2|Pelipper, L50, F|
|poke|p2|Raichu, L50, M|
|poke|p2|Sableye, L50, F|
|poke|p2|Kingambit, L50, F|
|teampreview|4
|showteam|p1|Gyarados||Gyaradosite|Intimidate|Waterfall,LashOut,DragonDance,Protect|Adamant||F|||50|]Garchomp||LifeOrb|RoughSkin|DragonClaw,StompingTantrum,RockSlide,Protect|Jolly||M|||50|]Raichu||RaichuniteX|LightningRod|VoltSwitch,ZapCannon,FakeOut,Protect|Timid||F|||50|]Incineroar||SitrusBerry|Intimidate|FlareBlitz,CloseCombat,FakeOut,PartingShot|Brave||M|||50|]Sinistcha||CobaBerry|Hospitality|MatchaGotcha,TrickRoom,Imprison,Protect|Quiet|||||50|]Ninetales-Alola||FocusSash|SnowWarning|Blizzard,AuroraVeil,IcyWind,Encore|Timid||M|||50|
|showteam|p2|Archaludon||Leftovers|Stamina|Protect,ElectroShot,FlashCannon,DragonPulse|Modest||F|||50|]Swampert||Swampertite|Torrent|Protect,WaveCrash,Earthquake,IcePunch|Adamant||F|||50|]Pelipper||SitrusBerry|Drizzle|WideGuard,WeatherBall,Hurricane,Tailwind|Bold||F|||50|]Raichu||RaichuniteX|LightningRod|FakeOut,VoltTackle,VoltSwitch,PlayRough|Hasty||M|||50|]Sableye||RoseliBerry|Prankster|Encore,Disable,WillOWisp,RainDance|Relaxed||F|||50|]Kingambit||ChopleBerry|Defiant|KowtowCleave,SuckerPunch,IronHead,LowKick|Adamant||F|||50|
|inactive|Battle timer is ON: inactive players will automatically lose when time's up. (requested by NoitUK_VGC)
|inactive|leilinoone has 60 seconds left.
|inactive|NoitUK_VGC has 60 seconds left.
|
|t:|1783852313
|teamsize|p1|4
|teamsize|p2|4
|start
|switch|p1a: Gyarados|Gyarados, L50, F|100/100
|switch|p1b: Raichu|Raichu, L50, F|100/100
|switch|p2a: Swampert|Swampert, L50, F|100/100
|switch|p2b: Kingambit|Kingambit, L50, F|100/100
|-ability|p1a: Gyarados|Intimidate|boost
|-unboost|p2a: Swampert|atk|1
|-unboost|p2b: Kingambit|atk|1
|-ability|p2b: Kingambit|Defiant|boost
|-boost|p2b: Kingambit|atk|2
|turn|1
|inactive|leilinoone has 30 seconds left.
|inactive|NoitUK_VGC has 30 seconds left.
|inactive|leilinoone has 20 seconds left.
|inactive|NoitUK_VGC has 20 seconds left.
|inactive|NoitUK_VGC has 15 seconds left.
|
|t:|1783852354
|switch|p2a: Archaludon|Archaludon, L50, F|100/100
|move|p1b: Raichu|Volt Switch|p2b: Kingambit
|-damage|p2b: Kingambit|76/100
|
|t:|1783852364
|switch|p1b: Ninetales|Ninetales-Alola, L50, M|100/100|[from] Volt Switch
|-weather|Snowscape|[from] ability: Snow Warning|[of] p1b: Ninetales
|move|p1a: Gyarados|Dragon Dance|p1a: Gyarados
|-boost|p1a: Gyarados|atk|1
|-boost|p1a: Gyarados|spe|1
|move|p2b: Kingambit|Kowtow Cleave|p1a: Gyarados
|-damage|p1a: Gyarados|18/100
|
|-weather|Snowscape|[upkeep]
|upkeep
|turn|2
|inactive|leilinoone has 30 seconds left.
|inactive|leilinoone has 20 seconds left.
|inactive|leilinoone has 15 seconds left.
|inactive|leilinoone has 10 seconds left.
|inactive|leilinoone has 5 seconds left.
|
|t:|1783852417
|switch|p1b: Raichu|Raichu, L50, F|100/100
|move|p2b: Kingambit|Sucker Punch|p1a: Gyarados
|-damage|p1a: Gyarados|0 fnt
|faint|p1a: Gyarados
|move|p2a: Archaludon|Flash Cannon|p1b: Raichu
|-resisted|p1b: Raichu|1
|-damage|p1b: Raichu|71/100
|
|-weather|Snowscape|[upkeep]
|upkeep
|
|t:|1783852429
|switch|p1a: Garchomp|Garchomp, L50, M|100/100
|turn|3
|inactive|leilinoone has 30 seconds left.
|inactive|leilinoone has 20 seconds left.
|
|t:|1783852466
|switch|p2b: Swampert|Swampert, L50, F|100/100
|detailschange|p1b: Raichu|Raichu-Mega-X, L50, F
|-mega|p1b: Raichu|Raichu|Raichunite X
|-fieldstart|move: Electric Terrain|[from] ability: Electric Surge|[of] p1b: Raichu
|move|p2a: Archaludon|Protect|p2a: Archaludon
|-singleturn|p2a: Archaludon|Protect
|move|p1b: Raichu|Zap Cannon|p2a: Archaludon
|-activate|p2a: Archaludon|move: Protect
|move|p1a: Garchomp|Stomping Tantrum|p2a: Archaludon
|-activate|p2a: Archaludon|move: Protect
|
|-weather|Snowscape|[upkeep]
|upkeep
|turn|4
|inactive|leilinoone has 30 seconds left.
|inactive|NoitUK_VGC has 30 seconds left.
|inactive|leilinoone has 20 seconds left.
|
|t:|1783852502
|detailschange|p2b: Swampert|Swampert-Mega, L50, F
|-mega|p2b: Swampert|Swampert|Swampertite
|move|p1b: Raichu|Volt Switch|p2a: Archaludon
|-resisted|p2a: Archaludon|1
|-damage|p2a: Archaludon|80/100
|-ability|p2a: Archaludon|Stamina|boost
|-boost|p2a: Archaludon|def|1
|
|t:|1783852508
|switch|p1b: Ninetales|Ninetales-Alola, L50, M|100/100|[from] Volt Switch
|move|p1a: Garchomp|Stomping Tantrum|p2b: Swampert
|-damage|p2b: Swampert|50/100g
|-damage|p1a: Garchomp|90/100|[from] item: Life Orb
|move|p2b: Swampert|Ice Punch|p1a: Garchomp
|-supereffective|p1a: Garchomp|2
|-damage|p1a: Garchomp|0 fnt
|-damage|p2b: Swampert|38/100|[from] ability: Rough Skin|[of] p1a: Garchomp
|faint|p1a: Garchomp
|move|p2a: Archaludon|Dragon Pulse|p1b: Ninetales
|-immune|p1b: Ninetales
|
|-weather|Snowscape|[upkeep]
|-heal|p2a: Archaludon|86/100|[from] item: Leftovers
|upkeep
|
|t:|1783852523
|switch|p1a: Raichu|Raichu-Mega-X, L50, F|71/100
|turn|5
|
|t:|1783852545
|switch|p2b: Pelipper|Pelipper, L50, F|100/100
|-weather|RainDance|[from] ability: Drizzle|[of] p2b: Pelipper
|move|p1a: Raichu|Fake Out|p2b: Pelipper
|-crit|p2b: Pelipper
|-damage|p2b: Pelipper|82/100
|move|p1b: Ninetales|Aurora Veil||[still]
|-fail|p1b: Ninetales
|move|p2a: Archaludon|Flash Cannon|p1b: Ninetales
|-supereffective|p1b: Ninetales|2
|-enditem|p1b: Ninetales|Focus Sash
|-damage|p1b: Ninetales|1/100
|
|-weather|RainDance|[upkeep]
|-heal|p2a: Archaludon|92/100|[from] item: Leftovers
|upkeep
|turn|6
|inactive|NoitUK_VGC has 30 seconds left.
|
|t:|1783852572
|move|p1b: Ninetales|Blizzard|p2a: Archaludon|[spread] 
|-miss|p1b: Ninetales|p2a: Archaludon
|-miss|p1b: Ninetales|p2b: Pelipper
|move|p1a: Raichu|Volt Switch|p2a: Archaludon
|-resisted|p2a: Archaludon|1
|-damage|p2a: Archaludon|74/100
|-ability|p2a: Archaludon|Stamina|boost
|-boost|p2a: Archaludon|def|1
|move|p2a: Archaludon|Electro Shot||[still]
|-prepare|p2a: Archaludon|Electro Shot
|-boost|p2a: Archaludon|spa|1
|-anim|p2a: Archaludon|Electro Shot|p1b: Ninetales
|-damage|p1b: Ninetales|0 fnt
|faint|p1b: Ninetales
|move|p2b: Pelipper|Tailwind|p2b: Pelipper
|-sidestart|p2: NoitUK_VGC|move: Tailwind
|
|-weather|RainDance|[upkeep]
|-heal|p2a: Archaludon|80/100|[from] item: Leftovers
|upkeep
|turn|7
|
|t:|1783852591
|move|p2a: Archaludon|Dragon Pulse|p1a: Raichu
|-damage|p1a: Raichu|0 fnt
|faint|p1a: Raichu
|
|win|NoitUK_VGC
||leilinoone is ready for game 2.
|l|☆leilinoone
|player|p1|
|inactive|NoitUK_VGC has 30 seconds to confirm battle start!
||NoitUK_VGC is ready for game 2.
|uhtml|next|Next: Game 2 of 3
