|j|☆Bay13
|j|☆ca beo for real
|html|Bay13ca beo for real    
|uhtml|bestof|Game 1 of a best-of-3
|t:|1783820543
|gametype|doubles
|player|p1|Bay13|101|1153
|player|p2|ca beo for real|nate|1051
|gen|9
|tier|[Gen 9 Champions] VGC 2026 Reg M-B (Bo3)
|rated|
|rule|Species Clause: Limit one of each Pokémon
|rule|Item Clause: Limit 1 of each item
|clearpoke
|poke|p1|Kingambit, L50, M|
|poke|p1|Garchomp, L50, M|
|poke|p1|Staraptor, L50, F|
|poke|p1|Emboar, L50, F|
|poke|p1|Farigiraf, L50, F|
|poke|p1|Whimsicott, L50, F|
|poke|p2|Sceptile, L50, M|
|poke|p2|Rotom-Heat, L50|
|poke|p2|Farigiraf, L50, M|
|poke|p2|Excadrill, L50, F|
|poke|p2|Tyranitar, L50, F|
|poke|p2|Tauros-Paldea-Aqua, L50, M|
|teampreview|4
|showteam|p1|Kingambit||ChopleBerry|Defiant|KowtowCleave,SuckerPunch,IronHead,Protect|Adamant||M|||50|]Garchomp||LifeOrb|RoughSkin|RockSlide,StompingTantrum,DragonClaw,Protect|Jolly||M|||50|]Staraptor||Staraptite|Intimidate|CloseCombat,BraveBird,Protect,Roost|Adamant||F|||50|]Emboar||Emboarite|Reckless|FlareBlitz,CloseCombat,HighHorsepower,Protect|Adamant||F|||50|]Farigiraf||SitrusBerry|ArmorTail|Psychic,Thunderbolt,TrickRoom,HelpingHand|Quiet||F|||50|]Whimsicott||FocusSash|Prankster|Moonblast,Charm,Tailwind,Encore|Bold||F|||50|
|showteam|p2|Sceptile||Sceptilite|Overgrow|Protect,GigaDrain,EarthPower,DragonPulse|Timid||M|||50|]Rotom-Heat||ChoiceScarf|Levitate|Overheat,Discharge,Electroweb,Trick|Naive|||||50|]Farigiraf||SitrusBerry|ArmorTail|AllySwitch,TrickRoom,TwinBeam,HelpingHand|Relaxed||M|||50|]Excadrill||FocusSash|SandRush|Protect,HighHorsepower,RockSlide,IronHead|Adamant||F|||50|]Tyranitar||Tyranitarite|SandStream|RockSlide,KnockOff,Protect,LowKick|Adamant||F|||50|]Tauros-Paldea-Aqua||WhiteHerb|Intimidate|RagingBull,CloseCombat,Protect,Trailblaze|Adamant||M|||50|
|inactive|Battle timer is ON: inactive players will automatically lose when time's up. (requested by Bay13)
|
|t:|1783820568
|teamsize|p1|4
|teamsize|p2|4
|start
|switch|p1a: Staraptor|Staraptor, L50, F|100/100
|switch|p1b: Whimsicott|Whimsicott, L50, F|100/100
|switch|p2a: Farigiraf|Farigiraf, L50, M|100/100
|switch|p2b: Tauros|Tauros-Paldea-Aqua, L50, M|100/100
|-ability|p1a: Staraptor|Intimidate|boost
|-unboost|p2a: Farigiraf|atk|1
|-unboost|p2b: Tauros|atk|1
|-ability|p2b: Tauros|Intimidate|boost
|-unboost|p1a: Staraptor|atk|1
|-unboost|p1b: Whimsicott|atk|1
|-enditem|p2b: Tauros|White Herb
|-clearnegativeboost|p2b: Tauros|[silent]
|turn|1
|
|t:|1783820585
|switch|p2b: Rotom|Rotom-Heat, L50|100/100
|detailschange|p1a: Staraptor|Staraptor-Mega, L50, F
|-mega|p1a: Staraptor|Staraptor|Staraptite
|move|p1b: Whimsicott|Charm|p1a: Staraptor
|-boost|p1a: Staraptor|atk|2
|move|p1a: Staraptor|Close Combat|p2a: Farigiraf
|-damage|p2a: Farigiraf|25/100
|-boost|p1a: Staraptor|def|1
|-boost|p1a: Staraptor|spd|1
|-enditem|p2a: Farigiraf|Sitrus Berry|[eat]
|-heal|p2a: Farigiraf|50/100g|[from] item: Sitrus Berry
|move|p2a: Farigiraf|Trick Room|p2a: Farigiraf
|-fieldstart|move: Trick Room|[of] p2a: Farigiraf
|
|upkeep
|turn|2
|inactive|ca beo for real has 30 seconds left.
|inactive|ca beo for real has 20 seconds left.
|inactive|ca beo for real has 15 seconds left.
|inactive|ca beo for real has 10 seconds left.
|
|t:|1783820630
|move|p1b: Whimsicott|Charm|p1a: Staraptor
|-boost|p1a: Staraptor|atk|2
|move|p2a: Farigiraf|Twin Beam|p1a: Staraptor
|-supereffective|p1a: Staraptor|1
|-damage|p1a: Staraptor|78/100
|-supereffective|p1a: Staraptor|1
|-damage|p1a: Staraptor|56/100
|-hitcount|p1a: Staraptor|2
|move|p1a: Staraptor|Close Combat|p2b: Rotom
|-damage|p2b: Rotom|0 fnt
|-boost|p1a: Staraptor|def|1
|-boost|p1a: Staraptor|spd|1
|faint|p2b: Rotom
|
|upkeep
|
|t:|1783820644
|switch|p2b: Tauros|Tauros-Paldea-Aqua, L50, M|100/100
|-ability|p2b: Tauros|Intimidate|boost
|-boost|p1a: Staraptor|atk|1
|-unboost|p1b: Whimsicott|atk|1
|turn|3
|
|t:|1783820655
|move|p1b: Whimsicott|Charm|p1a: Staraptor
|-boost|p1a: Staraptor|atk|2
|move|p2a: Farigiraf|Twin Beam|p1a: Staraptor
|-supereffective|p1a: Staraptor|1
|-damage|p1a: Staraptor|39/100
|-supereffective|p1a: Staraptor|1
|-damage|p1a: Staraptor|22/100
|-hitcount|p1a: Staraptor|2
|move|p2b: Tauros|Raging Bull|p1a: Staraptor
|-damage|p1a: Staraptor|0 fnt
|faint|p1a: Staraptor
|
|upkeep
|
|t:|1783820665
|switch|p1a: Emboar|Emboar, L50, F|100/100
|turn|4
|
|t:|1783820685
|move|p2a: Farigiraf|Ally Switch|p2a: Farigiraf
|swap|p2a: Farigiraf|1|[from] move: Ally Switch
|move|p1a: Emboar|Close Combat|p2b: Farigiraf
|-damage|p2b: Farigiraf|0 fnt
|-unboost|p1a: Emboar|def|1
|-unboost|p1a: Emboar|spd|1
|faint|p2b: Farigiraf
|move|p2a: Tauros|Raging Bull|p1a: Emboar
|-supereffective|p1a: Emboar|1
|-damage|p1a: Emboar|0 fnt
|faint|p1a: Emboar
|move|p1b: Whimsicott|Moonblast|p2a: Tauros
|-supereffective|p2a: Tauros|1
|-damage|p2a: Tauros|26/100
|
|upkeep
|
|t:|1783820694
|switch|p2b: Sceptile|Sceptile, L50, M|100/100
|switch|p1a: Garchomp|Garchomp, L50, M|100/100
|turn|5
|
|t:|1783820706
|move|p2a: Tauros|Protect|p2a: Tauros
|-singleturn|p2a: Tauros|Protect
|move|p2b: Sceptile|Protect|p2b: Sceptile
|-singleturn|p2b: Sceptile|Protect
|move|p1b: Whimsicott|Moonblast|p2b: Sceptile
|-activate|p2b: Sceptile|move: Protect
|move|p1a: Garchomp|Dragon Claw|p2b: Sceptile
|-activate|p2b: Sceptile|move: Protect
|
|-fieldend|move: Trick Room
|upkeep
|turn|6
|
|t:|1783820728
|detailschange|p2b: Sceptile|Sceptile-Mega, L50, M
|-mega|p2b: Sceptile|Sceptile|Sceptilite
|move|p2a: Tauros|Protect||[still]
|-fail|p2a: Tauros
|move|p1b: Whimsicott|Encore|p2b: Sceptile
|-start|p2b: Sceptile|Encore
|move|p2b: Sceptile|Protect|p2b: Sceptile
|-singleturn|p2b: Sceptile|Protect
|move|p1a: Garchomp|Dragon Claw|p2b: Sceptile
|-activate|p2b: Sceptile|move: Protect
|
|upkeep
|turn|7
|-message|ca beo for real forfeited.
|raw|Bay13's rating: 1153 → 1171(+18 for winning)
|raw|ca beo for real's rating: 1051 → 1038(-13 for losing)
|
|win|Bay13
|l|☆Bay13
|player|p1|
