|j|☆Auragap
|j|☆FilthyJonhy
|html|AuragapFilthyJonhy    
|uhtml|bestof|Game 2 of a best-of-3
|t:|1756913012
|gametype|doubles
|player|p1|Auragap|byron|1000
|player|p2|FilthyJonhy|birdkeeper|1057
|gen|9
|tier|[Gen 9] VGC 2025 Reg H (Bo3)
|rated|
|rule|Species Clause: Limit one of each Pokémon
|rule|Item Clause: Limit 1 of each item
|clearpoke
|poke|p1|Ursaluna, L50, M|
|poke|p1|Jumpluff, L50, F|
|poke|p1|Charizard, L50, M|
|poke|p1|Torkoal, L50, M|
|poke|p1|Incineroar, L50, M|
|poke|p1|Porygon2, L50|
|poke|p2|Primarina, L50, F|
|poke|p2|Farigiraf, L50, M|
|poke|p2|Pelipper, L50, M|
|poke|p2|Rillaboom, L50, M|
|poke|p2|Dragapult, L50, F|
|poke|p2|Archaludon, L50, M|
|teampreview|4
|showteam|p1|Ursaluna||FlameOrb|Guts|HeadlongRush,Facade,Earthquake,Protect|||M|||50|,,,,,Ghost]Jumpluff||CovertCloak|Chlorophyll|SleepPowder,SunnyDay,Tailwind,RagePowder|||F|||50|,,,,,Fire]Charizard||ChoiceSpecs|SolarPower|DragonPulse,HeatWave,Overheat,WeatherBall|||M|||50|,,,,,Ghost]Torkoal||EjectPack|Drought|ClearSmog,Eruption,Overheat,Protect|||M|||50|,,,,,Fire]Incineroar||SitrusBerry|Intimidate|FakeOut,FlareBlitz,KnockOff,PartingShot|||M|||50|,,,,,Ghost]Porygon2||Eviolite|Download|TeraBlast,IceBeam,Recover,TrickRoom||||||50|,,,,,Fighting
|showteam|p2|Primarina||ThroatSpray|LiquidVoice|HyperVoice,Moonblast,Haze,Protect|||F|||50|,,,,,Poison]Farigiraf||SafetyGoggles|ArmorTail|HelpingHand,Protect,PsychicNoise,TrickRoom|||M|||50|,,,,,Fairy]Pelipper||FocusSash|Drizzle|Tailwind,Hurricane,WideGuard,Uturn|||M|||50|,,,,,Grass]Rillaboom||BlackBelt|GrassySurge|FakeOut,GrassyGlide,Uturn,KnockOff|||M|||50|,,,,,Fire]Dragapult||LifeOrb|ClearBody|Uturn,DragonDarts,SuckerPunch,TeraBlast|||F|||50|,,,,,Ghost]Archaludon||AssaultVest|Stamina|BodyPress,ElectroShot,DarkPulse,DragonPulse|||M|||50|,,,,,Grass
|
|t:|1756913041
|teamsize|p1|4
|teamsize|p2|4
|start
|switch|p1a: Torkoal|Torkoal, L50, M|100/100
|switch|p1b: Charizard|Charizard, L50, M|100/100
|switch|p2a: Primarina|Primarina, L50, F|100/100
|switch|p2b: Pelipper|Pelipper, L50, M|100/100
|-weather|RainDance|[from] ability: Drizzle|[of] p2b: Pelipper
|-weather|SunnyDay|[from] ability: Drought|[of] p1a: Torkoal
|turn|1
|
|t:|1756913067
|move|p2b: Pelipper|Wide Guard|p2b: Pelipper
|-singleturn|p2b: Pelipper|Wide Guard
|move|p1b: Charizard|Weather Ball|p2b: Pelipper
|-resisted|p2b: Pelipper
|-enditem|p2b: Pelipper|Focus Sash
|-damage|p2b: Pelipper|1/100
|move|p2a: Primarina|Hyper Voice|p1a: Torkoal|[spread] p1a,p1b
|-supereffective|p1a: Torkoal
|-supereffective|p1b: Charizard
|-damage|p1a: Torkoal|55/100
|-damage|p1b: Charizard|56/100
|-enditem|p2a: Primarina|Throat Spray
|-boost|p2a: Primarina|spa|1|[from] item: Throat Spray
|move|p1a: Torkoal|Overheat|p2b: Pelipper
|-resisted|p2b: Pelipper
|-damage|p2b: Pelipper|0 fnt
|-unboost|p1a: Torkoal|spa|2
|faint|p2b: Pelipper
|-enditem|p1a: Torkoal|Eject Pack
|
|t:|1756913074
|switch|p1a: Jumpluff|Jumpluff, L50, F|100/100
|
|-weather|SunnyDay|[upkeep]
|-damage|p1b: Charizard|44/100|[from] ability: Solar Power|[of] p1b: Charizard
|upkeep
|
|t:|1756913088
|switch|p2b: Farigiraf|Farigiraf, L50, M, shiny|100/100
|turn|2
|l|☆Auragap
|player|p1|
|j|☆Auragap
|player|p1|Auragap|byron|
|
|t:|1756913112
|move|p2b: Farigiraf|Helping Hand|p2a: Primarina
|-singleturn|p2a: Primarina|Helping Hand|[of] p2b: Farigiraf
|move|p1a: Jumpluff|Sleep Powder|p2a: Primarina
|-status|p2a: Primarina|slp|[from] move: Sleep Powder
|move|p1b: Charizard|Weather Ball|p2b: Farigiraf
|-damage|p2b: Farigiraf|0 fnt
|faint|p2b: Farigiraf
|cant|p2a: Primarina|slp
|
|-weather|SunnyDay|[upkeep]
|-damage|p1b: Charizard|31/100|[from] ability: Solar Power|[of] p1b: Charizard
|upkeep
|
|t:|1756913124
|switch|p2b: Archaludon|Archaludon, L50, M|100/100
|turn|3
|
|t:|1756913137
|move|p1a: Jumpluff|Rage Powder|p1a: Jumpluff
|-singleturn|p1a: Jumpluff|move: Rage Powder
|move|p1b: Charizard|Weather Ball|p2b: Archaludon
|-damage|p2b: Archaludon|0 fnt
|faint|p2b: Archaludon
|cant|p2a: Primarina|slp
|
|-weather|SunnyDay|[upkeep]
|-damage|p1b: Charizard|19/100|[from] ability: Solar Power|[of] p1b: Charizard
|upkeep
|turn|4
|
|t:|1756913154
|move|p1a: Jumpluff|Tailwind|p1a: Jumpluff
|-sidestart|p1: Auragap|move: Tailwind
|move|p1b: Charizard|Weather Ball|p2a: Primarina
|-resisted|p2a: Primarina
|-damage|p2a: Primarina|39/100 slp
|cant|p2a: Primarina|slp
|
|-weather|SunnyDay|[upkeep]
|-damage|p1b: Charizard|6/100|[from] ability: Solar Power|[of] p1b: Charizard
|upkeep
|turn|5
|
|t:|1756913164
|-curestatus|p2a: Primarina|slp|[msg]
|move|p2a: Primarina|Protect|p2a: Primarina
|-singleturn|p2a: Primarina|Protect
|move|p1a: Jumpluff|Rage Powder|p1a: Jumpluff
|-singleturn|p1a: Jumpluff|move: Rage Powder
|move|p1b: Charizard|Weather Ball|p2a: Primarina
|-activate|p2a: Primarina|move: Protect
|
|-weather|none
|upkeep
|turn|6
|
|t:|1756913176
|switch|p1a: Torkoal|Torkoal, L50, M|55/100
|-weather|SunnyDay|[from] ability: Drought|[of] p1a: Torkoal
|move|p1b: Charizard|Weather Ball|p2a: Primarina
|-resisted|p2a: Primarina
|-damage|p2a: Primarina|0 fnt
|faint|p2a: Primarina
|
|win|Auragap
||FilthyJonhy is ready for game 3.
|inactive|Auragap has 30 seconds to confirm battle start!
