|j|☆deltazero21
|j|☆andiom123
|html|deltazero21andiom123    
|uhtml|bestof|Game 3 of a best-of-3
|t:|1783299133
|gametype|doubles
|player|p1|deltazero21|ash-sinnoh|1245
|player|p2|andiom123|red|1153
|gen|9
|tier|[Gen 9 Champions] VGC 2026 Reg M-B (Bo3)
|rated|
|rule|Species Clause: Limit one of each Pokémon
|rule|Item Clause: Limit 1 of each item
|clearpoke
|poke|p1|Staraptor, L50, F|
|poke|p1|Whimsicott, L50, F|
|poke|p1|Gholdengo, L50|
|poke|p1|Rotom-Wash, L50|
|poke|p1|Garchomp, L50, M|
|poke|p1|Charizard, L50, M|
|poke|p2|Incineroar, L50, F|
|poke|p2|Farigiraf, L50, F|
|poke|p2|Sylveon, L50, M|
|poke|p2|Torkoal, L50, M|
|poke|p2|Kangaskhan, L50, F|
|poke|p2|Mawile, L50, F|
|teampreview|4
|showteam|p1|Staraptor||Staraptite|Intimidate|CloseCombat,BraveBird,Roost,Protect|Jolly||F|||50|]Whimsicott||FocusSash|Prankster|Tailwind,Moonblast,Charm,Encore|Modest||F|||50|]Gholdengo||MetalCoat|GoodasGold|MakeItRain,ShadowBall,NastyPlot,Protect|Modest|||||50|]Rotom-Wash||SitrusBerry|Levitate|Protect,WillOWisp,VoltSwitch,HydroPump|Calm|||||50|]Garchomp||LifeOrb|RoughSkin|Earthquake,DragonClaw,RockSlide,Protect|Jolly||M|||50|]Charizard||CharizarditeY|Blaze|Protect,HeatWave,SolarBeam,WeatherBall|Timid||M|||50|
|showteam|p2|Incineroar||MuscleBand|Intimidate|ThroatChop,FlareBlitz,FakeOut,PartingShot|Brave||F|||50|]Farigiraf||SitrusBerry|ArmorTail|FoulPlay,PsychicNoise,TrickRoom,HelpingHand|Relaxed||F|||50|]Sylveon||LifeOrb|Pixilate|HyperVoice,HyperBeam,QuickAttack,Detect|Modest||M|||50|]Torkoal||Charcoal|Drought|Eruption,EarthPower,Flamethrower,Protect|Quiet||M|||50|]Kangaskhan||Kangaskhanite|Scrappy|DoubleEdge,FakeOut,IcePunch,HammerArm|Brave||F|||50|]Mawile||Mawilite|HyperCutter|RockSlide,PlayRough,SuckerPunch,Protect|Brave||F|||50|
|
|t:|1783299151
|teamsize|p1|4
|teamsize|p2|4
|start
|switch|p1a: Gholdengo|Gholdengo, L50|100/100
|switch|p1b: Rotom|Rotom-Wash, L50|100/100
|switch|p2a: Farigiraf|Farigiraf, L50, F|100/100
|switch|p2b: Kangaskhan|Kangaskhan, L50, F|100/100
|turn|1
|inactive|Battle timer is ON: inactive players will automatically lose when time's up. (requested by deltazero21)
|
|t:|1783299175
|move|p2b: Kangaskhan|Fake Out|p1a: Gholdengo
|-resisted|p1a: Gholdengo|1
|-damage|p1a: Gholdengo|90/100
|cant|p1a: Gholdengo|flinch
|move|p1b: Rotom|Will-O-Wisp|p2b: Kangaskhan
|-status|p2b: Kangaskhan|brn
|move|p2a: Farigiraf|Trick Room|p2a: Farigiraf
|-fieldstart|move: Trick Room|[of] p2a: Farigiraf
|
|-damage|p2b: Kangaskhan|93/100 brn|[from] brn
|upkeep
|turn|2
|
|t:|1783299194
|switch|p2a: Torkoal|Torkoal, L50, M|100/100
|-weather|SunnyDay|[from] ability: Drought|[of] p2a: Torkoal
|move|p2b: Kangaskhan|Hammer Arm|p1a: Gholdengo
|-supereffective|p1a: Gholdengo|1
|-crit|p1a: Gholdengo
|-damage|p1a: Gholdengo|40/100
|-unboost|p2b: Kangaskhan|spe|1
|move|p1b: Rotom|Will-O-Wisp|p2a: Torkoal
|-immune|p2a: Torkoal
|move|p1a: Gholdengo|Nasty Plot|p1a: Gholdengo
|-boost|p1a: Gholdengo|spa|2
|
|-weather|SunnyDay|[upkeep]
|-damage|p2b: Kangaskhan|87/100 brn|[from] brn
|upkeep
|turn|3
|
|t:|1783299213
|detailschange|p2b: Kangaskhan|Kangaskhan-Mega, L50, F
|-mega|p2b: Kangaskhan|Kangaskhan|Kangaskhanite
|move|p1a: Gholdengo|Protect|p1a: Gholdengo
|-singleturn|p1a: Gholdengo|Protect
|move|p2a: Torkoal|Eruption|p1a: Gholdengo|[spread] p1b
|-activate|p1a: Gholdengo|move: Protect
|-resisted|p1b: Rotom|1
|-damage|p1b: Rotom|66/100
|move|p2b: Kangaskhan|Double-Edge|p1b: Rotom
|-damage|p1b: Rotom|29/100
|-enditem|p1b: Rotom|Sitrus Berry|[eat]
|-heal|p1b: Rotom|54/100|[from] item: Sitrus Berry
|-damage|p1b: Rotom|46/100
|-hitcount|p1b: Rotom|2
|-damage|p2b: Kangaskhan|76/100 brn|[from] Recoil
|move|p1b: Rotom|Volt Switch|p2a: Torkoal
|-damage|p2a: Torkoal|65/100
|
|t:|1783299229
|switch|p1b: Garchomp|Garchomp, L50, M|100/100|[from] Volt Switch
|
|-weather|SunnyDay|[upkeep]
|-damage|p2b: Kangaskhan|70/100 brn|[from] brn
|upkeep
|turn|4
|
|t:|1783299237
|switch|p1a: Rotom|Rotom-Wash, L50|46/100
|move|p2a: Torkoal|Eruption|p1a: Rotom|[spread] p1a,p1b
|-resisted|p1a: Rotom|1
|-resisted|p1b: Garchomp|1
|-damage|p1a: Rotom|24/100
|-damage|p1b: Garchomp|69/100
|move|p2b: Kangaskhan|Ice Punch|p1b: Garchomp
|-supereffective|p1b: Garchomp|2
|-damage|p1b: Garchomp|8/100
|-damage|p2b: Kangaskhan|58/100 brn|[from] ability: Rough Skin|[of] p1b: Garchomp
|-supereffective|p1b: Garchomp|2
|-damage|p1b: Garchomp|0 fnt
|-damage|p2b: Kangaskhan|46/100 brn|[from] ability: Rough Skin|[of] p1b: Garchomp
|faint|p1b: Garchomp
|-hitcount|p1: Garchomp|2
|
|-weather|SunnyDay|[upkeep]
|-damage|p2b: Kangaskhan|40/100 brn|[from] brn
|upkeep
|
|t:|1783299255
|switch|p1b: Staraptor|Staraptor, L50, F|100/100
|-ability|p1b: Staraptor|Intimidate|boost
|-unboost|p2a: Torkoal|atk|1
|-unboost|p2b: Kangaskhan|atk|1
|turn|5
|
|t:|1783299264
|switch|p2a: Farigiraf|Farigiraf, L50, F|100/100
|move|p1a: Rotom|Protect|p1a: Rotom
|-singleturn|p1a: Rotom|Protect
|move|p1b: Staraptor|Protect|p1b: Staraptor
|-singleturn|p1b: Staraptor|Protect
|move|p2b: Kangaskhan|Double-Edge|p1a: Rotom
|-activate|p1a: Rotom|move: Protect
|
|-weather|SunnyDay|[upkeep]
|-damage|p2b: Kangaskhan|33/100 brn|[from] brn
|-fieldend|move: Trick Room
|upkeep
|turn|6
|
|t:|1783299279
|detailschange|p1b: Staraptor|Staraptor-Mega, L50, F
|-mega|p1b: Staraptor|Staraptor|Staraptite
|move|p1b: Staraptor|Close Combat|p2b: Kangaskhan
|-supereffective|p2b: Kangaskhan|1
|-damage|p2b: Kangaskhan|0 fnt
|-boost|p1b: Staraptor|def|1
|-boost|p1b: Staraptor|spd|1
|faint|p2b: Kangaskhan
|move|p1a: Rotom|Volt Switch|p2a: Farigiraf
|-damage|p2a: Farigiraf|77/100
|
|t:|1783299283
|switch|p1a: Gholdengo|Gholdengo, L50|40/100|[from] Volt Switch
|move|p2a: Farigiraf|Trick Room|p2a: Farigiraf
|-fieldstart|move: Trick Room|[of] p2a: Farigiraf
|
|-weather|none
|upkeep
|
|t:|1783299293
|switch|p2b: Torkoal|Torkoal, L50, M|65/100
|-weather|SunnyDay|[from] ability: Drought|[of] p2b: Torkoal
|turn|7
|
|t:|1783299301
|move|p2a: Farigiraf|Helping Hand|p2b: Torkoal
|-singleturn|p2b: Torkoal|Helping Hand|[of] p2a: Farigiraf
|move|p1a: Gholdengo|Protect|p1a: Gholdengo
|-singleturn|p1a: Gholdengo|Protect
|move|p2b: Torkoal|Eruption|p1a: Gholdengo|[spread] p1b
|-activate|p1a: Gholdengo|move: Protect
|-damage|p1b: Staraptor|27/100
|move|p1b: Staraptor|Close Combat|p2b: Torkoal
|-damage|p2b: Torkoal|14/100
|-boost|p1b: Staraptor|def|1
|-boost|p1b: Staraptor|spd|1
|
|-weather|SunnyDay|[upkeep]
|upkeep
|turn|8
|
|t:|1783299319
|move|p1b: Staraptor|Protect|p1b: Staraptor
|-singleturn|p1b: Staraptor|Protect
|move|p2b: Torkoal|Flamethrower|p1a: Gholdengo
|-supereffective|p1a: Gholdengo|1
|-damage|p1a: Gholdengo|0 fnt
|faint|p1a: Gholdengo
|move|p2a: Farigiraf|Psychic Noise|p1b: Staraptor
|-activate|p1b: Staraptor|move: Protect
|
|-weather|SunnyDay|[upkeep]
|upkeep
|
|t:|1783299324
|switch|p1a: Rotom|Rotom-Wash, L50|24/100
|turn|9
|
|t:|1783299335
|move|p2b: Torkoal|Flamethrower|p1a: Rotom
|-resisted|p1a: Rotom|1
|-damage|p1a: Rotom|0 fnt
|faint|p1a: Rotom
|move|p2a: Farigiraf|Psychic Noise|p1b: Staraptor
|-supereffective|p1b: Staraptor|1
|-damage|p1b: Staraptor|0 fnt
|faint|p1b: Staraptor
|
|win|andiom123
|raw|deltazero21's rating: 1245 → 1214(-31 for losing)
|raw|andiom123's rating: 1153 → 1184(+31 for winning)
|l|☆deltazero21
|player|p1|
