|j|☆zanfire73
|j|☆MomijiTheTengu
|html|zanfire73MomijiTheTengu    
|uhtml|bestof|Game 2 of a best-of-3
|t:|1785959232
|gametype|doubles
|player|p1|zanfire73|steven|
|player|p2|MomijiTheTengu|iris-gen5bw2|
|gen|9
|tier|[Gen 9 Champions] VGC 2026 Reg M-B (Bo3)
|rule|Species Clause: Limit one of each Pokémon
|rule|Item Clause: Limit 1 of each item
|clearpoke
|poke|p1|Cofagrigus, L50, M|
|poke|p1|Incineroar, L50, M|
|poke|p1|Sylveon, L50, F|
|poke|p1|Camerupt, L50, M|
|poke|p1|Araquanid, L50, F|
|poke|p1|Dragalge, L50, M|
|poke|p2|Staraptor, L50, M, shiny|
|poke|p2|Whimsicott, L50, F, shiny|
|poke|p2|Lopunny, L50, F, shiny|
|poke|p2|Farigiraf, L50, F, shiny|
|poke|p2|Sinistcha-Masterpiece, L50|
|poke|p2|Tinkaton, L50, F|
|teampreview|4
|showteam|p1|Cofagrigus||Leftovers|Mummy|BodyPress,WillOWisp,TrickRoom,Disable|Relaxed||M|||50|]Incineroar||ChopleBerry|Intimidate|FakeOut,PartingShot,DarkestLariat,FlareBlitz|Impish||M|||50|]Sylveon||FairyFeather|Pixilate|MysticalFire,HyperBeam,HyperVoice,Detect|Modest||F|||50|]Camerupt||Cameruptite|SolidRock|EarthPower,Eruption,HeatWave,Protect|Quiet||M|||50|]Araquanid||LifeOrb|WaterBubble|LeechLife,WideGuard,Liquidation,Protect|Adamant||F|||50|]Dragalge||ExpertBelt|Adaptability|DragonPulse,SludgeBomb,AcidSpray,Protect|Quiet||M|||50|
|showteam|p2|Staraptor||Staraptite|Intimidate|CloseCombat,Protect,Roost,BlazeKick|Jolly||M|||50|]Whimsicott||FocusSash|Prankster|Moonblast,Tailwind,Charm,HelpingHand|Timid||F|||50|]Lopunny||Lopunnite|CuteCharm|FakeOut,CloseCombat,Protect,TripleAxel|Jolly||F|||50|]Farigiraf||SitrusBerry|ArmorTail|Psychic,HelpingHand,Protect,AllySwitch|Bold||F|||50|]Sinistcha-Masterpiece||Leftovers|Hospitality|MatchaGotcha,Protect,LifeDew,RagePowder|Modest|||||50|]Tinkaton||MetalCoat|MoldBreaker|GigatonHammer,BabyDollEyes,ThunderWave,FakeOut|Adamant||F|||50|
|j| reifard
|j| Raspree
|c| Raspree|Potete cominciare. Buona fortuna
|
|t:|1785959334
|teamsize|p1|4
|teamsize|p2|4
|start
|switch|p1a: TheGoat|Cofagrigus, L50, M|100/100
|switch|p1b: TheCat|Incineroar, L50, M|100/100
|switch|p2a: Giraraig|Farigiraf, L50, F, shiny|100/100
|switch|p2b: Lopunny|Lopunny, L50, F, shiny|100/100
|-ability|p1b: TheCat|Intimidate|boost
|-unboost|p2a: Giraraig|atk|1
|-unboost|p2b: Lopunny|atk|1
|turn|1
|
|t:|1785959363
|move|p2a: Giraraig|Helping Hand|p2b: Lopunny
|-singleturn|p2b: Lopunny|Helping Hand|[of] p2a: Giraraig
|move|p2b: Lopunny|Fake Out|p1b: TheCat
|-damage|p1b: TheCat|89/100
|cant|p1b: TheCat|flinch
|move|p1a: TheGoat|Trick Room|p1a: TheGoat
|-fieldstart|move: Trick Room|[of] p1a: TheGoat
|
|upkeep
|turn|2
|
|t:|1785959385
|move|p2b: Lopunny|Protect|p2b: Lopunny
|-singleturn|p2b: Lopunny|Protect
|move|p1a: TheGoat|Will-O-Wisp|p2b: Lopunny
|-activate|p2b: Lopunny|move: Protect
|move|p2a: Giraraig|Psychic|p1a: TheGoat
|-damage|p1a: TheGoat|70/100
|move|p1b: TheCat|Darkest Lariat|p2a: Giraraig
|-supereffective|p2a: Giraraig|1
|-damage|p2a: Giraraig|49/100
|-enditem|p2a: Giraraig|Sitrus Berry|[eat]
|-heal|p2a: Giraraig|74/100|[from] item: Sitrus Berry
|
|-heal|p1a: TheGoat|76/100|[from] item: Leftovers
|upkeep
|turn|3
|
|t:|1785959416
|move|p2a: Giraraig|Protect|p2a: Giraraig
|-singleturn|p2a: Giraraig|Protect
|move|p1a: TheGoat|Body Press|p2b: Lopunny
|-supereffective|p2b: Lopunny|1
|-damage|p2b: Lopunny|9/100
|-start|p1a: TheGoat|Attract|[from] ability: Cute Charm|[of] p2b: Lopunny
|move|p1b: TheCat|Flare Blitz|p2b: Lopunny
|-damage|p2b: Lopunny|0 fnt
|-start|p1b: TheCat|Attract|[from] ability: Cute Charm|[of] p2b: Lopunny
|faint|p2b: Lopunny
|-damage|p1b: TheCat|87/100|[from] Recoil
|-end|p1a: TheGoat|Attract|[silent]
|-end|p1b: TheCat|Attract|[silent]
|
|-heal|p1a: TheGoat|82/100|[from] item: Leftovers
|upkeep
|
|t:|1785959436
|switch|p2b: Tinkaton|Tinkaton, L50, F|100/100
|-ability|p2b: Tinkaton|Mold Breaker
|turn|4
|
|t:|1785959450
|move|p2a: Giraraig|Helping Hand|p2b: Tinkaton
|-singleturn|p2b: Tinkaton|Helping Hand|[of] p2a: Giraraig
|move|p1a: TheGoat|Will-O-Wisp|p2b: Tinkaton
|-status|p2b: Tinkaton|brn
|move|p1b: TheCat|Parting Shot|p2b: Tinkaton
|-unboost|p2b: Tinkaton|atk|1
|-unboost|p2b: Tinkaton|spa|1
|
|t:|1785959458
|switch|p1b: TheCow|Camerupt, L50, M|100/100|[from] Parting Shot
|move|p2b: Tinkaton|Gigaton Hammer|p1a: TheGoat
|-damage|p1a: TheGoat|60/100
|
|-heal|p1a: TheGoat|66/100|[from] item: Leftovers
|-damage|p2b: Tinkaton|93/100 brn|[from] brn
|upkeep
|turn|5
|
|t:|1785959478
|detailschange|p1b: TheCow|Camerupt-Mega, L50, M
|-mega|p1b: TheCow|Camerupt|Cameruptite
|move|p2a: Giraraig|Protect|p2a: Giraraig
|-singleturn|p2a: Giraraig|Protect
|move|p2b: Tinkaton|Baby-Doll Eyes|p1a: TheGoat
|-unboost|p1a: TheGoat|atk|1
|move|p1b: TheCow|Eruption|p2b: Tinkaton|[spread] p2b
|-activate|p2a: Giraraig|move: Protect
|-supereffective|p2b: Tinkaton|1
|-damage|p2b: Tinkaton|0 fnt
|faint|p2b: Tinkaton
|move|p1a: TheGoat|Body Press|p2a: Giraraig
|-activate|p2a: Giraraig|move: Protect
|
|-heal|p1a: TheGoat|72/100|[from] item: Leftovers
|-fieldend|move: Trick Room
|upkeep
|
|t:|1785959493
|switch|p2b: Staraptor|Staraptor, L50, M, shiny|100/100
|-ability|p2b: Staraptor|Intimidate|boost
|-unboost|p1a: TheGoat|atk|1
|-unboost|p1b: TheCow|atk|1
|turn|6
|
|t:|1785959507
|detailschange|p2b: Staraptor|Staraptor-Mega, L50, M, shiny
|-mega|p2b: Staraptor|Staraptor|Staraptite
|move|p2a: Giraraig|Helping Hand|p2b: Staraptor
|-singleturn|p2b: Staraptor|Helping Hand|[of] p2a: Giraraig
|move|p1b: TheCow|Protect|p1b: TheCow
|-singleturn|p1b: TheCow|Protect
|move|p2b: Staraptor|Close Combat|p1b: TheCow
|-activate|p1b: TheCow|move: Protect
|move|p1a: TheGoat|Trick Room|p1a: TheGoat
|-fieldstart|move: Trick Room|[of] p1a: TheGoat
|
|-heal|p1a: TheGoat|78/100|[from] item: Leftovers
|upkeep
|turn|7
|
|t:|1785959526
|move|p2a: Giraraig|Protect|p2a: Giraraig
|-singleturn|p2a: Giraraig|Protect
|move|p2b: Staraptor|Protect|p2b: Staraptor
|-singleturn|p2b: Staraptor|Protect
|move|p1b: TheCow|Eruption|p2b: Staraptor|[spread] 
|-activate|p2a: Giraraig|move: Protect
|-activate|p2b: Staraptor|move: Protect
|move|p1a: TheGoat|Will-O-Wisp|p2b: Staraptor
|-activate|p2b: Staraptor|move: Protect
|
|-heal|p1a: TheGoat|84/100|[from] item: Leftovers
|upkeep
|turn|8
|
|t:|1785959548
|move|p2a: Giraraig|Ally Switch|p2a: Giraraig
|swap|p2a: Giraraig|1|[from] move: Ally Switch
|move|p1b: TheCow|Eruption|p2b: Giraraig|[spread] p2a,p2b
|-damage|p2a: Staraptor|22/100
|-damage|p2b: Giraraig|10/100
|move|p1a: TheGoat|Will-O-Wisp|p2b: Giraraig
|-status|p2b: Giraraig|brn
|move|p2a: Staraptor|Blaze Kick|p1a: TheGoat
|-damage|p1a: TheGoat|63/100
|-activate|p1a: TheGoat|ability: Mummy|p2a: Staraptor|[ability] Contrary
|
|-heal|p1a: TheGoat|69/100|[from] item: Leftovers
|-damage|p2b: Giraraig|4/100 brn|[from] brn
|upkeep
|turn|9
|
|t:|1785959565
|move|p2b: Giraraig|Protect|p2b: Giraraig
|-singleturn|p2b: Giraraig|Protect
|move|p2a: Staraptor|Protect|p2a: Staraptor
|-singleturn|p2a: Staraptor|Protect
|move|p1b: TheCow|Eruption|p2b: Giraraig|[spread] 
|-activate|p2a: Staraptor|move: Protect
|-activate|p2b: Giraraig|move: Protect
|move|p1a: TheGoat|Body Press|p2a: Staraptor
|-activate|p2a: Staraptor|move: Protect
|
|-heal|p1a: TheGoat|75/100|[from] item: Leftovers
|-damage|p2b: Giraraig|0 fnt|[from] brn
|faint|p2b: Giraraig
|upkeep
|turn|10
|
|t:|1785959581
|move|p1b: TheCow|Eruption|p2a: Staraptor
|-damage|p2a: Staraptor|0 fnt
|faint|p2a: Staraptor
|
|win|zanfire73
