|j|☆vglabmty
|j|☆fergalhopper
|html|vglabmtyfergalhopper    
|uhtml|bestof|Game 2 of a best-of-3
|t:|1784757417
|gametype|doubles
|player|p1|vglabmty|101|1120
|player|p2|fergalhopper|1|1043
|gen|9
|tier|[Gen 9 Champions] VGC 2026 Reg M-B (Bo3)
|rated|
|rule|Species Clause: Limit one of each Pokémon
|rule|Item Clause: Limit 1 of each item
|clearpoke
|poke|p1|Clefable, L50, F|
|poke|p1|Farigiraf, L50, M|
|poke|p1|Tyranitar, L50, M|
|poke|p1|Houndstone, L50, F|
|poke|p1|Sneasler, L50, F|
|poke|p1|Aurorus, L50, F|
|poke|p2|Blaziken, L50, M|
|poke|p2|Whimsicott, L50, F|
|poke|p2|Maushold-Four, L50|
|poke|p2|Gholdengo, L50|
|poke|p2|Tsareena, L50, F|
|poke|p2|Annihilape, L50, F|
|teampreview|4
|showteam|p1|Clefable||Leftovers|MagicGuard|Protect,FollowMe,LifeDew,DazzlingGleam|Calm||F|||50|]Farigiraf||SitrusBerry|ArmorTail|HelpingHand,Thunderbolt,TwinBeam,TrickRoom|Relaxed||M|||50|]Tyranitar||Tyranitarite|SandStream|DragonDance,KnockOff,RockSlide,Protect|Adamant||M|||50|]Houndstone||SpellTag|SandRush|LastRespects,PhantomForce,WillOWisp,Protect|Adamant||F|||50|]Sneasler||WhiteHerb|Unburden|FakeOut,DireClaw,CloseCombat,NightSlash|Adamant||F|||50|]Aurorus||LifeOrb|Refrigerate|HyperVoice,EarthPower,HyperBeam,Protect|Quiet||F|||50|
|showteam|p2|Blaziken||Blazikenite|SpeedBoost|FlareBlitz,CloseCombat,RockSlide,Protect|Adamant||M|||50|]Whimsicott||FocusSash|Prankster|Moonblast,Tailwind,Charm,Protect|Timid||F|||50|]Maushold-Four||WideLens|Technician|Protect,PopulationBomb,FollowMe,Feint|Adamant|||||50|]Gholdengo||LifeOrb|GoodasGold|MakeItRain,ShadowBall,NastyPlot,Protect|Modest|||||50|]Tsareena||LightClay|QueenlyMajesty|TropKick,LightScreen,Reflect,Taunt|Careful||F|||50|]Annihilape||SitrusBerry|Defiant|PhantomForce,CloseCombat,RockTomb,Protect|Adamant||F|||50|
|
|t:|1784757459
|teamsize|p1|4
|teamsize|p2|4
|start
|switch|p1a: Farigiraf|Farigiraf, L50, M|100/100
|switch|p1b: Sneasler|Sneasler, L50, F|100/100
|switch|p2a: Gholdengo|Gholdengo, L50|100/100
|switch|p2b: Annihilape|Annihilape, L50, F|100/100
|turn|1
|inactive|Battle timer is ON: inactive players will automatically lose when time's up. (requested by fergalhopper)
|
|t:|1784757536
|move|p2a: Gholdengo|Protect|p2a: Gholdengo
|-singleturn|p2a: Gholdengo|Protect
|move|p1b: Sneasler|Night Slash|p2b: Annihilape
|-crit|p2b: Annihilape
|-damage|p2b: Annihilape|63/100
|move|p2b: Annihilape|Close Combat|p1a: Farigiraf
|-damage|p1a: Farigiraf|55/100
|-unboost|p2b: Annihilape|def|1
|-unboost|p2b: Annihilape|spd|1
|move|p1a: Farigiraf|Twin Beam|p2b: Annihilape
|-supereffective|p2b: Annihilape|1
|-damage|p2b: Annihilape|23/100
|-enditem|p2b: Annihilape|Sitrus Berry|[eat]
|-heal|p2b: Annihilape|48/100|[from] item: Sitrus Berry
|-supereffective|p2b: Annihilape|1
|-damage|p2b: Annihilape|6/100
|-hitcount|p2b: Annihilape|2
|
|upkeep
|turn|2
|inactive|vglabmty has 30 seconds left.
|inactive|fergalhopper has 30 seconds left.
|inactive|vglabmty has 20 seconds left.
|inactive|fergalhopper has 20 seconds left.
|inactive|vglabmty has 15 seconds left.
|inactive|fergalhopper has 15 seconds left.
|inactive|vglabmty has 10 seconds left.
|inactive|vglabmty has 5 seconds left.
|
|t:|1784757591
|move|p1a: Farigiraf|Helping Hand|p1b: Sneasler
|-singleturn|p1b: Sneasler|Helping Hand|[of] p1a: Farigiraf
|move|p2b: Annihilape|Protect|p2b: Annihilape
|-singleturn|p2b: Annihilape|Protect
|move|p1b: Sneasler|Dire Claw|p2a: Gholdengo
|-immune|p2a: Gholdengo
|move|p2a: Gholdengo|Make It Rain|p1b: Sneasler|[spread] p1a,p1b
|-damage|p1a: Farigiraf|3/100
|-damage|p1b: Sneasler|22/100
|-unboost|p2a: Gholdengo|spa|2
|-enditem|p1a: Farigiraf|Sitrus Berry|[eat]
|-heal|p1a: Farigiraf|28/100|[from] item: Sitrus Berry
|-damage|p2a: Gholdengo|90/100|[from] item: Life Orb
|
|upkeep
|turn|3
|inactive|vglabmty has 30 seconds left.
|inactive|fergalhopper has 30 seconds left.
|inactive|fergalhopper has 20 seconds left.
|inactive|fergalhopper has 15 seconds left.
|
|t:|1784757634
|move|p1a: Farigiraf|Helping Hand|p1b: Sneasler
|-singleturn|p1b: Sneasler|Helping Hand|[of] p1a: Farigiraf
|move|p1b: Sneasler|Night Slash|p2a: Gholdengo
|-supereffective|p2a: Gholdengo|1
|-damage|p2a: Gholdengo|21/100
|move|p2a: Gholdengo|Make It Rain|p1b: Sneasler|[spread] p1a,p1b
|-damage|p1a: Farigiraf|1/100
|-damage|p1b: Sneasler|0 fnt
|-unboost|p2a: Gholdengo|spa|2
|faint|p1b: Sneasler
|-damage|p2a: Gholdengo|12/100|[from] item: Life Orb
|move|p2b: Annihilape|Close Combat|p1a: Farigiraf
|-damage|p1a: Farigiraf|0 fnt
|-unboost|p2b: Annihilape|def|1
|-unboost|p2b: Annihilape|spd|1
|faint|p1a: Farigiraf
|
|upkeep
|
|t:|1784757657
|switch|p1b: Aurorus|Aurorus, L50, F|100/100
|switch|p1a: Tyranitar|Tyranitar, L50, M|100/100
|-weather|Sandstorm|[from] ability: Sand Stream|[of] p1a: Tyranitar
|turn|4
|inactive|fergalhopper has 30 seconds left.
|
|t:|1784757690
|move|p1a: Tyranitar|Protect|p1a: Tyranitar
|-singleturn|p1a: Tyranitar|Protect
|move|p1b: Aurorus|Protect|p1b: Aurorus
|-singleturn|p1b: Aurorus|Protect
|move|p2a: Gholdengo|Make It Rain|p1a: Tyranitar|[spread] 
|-activate|p1a: Tyranitar|move: Protect
|-activate|p1b: Aurorus|move: Protect
|move|p2b: Annihilape|Close Combat|p1a: Tyranitar
|-activate|p1a: Tyranitar|move: Protect
|
|-weather|Sandstorm|[upkeep]
|-damage|p2b: Annihilape|1/100|[from] Sandstorm
|upkeep
|turn|5
|inactive|vglabmty has 30 seconds left.
|
|t:|1784757721
|detailschange|p1a: Tyranitar|Tyranitar-Mega, L50, M
|-mega|p1a: Tyranitar|Tyranitar|Tyranitarite
|move|p1a: Tyranitar|Dragon Dance|p1a: Tyranitar
|-boost|p1a: Tyranitar|atk|1
|-boost|p1a: Tyranitar|spe|1
|move|p2a: Gholdengo|Make It Rain|p1b: Aurorus|[spread] p1a,p1b
|-supereffective|p1a: Tyranitar|1
|-supereffective|p1b: Aurorus|2
|-damage|p1a: Tyranitar|76/100
|-damage|p1b: Aurorus|59/100
|-unboost|p2a: Gholdengo|spa|2
|-damage|p2a: Gholdengo|2/100|[from] item: Life Orb
|move|p2b: Annihilape|Close Combat|p1a: Tyranitar
|-supereffective|p1a: Tyranitar|2
|-damage|p1a: Tyranitar|0 fnt
|-unboost|p2b: Annihilape|def|1
|-unboost|p2b: Annihilape|spd|1
|faint|p1a: Tyranitar
|move|p1b: Aurorus|Hyper Voice|p2a: Gholdengo|[spread] p2a,p2b
|-resisted|p2a: Gholdengo|1
|-damage|p2a: Gholdengo|0 fnt
|-damage|p2b: Annihilape|0 fnt
|faint|p2a: Gholdengo
|faint|p2b: Annihilape
|-damage|p1b: Aurorus|49/100|[from] item: Life Orb
|
|-weather|Sandstorm|[upkeep]
|upkeep
|
|t:|1784757742
|switch|p2a: Blaziken|Blaziken, L50, M|100/100
|switch|p2b: Whimsicott|Whimsicott, L50, F|100/100
|turn|6
|inactive|vglabmty has 30 seconds left.
|inactive|vglabmty has 20 seconds left.
|inactive|vglabmty has 15 seconds left.
|inactive|vglabmty has 10 seconds left.
|
|t:|1784757791
|detailschange|p2a: Blaziken|Blaziken-Mega, L50, M
|-mega|p2a: Blaziken|Blaziken|Blazikenite
|move|p2b: Whimsicott|Tailwind|p2b: Whimsicott
|-sidestart|p2: fergalhopper|move: Tailwind
|move|p2a: Blaziken|Close Combat|p1b: Aurorus
|-supereffective|p1b: Aurorus|2
|-damage|p1b: Aurorus|0 fnt
|-unboost|p2a: Blaziken|def|1
|-unboost|p2a: Blaziken|spd|1
|faint|p1b: Aurorus
|
|win|fergalhopper
||vglabmty is ready for game 3.
|inactive|fergalhopper has 30 seconds to confirm battle start!
||fergalhopper is ready for game 3.
|uhtml|next|Next: Game 3 of 3
|l|☆vglabmty
|player|p1|
