|inactive|Battle timer is ON: inactive players will automatically lose when time's up.
|html|hareeemyorukiss    
|uhtml|bestof|Game 1 of a best-of-3
|t:|1784566801
|gametype|doubles
|player|p1|hareeem|101|
|player|p2|yorukiss|picnicker|
|gen|9
|tier|[Gen 9 Champions] VGC 2026 Reg M-B (Bo3)
|rule|Species Clause: Limit one of each Pokémon
|rule|Item Clause: Limit 1 of each item
|clearpoke
|poke|p1|Gengar, L50, M|
|poke|p1|Tinkaton, L50, F|
|poke|p1|Incineroar, L50, M|
|poke|p1|Kingambit, L50, F|
|poke|p1|Annihilape, L50, M|
|poke|p1|Altaria, L50, M|
|poke|p2|Sableye, L50, F|
|poke|p2|Archaludon, L50, F|
|poke|p2|Basculegion, L50, M|
|poke|p2|Pelipper, L50, M|
|poke|p2|Sinistcha, L50|
|poke|p2|Dragonite, L50, F|
|teampreview|4
|showteam|p1|Gengar||Gengarite|CursedBody|ShadowBall,Disable,PerishSong,Protect|Timid||M|||50|]Tinkaton||ShucaBerry|MoldBreaker|GigatonHammer,FakeOut,Encore,Protect|Jolly||F|||50|]Incineroar||PasshoBerry|Intimidate|PartingShot,Protect,FlareBlitz,FakeOut|Relaxed||M|||50|]Kingambit||BlackGlasses|Defiant|KowtowCleave,SuckerPunch,SwordsDance,Protect|Adamant||F|||50|]Annihilape||ChoiceScarf|Defiant|CloseCombat,PhantomForce,IcePunch,Uturn|Adamant||M|||50|]Altaria||Leftovers|CloudNine|FireSpin,PerishSong,WillOWisp,Protect|Bold||M|||50|
|showteam|p2|Sableye||RoseliBerry|Prankster|Reflect,Quash,RainDance,LightScreen|Calm||F|||50|]Archaludon||Leftovers|Stamina|ElectroShot,DragonPulse,FlashCannon,Protect|Modest||F|||50|]Basculegion||ChoiceScarf|Adaptability|WaveCrash,FlipTurn,AquaJet,LastRespects|Jolly||M|||50|]Pelipper||SitrusBerry|Drizzle|WideGuard,WeatherBall,Hurricane,Tailwind|Modest||M|||50|]Sinistcha||KasibBerry|Hospitality|MatchaGotcha,LifeDew,TrickRoom,RagePowder|Sassy|||||50|]Dragonite||Dragoninite|InnerFocus|DracoMeteor,Flamethrower,Hurricane,Tailwind|Modest||F|||50|
|c|☆hareeem|hf
|c|☆yorukiss|glhf
|inactive|hareeem has 60 seconds left.
|inactive|yorukiss has 60 seconds left.
|c|☆hareeem|test
|inactive|hareeem has 30 seconds left.
|inactive|hareeem has 20 seconds left.
|
|t:|1784566875
|teamsize|p1|4
|teamsize|p2|4
|start
|switch|p1a: Gengar|Gengar, L50, M|100/100
|switch|p1b: Incineroar|Incineroar, L50, M|100/100
|switch|p2a: Sableye|Sableye, L50, F|100/100
|switch|p2b: Dragonite|Dragonite, L50, F|100/100
|-ability|p1b: Incineroar|Intimidate|boost
|-unboost|p2a: Sableye|atk|1
|-fail|p2b: Dragonite|unboost|Attack|[from] ability: Inner Focus|[of] p2b: Dragonite
|turn|1
|inactive|hareeem has 30 seconds left.
|inactive|yorukiss has 30 seconds left.
|inactive|yorukiss has 20 seconds left.
|inactive|yorukiss has 15 seconds left.
|
|t:|1784566920
|switch|p2b: Archaludon|Archaludon, L50, F|100/100
|detailschange|p1a: Gengar|Gengar-Mega, L50, M
|-mega|p1a: Gengar|Gengar|Gengarite
|move|p1a: Gengar|Protect|p1a: Gengar
|-singleturn|p1a: Gengar|Protect
|move|p2a: Sableye|Light Screen|p2a: Sableye
|-sidestart|p2: yorukiss|move: Light Screen
|move|p1b: Incineroar|Parting Shot|p2b: Archaludon
|-unboost|p2b: Archaludon|atk|1
|-unboost|p2b: Archaludon|spa|1
|
|t:|1784566935
|switch|p1b: Annihilape|Annihilape, L50, M|100/100|[from] Parting Shot
|
|upkeep
|turn|2
|inactive|yorukiss has 30 seconds left.
|
|t:|1784566963
|move|p2b: Archaludon|Protect|p2b: Archaludon
|-singleturn|p2b: Archaludon|Protect
|move|p2a: Sableye|Reflect|p2a: Sableye
|-sidestart|p2: yorukiss|Reflect
|move|p1b: Annihilape|Close Combat|p2b: Archaludon
|-activate|p2b: Archaludon|move: Protect
|move|p1a: Gengar|Perish Song|p1a: Gengar
|-start|p1a: Gengar|perish3|[silent]
|-start|p1b: Annihilape|perish3|[silent]
|-start|p2a: Sableye|perish3|[silent]
|-start|p2b: Archaludon|perish3|[silent]
|-fieldactivate|move: Perish Song
|
|-start|p1b: Annihilape|perish3
|-start|p1a: Gengar|perish3
|-start|p2b: Archaludon|perish3
|-start|p2a: Sableye|perish3
|upkeep
|turn|3
|inactive|yorukiss has 30 seconds left.
|inactive|yorukiss has 20 seconds left.
|inactive|yorukiss has 15 seconds left.
|
|t:|1784567008
|move|p2a: Sableye|Rain Dance|p2a: Sableye
|-weather|RainDance
|move|p1b: Annihilape|Close Combat|p2b: Archaludon
|-supereffective|p2b: Archaludon|1
|-damage|p2b: Archaludon|39/100
|-unboost|p1b: Annihilape|def|1
|-unboost|p1b: Annihilape|spd|1
|-ability|p2b: Archaludon|Stamina|boost
|-boost|p2b: Archaludon|def|1
|move|p1a: Gengar|Perish Song||[still]
|-fail|p1a: Gengar
|move|p2b: Archaludon|Electro Shot||[still]
|-prepare|p2b: Archaludon|Electro Shot
|-boost|p2b: Archaludon|spa|1
|-anim|p2b: Archaludon|Electro Shot|p1b: Annihilape
|-damage|p1b: Annihilape|41/100
|
|-weather|RainDance|[upkeep]
|-heal|p2b: Archaludon|45/100|[from] item: Leftovers
|-start|p1b: Annihilape|perish2
|-start|p1a: Gengar|perish2
|-start|p2b: Archaludon|perish2
|-start|p2a: Sableye|perish2
|upkeep
|turn|4
|inactive|yorukiss has 30 seconds left.
|inactive|yorukiss has 20 seconds left.
|inactive|yorukiss has 15 seconds left.
|
|t:|1784567051
|switch|p1b: Incineroar|Incineroar, L50, M|100/100
|-ability|p1b: Incineroar|Intimidate|boost
|-unboost|p2a: Sableye|atk|1
|-unboost|p2b: Archaludon|atk|1
|move|p1a: Gengar|Protect|p1a: Gengar
|-singleturn|p1a: Gengar|Protect
|move|p2a: Sableye|Quash|p1b: Incineroar
|-hint|Since gen 7, Dark is immune to Prankster moves.
|-immune|p1b: Incineroar
|move|p2b: Archaludon|Electro Shot||[still]
|-prepare|p2b: Archaludon|Electro Shot
|-boost|p2b: Archaludon|spa|1
|-anim|p2b: Archaludon|Electro Shot|p1b: Incineroar
|-damage|p1b: Incineroar|42/100
|
|-weather|RainDance|[upkeep]
|-heal|p2b: Archaludon|51/100|[from] item: Leftovers
|-start|p1a: Gengar|perish1
|-start|p2b: Archaludon|perish1
|-start|p2a: Sableye|perish1
|upkeep
|turn|5
|inactive|yorukiss has 30 seconds left.
|inactive|yorukiss has 20 seconds left.
|inactive|yorukiss has 15 seconds left.
|inactive|yorukiss has 10 seconds left.
|
|t:|1784567100
|switch|p1a: Annihilape|Annihilape, L50, M|41/100
|move|p1b: Incineroar|Fake Out|p2b: Archaludon
|-resisted|p2b: Archaludon|1
|-damage|p2b: Archaludon|49/100
|-ability|p2b: Archaludon|Stamina|boost
|-boost|p2b: Archaludon|def|1
|move|p2a: Sableye|Quash||[still]
|-fail|p2a: Sableye
|cant|p2b: Archaludon|flinch
|
|-weather|RainDance|[upkeep]
|-heal|p2b: Archaludon|55/100|[from] item: Leftovers
|-start|p2b: Archaludon|perish0
|-start|p2a: Sableye|perish0
|faint|p2b: Archaludon
|faint|p2a: Sableye
|-sideend|p2: yorukiss|move: Light Screen
|upkeep
|
|t:|1784567117
|switch|p2b: Pelipper|Pelipper, L50, M|100/100
|switch|p2a: Dragonite|Dragonite, L50, F|100/100
|turn|6
|
|t:|1784567136
|detailschange|p2a: Dragonite|Dragonite-Mega, L50, F
|-mega|p2a: Dragonite|Dragonite|Dragoninite
|move|p1a: Annihilape|Ice Punch|p2a: Dragonite
|-supereffective|p2a: Dragonite|2
|-damage|p2a: Dragonite|66/100
|move|p2a: Dragonite|Hurricane|p1b: Incineroar
|-damage|p1b: Incineroar|0 fnt
|faint|p1b: Incineroar
|move|p2b: Pelipper|Tailwind|p2b: Pelipper
|-sidestart|p2: yorukiss|move: Tailwind
|
|-weather|RainDance|[upkeep]
|-sideend|p2: yorukiss|Reflect
|upkeep
|
|t:|1784567152
|switch|p1b: Tinkaton|Tinkaton, L50, F|100/100
|-ability|p1b: Tinkaton|Mold Breaker
|turn|7
|
|t:|1784567174
|move|p1b: Tinkaton|Fake Out|p2b: Pelipper
|-damage|p2b: Pelipper|92/100
|move|p2a: Dragonite|Hurricane|p1a: Annihilape
|-supereffective|p1a: Annihilape|1
|-damage|p1a: Annihilape|0 fnt
|faint|p1a: Annihilape
|cant|p2b: Pelipper|flinch
|
|-weather|none
|upkeep
|
|t:|1784567177
|switch|p1a: Gengar|Gengar-Mega, L50, M|100/100
|turn|8
|
|t:|1784567201
|move|p1a: Gengar|Protect|p1a: Gengar
|-singleturn|p1a: Gengar|Protect
|move|p1b: Tinkaton|Protect|p1b: Tinkaton
|-singleturn|p1b: Tinkaton|Protect
|move|p2a: Dragonite|Hurricane|p1a: Gengar
|-activate|p1a: Gengar|move: Protect
|move|p2b: Pelipper|Hurricane|p1a: Gengar
|-activate|p1a: Gengar|move: Protect
|
|upkeep
|turn|9
|inactive|hareeem has 30 seconds left.
|
|t:|1784567230
|move|p2a: Dragonite|Hurricane|p1a: Gengar
|-damage|p1a: Gengar|31/100
|move|p2b: Pelipper|Hurricane|p1a: Gengar
|-damage|p1a: Gengar|0 fnt
|faint|p1a: Gengar
|move|p1b: Tinkaton|Encore|p2a: Dragonite
|-start|p2a: Dragonite|Encore
|
|-sideend|p2: yorukiss|move: Tailwind
|upkeep
|turn|10
|-message|hareeem forfeited.
|
|win|yorukiss
||hareeem is ready for game 2.
||yorukiss is ready for game 2.
|uhtml|next|Next: Game 2 of 3
|player|p1|
