|inactive|Battle timer is ON: inactive players will automatically lose when time's up.
|html|thacrowmezzaluca    
|uhtml|bestof|Game 3 of a best-of-3
|t:|1782677774
|gametype|doubles
|player|p1|thacrow|#thacrow|
|player|p2|mezzaluca|lucas|
|gen|9
|tier|[Gen 9 Champions] VGC 2026 Reg M-B (Bo3)
|rule|Species Clause: Limit one of each Pokémon
|rule|Item Clause: Limit 1 of each item
|clearpoke
|poke|p1|Garchomp, L50, F|
|poke|p1|Charizard, L50, M|
|poke|p1|Basculegion, L50, M|
|poke|p1|Whimsicott, L50, F|
|poke|p1|Kingambit, L50, M|
|poke|p1|Floette-Eternal, L50, F|
|poke|p2|Kingambit, L50, M|
|poke|p2|Sneasler, L50, F|
|poke|p2|Froslass, L50, F|
|poke|p2|Lycanroc-Dusk, L50, F|
|poke|p2|Basculegion, L50, M|
|poke|p2|Scovillain, L50, M|
|teampreview|4
|showteam|p1|Garchomp||LifeOrb|RoughSkin|Earthquake,DragonClaw,RockSlide,Protect|Jolly||F|||50|]Charizard||CharizarditeY|Blaze|WeatherBall,HeatWave,SolarBeam,Protect|Modest||M|||50|]Basculegion||MysticWater|Adaptability|WaveCrash,LastRespects,AquaJet,Protect|Adamant||M|||50|]Whimsicott||FocusSash|Prankster|Moonblast,Tailwind,Encore,Protect|Timid||F|||50|]Kingambit||ChopleBerry|Defiant|LowKick,KowtowCleave,SuckerPunch,Protect|Adamant||M|||50|]Floette-Eternal||Floettite|FlowerVeil|Moonblast,DazzlingGleam,LightofRuin,Protect|Modest||F|||50|
|showteam|p2|Kingambit||BlackGlasses|Defiant|KowtowCleave,SuckerPunch,SwordsDance,Protect|Adamant||M|||50|]Sneasler||WhiteHerb|Unburden|CloseCombat,GunkShot,FakeOut,Protect|Adamant||F|||50|]Froslass||Froslassite|CursedBody|Blizzard,ShadowBall,AuroraVeil,Protect|Modest||F|||50|]Lycanroc-Dusk||FocusSash|ToughClaws|RockSlide,CloseCombat,Accelerock,Protect|Adamant||F|||50|]Basculegion||SitrusBerry|Adaptability|WaveCrash,LastRespects,AquaJet,Protect|Adamant||M|||50|]Scovillain||Scovillainite|Moody|Overheat,GigaDrain,RagePowder,Protect|Bold||M|||50|
|inactive|thacrow has 60 seconds left.
|inactive|mezzaluca has 60 seconds left.
|inactive|mezzaluca has 30 seconds left.
|inactive|mezzaluca has 20 seconds left.
|inactive|mezzaluca has 15 seconds left.
|inactive|mezzaluca has 10 seconds left.
|
|t:|1782677855
|teamsize|p1|4
|teamsize|p2|4
|start
|switch|p1a: Floette|Floette-Eternal, L50, F|100/100
|switch|p1b: Whimsicott|Whimsicott, L50, F|100/100
|switch|p2a: Scovillain|Scovillain, L50, M|100/100
|switch|p2b: Basculegion|Basculegion, L50, M|100/100
|turn|1
|inactive|mezzaluca has 30 seconds left.
|inactive|thacrow has 30 seconds left.
|
|t:|1782677887
|detailschange|p1a: Floette|Floette-Mega, L50, F
|-mega|p1a: Floette|Floette|Floettite
|-ability|p1a: Floette|Fairy Aura
|detailschange|p2a: Scovillain|Scovillain-Mega, L50, M
|-mega|p2a: Scovillain|Scovillain|Scovillainite
|move|p1b: Whimsicott|Protect|p1b: Whimsicott
|-singleturn|p1b: Whimsicott|Protect
|move|p1a: Floette|Moonblast|p2a: Scovillain
|-resisted|p2a: Scovillain|1
|-damage|p2a: Scovillain|53/100
|-status|p1a: Floette|brn|[from] ability: Spicy Spray|[of] p2a: Scovillain
|move|p2a: Scovillain|Giga Drain|p1a: Floette
|-damage|p1a: Floette|68/100 brn
|-heal|p2a: Scovillain|68/100|[from] drain|[of] p1a: Floette
|move|p2b: Basculegion|Wave Crash|p1a: Floette
|-damage|p1a: Floette|0 fnt
|faint|p1a: Floette
|-damage|p2b: Basculegion|83/100|[from] Recoil
|
|upkeep
|
|t:|1782677901
|switch|p1a: Garchomp|Garchomp, L50, F|100/100
|turn|2
|inactive|mezzaluca has 30 seconds left.
|
|t:|1782677936
|move|p1b: Whimsicott|Moonblast|p2a: Scovillain
|-resisted|p2a: Scovillain|1
|-damage|p2a: Scovillain|49/100
|-status|p1b: Whimsicott|brn|[from] ability: Spicy Spray|[of] p2a: Scovillain
|move|p1a: Garchomp|Rock Slide|p2b: Basculegion|[spread] p2a,p2b
|-supereffective|p2a: Scovillain|1
|-damage|p2a: Scovillain|6/100
|-damage|p2b: Basculegion|59/100
|-status|p1a: Garchomp|brn|[from] ability: Spicy Spray|[of] p2a: Scovillain
|-damage|p1a: Garchomp|90/100 brn|[from] item: Life Orb
|move|p2a: Scovillain|Giga Drain|p1a: Garchomp
|-damage|p1a: Garchomp|50/100g brn
|-heal|p2a: Scovillain|28/100|[from] drain|[of] p1a: Garchomp
|move|p2b: Basculegion|Wave Crash|p1a: Garchomp
|-damage|p1a: Garchomp|0 fnt
|-damage|p2b: Basculegion|47/100|[from] ability: Rough Skin|[of] p1a: Garchomp
|-enditem|p2b: Basculegion|Sitrus Berry|[eat]
|-heal|p2b: Basculegion|72/100|[from] item: Sitrus Berry
|faint|p1a: Garchomp
|-damage|p2b: Basculegion|58/100|[from] Recoil
|
|-damage|p1b: Whimsicott|94/100 brn|[from] brn
|upkeep
|
|t:|1782677950
|switch|p1a: Kingambit|Kingambit, L50, M|100/100
|turn|3
|
|t:|1782677975
|move|p1b: Whimsicott|Encore|p2a: Scovillain
|-start|p2a: Scovillain|Encore
|move|p1a: Kingambit|Sucker Punch|p2b: Basculegion
|-supereffective|p2b: Basculegion|1
|-damage|p2b: Basculegion|0 fnt
|faint|p2b: Basculegion
|move|p2a: Scovillain|Giga Drain|p1b: Whimsicott
|-resisted|p1b: Whimsicott|1
|-damage|p1b: Whimsicott|65/100 brn
|-heal|p2a: Scovillain|39/100|[from] drain|[of] p1b: Whimsicott
|
|-damage|p1b: Whimsicott|59/100 brn|[from] brn
|upkeep
|
|t:|1782677985
|switch|p2b: Lycanroc|Lycanroc-Dusk, L50, F|100/100
|turn|4
|
|t:|1782678002
|switch|p2a: Kingambit|Kingambit, L50, M|100/100
|move|p2b: Lycanroc|Protect|p2b: Lycanroc
|-singleturn|p2b: Lycanroc|Protect
|move|p1a: Kingambit|Sucker Punch||[still]
|-fail|p1a: Kingambit
|move|p1b: Whimsicott|Moonblast|p2b: Lycanroc
|-activate|p2b: Lycanroc|move: Protect
|
|-damage|p1b: Whimsicott|53/100 brn|[from] brn
|upkeep
|turn|5
|
|t:|1782678025
|move|p2b: Lycanroc|Accelerock|p1b: Whimsicott
|-damage|p1b: Whimsicott|15/100 brn
|move|p2a: Kingambit|Sucker Punch|p1b: Whimsicott
|-resisted|p1b: Whimsicott|1
|-damage|p1b: Whimsicott|0 fnt
|faint|p1b: Whimsicott
|move|p1a: Kingambit|Low Kick|p2a: Kingambit
|-supereffective|p2a: Kingambit|2
|-damage|p2a: Kingambit|0 fnt
|faint|p2a: Kingambit
|
|upkeep
|
|t:|1782678027
|switch|p2a: Scovillain|Scovillain-Mega, L50, M|39/100
|turn|6
|-message|thacrow forfeited.
|
|win|mezzaluca
|c|☆mezzaluca|gg
|c|☆thacrow|ggs
