|inactive|Battle timer is ON: inactive players will automatically lose when time's up.
|html|EmbC29Mezzaluca    
|uhtml|bestof|Game 1 of a best-of-3
|t:|1783861615
|gametype|doubles
|player|p1|EmbC29|#splxclassiest|
|player|p2|Mezzaluca|lucas|
|gen|9
|tier|[Gen 9 Champions] VGC 2026 Reg M-B (Bo3)
|rule|Species Clause: Limit one of each Pokémon
|rule|Item Clause: Limit 1 of each item
|clearpoke
|poke|p1|Charizard, L50, F|
|poke|p1|Garchomp, L50, M|
|poke|p1|Sylveon, L50, M|
|poke|p1|Farigiraf, L50, F|
|poke|p1|Incineroar, L50, M|
|poke|p1|Toxapex, L50, F|
|poke|p2|Kommo-o, L50, M|
|poke|p2|Gengar, L50, F|
|poke|p2|Kingambit, L50, F|
|poke|p2|Sinistcha, L50|
|poke|p2|Incineroar, L50, F|
|poke|p2|Ninetales-Alola, L50, F|
|teampreview|4
|showteam|p1|Charizard||CharizarditeY|Blaze|Protect,HeatWave,WeatherBall,SolarBeam|Modest||F|||50|]Garchomp||LifeOrb|RoughSkin|Protect,DragonClaw,StompingTantrum,RockSlide|Jolly||M|||50|]Sylveon||FairyFeather|Pixilate|Detect,QuickAttack,HyperVoice,HyperBeam|Modest||M|||50|]Farigiraf||ColburBerry|ArmorTail|Psychic,HelpingHand,Protect,TrickRoom|Bold||F|||50|]Incineroar||SitrusBerry|Intimidate|FlareBlitz,ThroatChop,PartingShot,FakeOut|Impish||M|||50|]Toxapex||Leftovers|Regenerator|Infestation,Toxic,WideGuard,BanefulBunker|Bold||F|||50|
|showteam|p2|Kommo-o||Leftovers|Soundproof|ClangingScales,AuraSphere,ClangorousSoul,Protect|Modest||M|||50|]Gengar||Gengarite|CursedBody|SludgeBomb,ShadowBall,PerishSong,Protect|Modest||F|||50|]Kingambit||BlackGlasses|Defiant|KowtowCleave,SuckerPunch,IronHead,Protect|Adamant||F|||50|]Sinistcha||SitrusBerry|Hospitality|MatchaGotcha,Protect,LifeDew,RagePowder|Bold|||||50|]Incineroar||PasshoBerry|Intimidate|FlareBlitz,ThroatChop,PartingShot,FakeOut|Impish||F|||50|]Ninetales-Alola||FocusSash|SnowWarning|Blizzard,Encore,AuroraVeil,Protect|Timid||F|||50|
|c|☆Mezzaluca|gl hf
|raw|Moderated chat was set to ☆!Only users of rank ☆ and higher can talk.
|c|☆EmbC29|glhf
|inactive|EmbC29 has 60 seconds left.
|inactive|Mezzaluca has 60 seconds left.
|inactive|EmbC29 has 30 seconds left.
|inactive|Mezzaluca has 30 seconds left.
|inactive|EmbC29 has 20 seconds left.
|inactive|EmbC29 has 15 seconds left.
|inactive|EmbC29 has 10 seconds left.
|
|t:|1783861698
|teamsize|p1|4
|teamsize|p2|4
|start
|switch|p1a: Garchomp|Garchomp, L50, M|100/100
|switch|p1b: Toxapex|Toxapex, L50, F|100/100
|switch|p2a: Kommo-o|Kommo-o, L50, M|100/100
|switch|p2b: Incineroar|Incineroar, L50, F|100/100
|-ability|p2b: Incineroar|Intimidate|boost
|-unboost|p1a: Garchomp|atk|1
|-unboost|p1b: Toxapex|atk|1
|turn|1
|inactive|Mezzaluca has 30 seconds left.
|
|t:|1783861733
|switch|p1a: Farigiraf|Farigiraf, L50, F|100/100
|move|p2b: Incineroar|Fake Out||[still]
|cant|p1a: Farigiraf|ability: Armor Tail|Fake Out|[of] p2b: Incineroar
|move|p2a: Kommo-o|Clangorous Soul|p2a: Kommo-o
|-boost|p2a: Kommo-o|atk|1
|-boost|p2a: Kommo-o|def|1
|-boost|p2a: Kommo-o|spa|1
|-boost|p2a: Kommo-o|spd|1
|-boost|p2a: Kommo-o|spe|1
|-damage|p2a: Kommo-o|67/100
|move|p1b: Toxapex|Toxic|p2a: Kommo-o
|-status|p2a: Kommo-o|tox
|
|-heal|p2a: Kommo-o|73/100 tox|[from] item: Leftovers
|-damage|p2a: Kommo-o|67/100 tox|[from] psn
|upkeep
|turn|2
|inactive|EmbC29 has 30 seconds left.
|inactive|Mezzaluca has 30 seconds left.
|
|t:|1783861767
|switch|p2b: Sinistcha|Sinistcha, L50|100/100
|-heal|p2a: Kommo-o|91/100 tox|[from] ability: Hospitality|[of] p2b: Sinistcha
|move|p1a: Farigiraf|Protect|p1a: Farigiraf
|-singleturn|p1a: Farigiraf|Protect
|move|p1b: Toxapex|Baneful Bunker|p1b: Toxapex
|-singleturn|p1b: Toxapex|move: Protect
|move|p2a: Kommo-o|Aura Sphere|p1a: Farigiraf
|-activate|p1a: Farigiraf|move: Protect
|
|-heal|p2a: Kommo-o|97/100 tox|[from] item: Leftovers
|-damage|p2a: Kommo-o|85/100 tox|[from] psn
|upkeep
|turn|3
|
|t:|1783861785
|move|p2a: Kommo-o|Aura Sphere|p1a: Farigiraf
|-damage|p1a: Farigiraf|54/100
|move|p2b: Sinistcha|Matcha Gotcha|p1b: Toxapex|[spread] p1a,p1b
|-damage|p1a: Farigiraf|33/100
|-damage|p1b: Toxapex|80/100
|-status|p1b: Toxapex|brn
|move|p1a: Farigiraf|Psychic|p2a: Kommo-o
|-supereffective|p2a: Kommo-o|1
|-damage|p2a: Kommo-o|43/100 tox
|move|p1b: Toxapex|Toxic|p2b: Sinistcha
|-status|p2b: Sinistcha|tox
|
|-heal|p2a: Kommo-o|49/100 tox|[from] item: Leftovers
|-heal|p1b: Toxapex|85/100 brn|[from] item: Leftovers
|-damage|p2a: Kommo-o|32/100 tox|[from] psn
|-damage|p2b: Sinistcha|93/100 tox|[from] psn
|-damage|p1b: Toxapex|80/100 brn|[from] brn
|upkeep
|turn|4
|
|t:|1783861800
|switch|p1a: Charizard|Charizard, L50, F|100/100
|move|p1b: Toxapex|Wide Guard|p1b: Toxapex
|-singleturn|p1b: Toxapex|Wide Guard
|move|p2a: Kommo-o|Aura Sphere|p1a: Charizard
|-resisted|p1a: Charizard|1
|-damage|p1a: Charizard|70/100
|move|p2b: Sinistcha|Life Dew|p2b: Sinistcha|[spread] p2a,p2b
|-heal|p2a: Kommo-o|57/100 tox
|-heal|p2b: Sinistcha|100/100 tox
|
|-heal|p2a: Kommo-o|63/100 tox|[from] item: Leftovers
|-heal|p1b: Toxapex|85/100 brn|[from] item: Leftovers
|-damage|p2a: Kommo-o|39/100 tox|[from] psn
|-damage|p2b: Sinistcha|87/100 tox|[from] psn
|-damage|p1b: Toxapex|80/100 brn|[from] brn
|upkeep
|turn|5
|
|t:|1783861817
|switch|p2b: Incineroar|Incineroar, L50, F|100/100
|-ability|p2b: Incineroar|Intimidate|boost
|-unboost|p1a: Charizard|atk|1
|-unboost|p1b: Toxapex|atk|1
|detailschange|p1a: Charizard|Charizard-Mega-Y, L50, F
|-mega|p1a: Charizard|Charizard|Charizardite Y
|-weather|SunnyDay|[from] ability: Drought|[of] p1a: Charizard
|move|p1b: Toxapex|Wide Guard|p1b: Toxapex
|-singleturn|p1b: Toxapex|Wide Guard
|move|p2a: Kommo-o|Aura Sphere|p1b: Toxapex
|-resisted|p1b: Toxapex|1
|-damage|p1b: Toxapex|60/100 brn
|move|p1a: Charizard|Heat Wave|p2b: Incineroar|[spread] p2a,p2b
|-resisted|p2a: Kommo-o|1
|-resisted|p2b: Incineroar|1
|-damage|p2a: Kommo-o|20/100y tox
|-damage|p2b: Incineroar|73/100
|
|-weather|SunnyDay|[upkeep]
|-heal|p2a: Kommo-o|26/100 tox|[from] item: Leftovers
|-heal|p1b: Toxapex|66/100 brn|[from] item: Leftovers
|-damage|p2a: Kommo-o|0 fnt|[from] psn
|faint|p2a: Kommo-o
|-damage|p1b: Toxapex|60/100 brn|[from] brn
|upkeep
|
|t:|1783861832
|switch|p2a: Ninetales|Ninetales-Alola, L50, F|100/100
|-weather|Snowscape|[from] ability: Snow Warning|[of] p2a: Ninetales
|turn|6
|
|t:|1783861852
|switch|p1a: Farigiraf|Farigiraf, L50, F|33/100
|move|p2b: Incineroar|Fake Out||[still]
|cant|p1a: Farigiraf|ability: Armor Tail|Fake Out|[of] p2b: Incineroar
|move|p2a: Ninetales|Encore|p1b: Toxapex
|-start|p1b: Toxapex|Encore
|move|p1b: Toxapex|Wide Guard||[still]
|-fail|p1b: Toxapex
|
|-weather|Snowscape|[upkeep]
|-heal|p1b: Toxapex|66/100 brn|[from] item: Leftovers
|-damage|p1b: Toxapex|60/100 brn|[from] brn
|upkeep
|turn|7
|inactive|Mezzaluca has 30 seconds left.
|inactive|Mezzaluca has 20 seconds left.
|
|t:|1783861890
|switch|p1a: Garchomp|Garchomp, L50, M|100/100
|move|p1b: Toxapex|Wide Guard|p1b: Toxapex
|-singleturn|p1b: Toxapex|Wide Guard
|move|p2a: Ninetales|Aurora Veil|p2a: Ninetales
|-sidestart|p2: Mezzaluca|move: Aurora Veil
|move|p2b: Incineroar|Flare Blitz|p1a: Garchomp
|-resisted|p1a: Garchomp|1
|-damage|p1a: Garchomp|75/100
|-damage|p2b: Incineroar|60/100|[from] ability: Rough Skin|[of] p1a: Garchomp
|-damage|p2b: Incineroar|53/100|[from] Recoil
|
|-weather|Snowscape|[upkeep]
|-heal|p1b: Toxapex|66/100 brn|[from] item: Leftovers
|-damage|p1b: Toxapex|60/100 brn|[from] brn
|upkeep
|turn|8
|
|t:|1783861906
|switch|p2a: Sinistcha|Sinistcha, L50|87/100 tox
|-heal|p2b: Incineroar|78/100|[from] ability: Hospitality|[of] p2a: Sinistcha
|move|p1b: Toxapex|Wide Guard|p1b: Toxapex
|-singleturn|p1b: Toxapex|Wide Guard
|move|p1a: Garchomp|Rock Slide|p2b: Incineroar|[spread] p2a,p2b
|-supereffective|p2b: Incineroar|1
|-damage|p2a: Sinistcha|74/100 tox
|-damage|p2b: Incineroar|52/100
|-damage|p1a: Garchomp|65/100|[from] item: Life Orb
|cant|p2b: Incineroar|flinch
|
|-weather|Snowscape|[upkeep]
|-heal|p1b: Toxapex|66/100 brn|[from] item: Leftovers
|-damage|p2a: Sinistcha|67/100 tox|[from] psn
|-damage|p1b: Toxapex|60/100 brn|[from] brn
|-end|p1b: Toxapex|Encore
|upkeep
|turn|9
|
|t:|1783861920
|switch|p2b: Ninetales|Ninetales-Alola, L50, F|100/100
|move|p1a: Garchomp|Stomping Tantrum|p2b: Ninetales
|-damage|p2b: Ninetales|63/100
|-damage|p1a: Garchomp|56/100|[from] item: Life Orb
|move|p2a: Sinistcha|Matcha Gotcha|p1a: Garchomp|[spread] p1a,p1b
|-damage|p1a: Garchomp|30/100
|-heal|p2a: Sinistcha|81/100 tox|[from] drain|[of] p1a: Garchomp
|-damage|p1b: Toxapex|41/100 brn
|-heal|p2a: Sinistcha|89/100 tox|[from] drain|[of] p1b: Toxapex
|move|p1b: Toxapex|Infestation|p2a: Sinistcha
|-damage|p2a: Sinistcha|87/100 tox
|-activate|p2a: Sinistcha|move: Infestation|[of] p1b: Toxapex
|
|-weather|Snowscape|[upkeep]
|-heal|p1b: Toxapex|47/100 brn|[from] item: Leftovers
|-damage|p2a: Sinistcha|75/100 tox|[from] psn
|-damage|p1b: Toxapex|41/100 brn|[from] brn
|-damage|p2a: Sinistcha|62/100 tox|[from] move: Infestation|[partiallytrapped]
|upkeep
|turn|10
|inactive|Mezzaluca has 30 seconds left.
|
|t:|1783861950
|switch|p2a: Incineroar|Incineroar, L50, F|52/100
|-ability|p2a: Incineroar|Intimidate|boost
|-unboost|p1a: Garchomp|atk|1
|-unboost|p1b: Toxapex|atk|1
|move|p1b: Toxapex|Wide Guard|p1b: Toxapex
|-singleturn|p1b: Toxapex|Wide Guard
|move|p2b: Ninetales|Blizzard|p1a: Garchomp|[spread] 
|-activate|p1a: Garchomp|move: Wide Guard
|-activate|p1b: Toxapex|move: Wide Guard
|move|p1a: Garchomp|Stomping Tantrum|p2a: Incineroar
|-supereffective|p2a: Incineroar|1
|-damage|p2a: Incineroar|12/100
|-damage|p1a: Garchomp|20/100y|[from] item: Life Orb
|
|-weather|none
|-heal|p1b: Toxapex|47/100 brn|[from] item: Leftovers
|-damage|p1b: Toxapex|41/100 brn|[from] brn
|upkeep
|turn|11
|inactive|EmbC29 has 30 seconds left.
|inactive|Mezzaluca has 30 seconds left.
|
|t:|1783861980
|switch|p1a: Farigiraf|Farigiraf, L50, F|33/100
|move|p2b: Ninetales|Blizzard|p1b: Toxapex|[spread] p1a,p1b
|-resisted|p1b: Toxapex|1
|-damage|p1a: Farigiraf|7/100
|-damage|p1b: Toxapex|29/100 brn
|move|p2a: Incineroar|Throat Chop|p1b: Toxapex
|-damage|p1b: Toxapex|10/100 brn
|-start|p1b: Toxapex|Throat Chop|[silent]
|move|p1b: Toxapex|Infestation|p2a: Incineroar
|-damage|p2a: Incineroar|10/100
|-activate|p2a: Incineroar|move: Infestation|[of] p1b: Toxapex
|
|-heal|p1b: Toxapex|16/100 brn|[from] item: Leftovers
|-damage|p1b: Toxapex|10/100 brn|[from] brn
|-damage|p2a: Incineroar|0 fnt|[from] move: Infestation|[partiallytrapped]
|faint|p2a: Incineroar
|-sideend|p2: Mezzaluca|move: Aurora Veil
|upkeep
|
|t:|1783861988
|switch|p2a: Sinistcha|Sinistcha, L50|62/100 tox
|-heal|p2b: Ninetales|88/100|[from] ability: Hospitality|[of] p2a: Sinistcha
|turn|12
|
|t:|1783861998
|switch|p1a: Charizard|Charizard-Mega-Y, L50, F|70/100
|-weather|SunnyDay|[from] ability: Drought|[of] p1a: Charizard
|move|p1b: Toxapex|Wide Guard|p1b: Toxapex
|-singleturn|p1b: Toxapex|Wide Guard
|move|p2b: Ninetales|Encore|p1b: Toxapex
|-start|p1b: Toxapex|Encore
|move|p2a: Sinistcha|Matcha Gotcha|p1a: Charizard|[spread] 
|-activate|p1a: Charizard|move: Wide Guard
|-activate|p1b: Toxapex|move: Wide Guard
|
|-weather|SunnyDay|[upkeep]
|-heal|p1b: Toxapex|16/100 brn|[from] item: Leftovers
|-damage|p2a: Sinistcha|56/100 tox|[from] psn
|-damage|p1b: Toxapex|10/100 brn|[from] brn
|-end|p1b: Toxapex|Throat Chop|[silent]
|upkeep
|turn|13
|-message|Mezzaluca forfeited.
|
|win|EmbC29
||EmbC29 is ready for game 2.
||Mezzaluca is ready for game 2.
|uhtml|next|Next: Game 2 of 3
