|inactive|Battle timer is ON: inactive players will automatically lose when time's up.
|html|Something147sylveon is so cute    
|uhtml|bestof|Game 1 of a best-of-3
|t:|1756822163
|gametype|doubles
|player|p1|Something147|170|
|player|p2|sylveon is so cute|acetrainer-gen4dp|
|gen|9
|tier|[Gen 9] VGC 2025 Reg H (Bo3)
|rule|Species Clause: Limit one of each Pokémon
|rule|Item Clause: Limit 1 of each item
|clearpoke
|poke|p1|Dragapult, L50, M|
|poke|p1|Electabuzz, L50, M|
|poke|p1|Rillaboom, L50, F|
|poke|p1|Primarina, L50, F|
|poke|p1|Volcarona, L50, M|
|poke|p1|Sneasler, L50, M|
|poke|p2|Ursaluna, L50, F|
|poke|p2|Amoonguss, L50, F|
|poke|p2|Porygon2, L50|
|poke|p2|Incineroar, L50, M|
|poke|p2|Gholdengo, L50|
|poke|p2|Tyranitar, L50, M|
|teampreview|4
|showteam|p1|Dragapult||ChoiceBand|ClearBody|DragonDarts,PhantomForce,Outrage,Uturn|||M|||50|,,,,,Dragon]Electabuzz||Eviolite|VitalSpirit|Electroweb,FollowMe,HelpingHand,Protect|||M|||50|,,,,,Fairy]Rillaboom||AssaultVest|GrassySurge|GrassyGlide,WoodHammer,FakeOut,Uturn|||F|||50|,,,,,Fire]Primarina||SitrusBerry|LiquidVoice|Moonblast,HyperVoice,Protect,Haze|||F|||50|,,,,,Steel]Volcarona||Leftovers|FlameBody|Flamethrower,GigaDrain,QuiverDance,Protect|||M|||50|,,,,,Grass]Sneasler||FocusSash|PoisonTouch|CloseCombat,DireClaw,FakeOut,Protect|||M|||50|,,,,,Stellar
|showteam|p2|Ursaluna||FlameOrb|Guts|HeadlongRush,Facade,Substitute,Protect|||F|||50|,,,,,Ghost]Amoonguss||SitrusBerry|Regenerator|Spore,ClearSmog,RagePowder,PollenPuff|||F|||50|,,,,,Psychic]Porygon2||Eviolite|Download|TeraBlast,IceBeam,TrickRoom,Recover||||||50|,,,,,Fighting]Incineroar||SafetyGoggles|Intimidate|FlareBlitz,KnockOff,PartingShot,FakeOut|||M|||50|,,,,,Grass]Gholdengo||Leftovers|GoodasGold|MakeItRain,ShadowBall,NastyPlot,Protect||||||50|,,,,,Dragon]Tyranitar||AssaultVest|SandStream|RockSlide,KnockOff,LowKick,TeraBlast|||M|||50|,,,,,Flying
|
|t:|1756822189
|teamsize|p1|4
|teamsize|p2|4
|start
|switch|p1a: Sneasler|Sneasler, L50, M|100/100
|switch|p1b: Volcarona|Volcarona, L50, M|100/100
|switch|p2a: Incineroar|Incineroar, L50, M|100/100
|switch|p2b: Gholdengo|Gholdengo, L50|100/100
|-ability|p2a: Incineroar|Intimidate|boost
|-unboost|p1a: Sneasler|atk|1
|-unboost|p1b: Volcarona|atk|1
|turn|1
|inactive|sylveon is so cute has 30 seconds left.
|
|t:|1756822220
|-terastallize|p2b: Gholdengo|Dragon
|move|p1a: Sneasler|Fake Out|p2a: Incineroar
|-damage|p2a: Incineroar|92/100
|-status|p2a: Incineroar|psn|[from] ability: Poison Touch|[of] p1a: Sneasler
|cant|p2a: Incineroar|flinch
|move|p1b: Volcarona|Quiver Dance|p1b: Volcarona
|-boost|p1b: Volcarona|spa|1
|-boost|p1b: Volcarona|spd|1
|-boost|p1b: Volcarona|spe|1
|move|p2b: Gholdengo|Nasty Plot|p2b: Gholdengo
|-boost|p2b: Gholdengo|spa|2
|
|-damage|p2a: Incineroar|79/100 psn|[from] psn
|upkeep
|turn|2
|inactive|Something147 has 30 seconds left.
|inactive|sylveon is so cute has 30 seconds left.
|inactive|Something147 has 20 seconds left.
|inactive|Something147 has 15 seconds left.
|inactive|Something147 has 10 seconds left.
|inactive|sylveon is so cute has 20 seconds left.
|
|t:|1756822267
|move|p1b: Volcarona|Giga Drain|p2b: Gholdengo
|-resisted|p2b: Gholdengo
|-damage|p2b: Gholdengo|82/100
|move|p1a: Sneasler|Dire Claw|p2b: Gholdengo
|-damage|p2b: Gholdengo|56/100
|move|p2b: Gholdengo|Make It Rain|p1b: Volcarona|[spread] p1a,p1b
|-resisted|p1b: Volcarona
|-enditem|p1a: Sneasler|Focus Sash
|-damage|p1a: Sneasler|1/100
|-damage|p1b: Volcarona|76/100
|-unboost|p2b: Gholdengo|spa|1
|move|p2a: Incineroar|Parting Shot|p1b: Volcarona
|-unboost|p1b: Volcarona|atk|1
|-unboost|p1b: Volcarona|spa|1
|
|t:|1756822286
|switch|p2a: Tyranitar|Tyranitar, L50, M|100/100|[from] Parting Shot
|-weather|Sandstorm|[from] ability: Sand Stream|[of] p2a: Tyranitar
|
|-weather|Sandstorm|[upkeep]
|-damage|p1b: Volcarona|70/100|[from] Sandstorm
|-damage|p1a: Sneasler|0 fnt|[from] Sandstorm
|-damage|p2b: Gholdengo|49/100|[from] Sandstorm
|faint|p1a: Sneasler
|-heal|p1b: Volcarona|76/100|[from] item: Leftovers
|-heal|p2b: Gholdengo|56/100|[from] item: Leftovers
|upkeep
|
|t:|1756822296
|switch|p1a: Rillaboom|Rillaboom, L50, F|100/100
|-fieldstart|move: Grassy Terrain|[from] ability: Grassy Surge|[of] p1a: Rillaboom
|turn|3
|
|t:|1756822314
|switch|p2a: Incineroar|Incineroar, L50, M|79/100 psn
|-ability|p2a: Incineroar|Intimidate|boost
|-unboost|p1a: Rillaboom|atk|1
|-unboost|p1b: Volcarona|atk|1
|move|p1a: Rillaboom|Fake Out|p2a: Incineroar
|-damage|p2a: Incineroar|70/100 psn
|move|p1b: Volcarona|Quiver Dance|p1b: Volcarona
|-boost|p1b: Volcarona|spa|1
|-boost|p1b: Volcarona|spd|1
|-boost|p1b: Volcarona|spe|1
|move|p2b: Gholdengo|Nasty Plot|p2b: Gholdengo
|-boost|p2b: Gholdengo|spa|2
|
|-weather|Sandstorm|[upkeep]
|-damage|p1b: Volcarona|70/100|[from] Sandstorm
|-damage|p2b: Gholdengo|49/100|[from] Sandstorm
|-damage|p1a: Rillaboom|95/100|[from] Sandstorm
|-heal|p1b: Volcarona|76/100|[from] Grassy Terrain
|-heal|p1b: Volcarona|82/100|[from] item: Leftovers
|-heal|p2b: Gholdengo|56/100|[from] Grassy Terrain
|-heal|p2b: Gholdengo|62/100|[from] item: Leftovers
|-heal|p1a: Rillaboom|100/100|[from] Grassy Terrain
|-heal|p2a: Incineroar|76/100 psn|[from] Grassy Terrain
|-damage|p2a: Incineroar|64/100 psn|[from] psn
|upkeep
|turn|4
|inactive|Something147 has 30 seconds left.
|inactive|Something147 has 20 seconds left.
|
|t:|1756822351
|move|p2a: Incineroar|Fake Out|p1b: Volcarona
|-damage|p1b: Volcarona|70/100
|cant|p1b: Volcarona|flinch
|move|p2b: Gholdengo|Nasty Plot|p2b: Gholdengo
|-boost|p2b: Gholdengo|spa|2
|move|p1a: Rillaboom|Wood Hammer|p2b: Gholdengo
|-resisted|p2b: Gholdengo
|-damage|p2b: Gholdengo|40/100
|-damage|p1a: Rillaboom|94/100|[from] Recoil
|
|-weather|Sandstorm|[upkeep]
|-damage|p1b: Volcarona|64/100|[from] Sandstorm
|-damage|p2b: Gholdengo|34/100|[from] Sandstorm
|-damage|p1a: Rillaboom|88/100|[from] Sandstorm
|-heal|p1b: Volcarona|70/100|[from] Grassy Terrain
|-heal|p1b: Volcarona|77/100|[from] item: Leftovers
|-heal|p2b: Gholdengo|40/100|[from] Grassy Terrain
|-heal|p2b: Gholdengo|46/100|[from] item: Leftovers
|-heal|p1a: Rillaboom|94/100|[from] Grassy Terrain
|-heal|p2a: Incineroar|70/100 psn|[from] Grassy Terrain
|-damage|p2a: Incineroar|57/100 psn|[from] psn
|upkeep
|turn|5
|inactive|Something147 has 30 seconds left.
|inactive|Something147 has 20 seconds left.
|inactive|Something147 has 15 seconds left.
|inactive|Something147 has 10 seconds left.
|inactive|Something147 has 5 seconds left.
|
|t:|1756822405
|-terastallize|p1b: Volcarona|Grass
|move|p2b: Gholdengo|Protect|p2b: Gholdengo
|-singleturn|p2b: Gholdengo|Protect
|move|p1b: Volcarona|Giga Drain|p2a: Incineroar
|-resisted|p2a: Incineroar
|-damage|p2a: Incineroar|32/100 psn
|-heal|p1b: Volcarona|90/100|[from] drain|[of] p2a: Incineroar
|move|p1a: Rillaboom|Wood Hammer|p2b: Gholdengo
|-activate|p2b: Gholdengo|move: Protect
|move|p2a: Incineroar|Parting Shot|p1b: Volcarona
|-unboost|p1b: Volcarona|atk|1
|-unboost|p1b: Volcarona|spa|1
|
|t:|1756822420
|switch|p2a: Amoonguss|Amoonguss, L50, F|100/100|[from] Parting Shot
|
|-weather|Sandstorm|[upkeep]
|-damage|p1b: Volcarona|84/100|[from] Sandstorm
|-damage|p2b: Gholdengo|40/100|[from] Sandstorm
|-damage|p1a: Rillaboom|88/100|[from] Sandstorm
|-damage|p2a: Amoonguss|95/100|[from] Sandstorm
|-heal|p1b: Volcarona|90/100|[from] Grassy Terrain
|-heal|p1b: Volcarona|96/100|[from] item: Leftovers
|-heal|p2b: Gholdengo|46/100|[from] Grassy Terrain
|-heal|p2b: Gholdengo|53/100|[from] item: Leftovers
|-heal|p1a: Rillaboom|94/100|[from] Grassy Terrain
|-heal|p2a: Amoonguss|100/100|[from] Grassy Terrain
|upkeep
|turn|6
|
|t:|1756822443
|move|p1b: Volcarona|Flamethrower|p2a: Amoonguss
|-supereffective|p2a: Amoonguss
|-damage|p2a: Amoonguss|9/100
|-enditem|p2a: Amoonguss|Sitrus Berry|[eat]
|-heal|p2a: Amoonguss|34/100|[from] item: Sitrus Berry
|move|p2b: Gholdengo|Make It Rain|p1b: Volcarona|[spread] p1a,p1b
|-damage|p1a: Rillaboom|0 fnt
|-damage|p1b: Volcarona|29/100
|-unboost|p2b: Gholdengo|spa|1
|faint|p1a: Rillaboom
|move|p2a: Amoonguss|Clear Smog|p1b: Volcarona
|-supereffective|p1b: Volcarona
|-crit|p1b: Volcarona
|-damage|p1b: Volcarona|0 fnt
|-clearboost|p1b: Volcarona
|faint|p1b: Volcarona
|
|-weather|none
|-heal|p2b: Gholdengo|59/100|[from] Grassy Terrain
|-heal|p2b: Gholdengo|65/100|[from] item: Leftovers
|-heal|p2a: Amoonguss|40/100|[from] Grassy Terrain
|upkeep
|
|t:|1756822464
|switch|p1b: Primarina|Primarina, L50, F|100/100
|turn|7
|
|t:|1756822470
|move|p2b: Gholdengo|Make It Rain|p1b: Primarina
|-damage|p1b: Primarina|0 fnt
|-unboost|p2b: Gholdengo|spa|1
|faint|p1b: Primarina
|
|win|sylveon is so cute
