|inactive|Battle timer is ON: inactive players will automatically lose when time's up.
|badge|p2|gold|gen9randombattle|3-10
|uhtml|medal-msg|Curious what those medals under the avatar are? PS now has Ladder Seasons! For more information, check out the thread on Smogon.
|html|EternalSnowmanMichaelderBeste2    
|uhtml|bestof|Game 2 of a best-of-3
|t:|1783703410
|gametype|doubles
|player|p1|EternalSnowman|#dwcopv|
|player|p2|MichaelderBeste2|#wcop2026germany|
|gen|9
|tier|[Gen 9 Champions] VGC 2026 Reg M-B (Bo3)
|rule|Species Clause: Limit one of each Pokémon
|rule|Item Clause: Limit 1 of each item
|clearpoke
|poke|p1|Raichu, L50, F|
|poke|p1|Mamoswine, L50, F|
|poke|p1|Gholdengo, L50|
|poke|p1|Corviknight, L50, F|
|poke|p1|Tyranitar, L50, M|
|poke|p1|Tsareena, L50, F|
|poke|p2|Kingambit, L50, F|
|poke|p2|Gardevoir, L50, M|
|poke|p2|Talonflame, L50, M|
|poke|p2|Maushold, L50|
|poke|p2|Basculegion, L50, M|
|poke|p2|Garchomp, L50, M|
|teampreview|4
|showteam|p1|Raichu||RaichuniteY|LightningRod|ZapCannon,FocusBlast,Protect,FakeOut|Timid||F|||50|]Mamoswine||LifeOrb|Oblivious|HighHorsepower,IceShard,IcicleCrash,Protect|Adamant||F|||50|]Gholdengo||ChoiceScarf|GoodasGold|SteelBeam,MakeItRain,ShadowBall,Psychic|Timid|||||50|]Corviknight||OccaBerry|MirrorArmor|IronHead,Protect,BraveBird,Tailwind|Adamant||F|||50|]Tyranitar||Tyranitarite|SandStream|RockSlide,KnockOff,LowKick,Protect|Adamant||M|||50|]Tsareena||SitrusBerry|QueenlyMajesty|PowerWhip,Taunt,LowKick,Protect|Adamant||F|||50|
|showteam|p2|Kingambit||FocusSash|Defiant|KowtowCleave,IronHead,SuckerPunch,LowKick|Adamant||F|||50|]Gardevoir||Gardevoirite|Telepathy|HyperVoice,Psyshock,TrickRoom,Protect|Modest||M|||50|]Talonflame||LifeOrb|GaleWings|DualWingbeat,FlareBlitz,Tailwind,Protect|Jolly||M|||50|]Maushold||ChopleBerry|FriendGuard|Feint,SuperFang,FollowMe,Protect|Impish|||||50|]Basculegion||MysticWater|Adaptability|WaveCrash,LastRespects,AquaJet,Protect|Adamant||M|||50|]Garchomp||SitrusBerry|RoughSkin|Earthquake,StompingTantrum,RockTomb,Protect|Jolly||M|||50|
|inactive|EternalSnowman has 60 seconds left.
|inactive|MichaelderBeste2 has 60 seconds left.
|inactive|EternalSnowman has 30 seconds left.
|inactive|MichaelderBeste2 has 30 seconds left.
|inactive|MichaelderBeste2 has 20 seconds left.
|inactive|MichaelderBeste2 has 15 seconds left.
|
|t:|1783703495
|teamsize|p1|4
|teamsize|p2|4
|start
|switch|p1a: Tsareena|Tsareena, L50, F|100/100
|switch|p1b: Corviknight|Corviknight, L50, F|100/100
|switch|p2a: Kingambit|Kingambit, L50, F|100/100
|switch|p2b: Talonflame|Talonflame, L50, M|100/100
|turn|1
|
|t:|1783703509
|switch|p2a: Basculegion|Basculegion, L50, M|100/100
|move|p2b: Talonflame|Tailwind|p2b: Talonflame
|-sidestart|p2: MichaelderBeste2|move: Tailwind
|move|p1a: Tsareena|Low Kick|p2a: Basculegion
|-immune|p2a: Basculegion
|move|p1b: Corviknight|Tailwind|p1b: Corviknight
|-sidestart|p1: EternalSnowman|move: Tailwind
|
|upkeep
|turn|2
|
|t:|1783703525
|switch|p1a: Tyranitar|Tyranitar, L50, M|100/100
|-weather|Sandstorm|[from] ability: Sand Stream|[of] p1a: Tyranitar
|move|p1b: Corviknight|Protect|p1b: Corviknight
|-singleturn|p1b: Corviknight|Protect
|move|p2b: Talonflame|Flare Blitz|p1a: Tyranitar
|-resisted|p1a: Tyranitar|1
|-damage|p1a: Tyranitar|76/100
|-damage|p2b: Talonflame|89/100|[from] Recoil
|-damage|p2b: Talonflame|80/100|[from] item: Life Orb
|move|p2a: Basculegion|Wave Crash|p1b: Corviknight
|-activate|p1b: Corviknight|move: Protect
|
|-weather|Sandstorm|[upkeep]
|-damage|p2b: Talonflame|74/100|[from] Sandstorm
|-damage|p2a: Basculegion|94/100|[from] Sandstorm
|upkeep
|turn|3
|inactive|EternalSnowman has 30 seconds left.
|inactive|MichaelderBeste2 has 30 seconds left.
|
|t:|1783703559
|detailschange|p1a: Tyranitar|Tyranitar-Mega, L50, M
|-mega|p1a: Tyranitar|Tyranitar|Tyranitarite
|move|p2a: Basculegion|Protect|p2a: Basculegion
|-singleturn|p2a: Basculegion|Protect
|move|p2b: Talonflame|Flare Blitz|p1b: Corviknight
|-supereffective|p1b: Corviknight|1
|-enditem|p1b: Corviknight|Occa Berry|[eat]
|-enditem|p1b: Corviknight|Occa Berry|[weaken]
|-damage|p1b: Corviknight|50/100g
|-damage|p2b: Talonflame|53/100|[from] Recoil
|-damage|p2b: Talonflame|43/100|[from] item: Life Orb
|move|p1a: Tyranitar|Knock Off|p2a: Basculegion
|-activate|p2a: Basculegion|move: Protect
|move|p1b: Corviknight|Brave Bird|p2b: Talonflame
|-damage|p2b: Talonflame|0 fnt
|faint|p2b: Talonflame
|-damage|p1b: Corviknight|39/100|[from] Recoil
|
|-weather|Sandstorm|[upkeep]
|-damage|p2a: Basculegion|88/100|[from] Sandstorm
|upkeep
|
|t:|1783703564
|switch|p2b: Gardevoir|Gardevoir, L50, M|100/100
|turn|4
|inactive|MichaelderBeste2 has 30 seconds left.
|
|t:|1783703596
|detailschange|p2b: Gardevoir|Gardevoir-Mega, L50, M
|-mega|p2b: Gardevoir|Gardevoir|Gardevoirite
|move|p2a: Basculegion|Aqua Jet|p1b: Corviknight
|-damage|p1b: Corviknight|10/100
|move|p2b: Gardevoir|Hyper Voice|p1b: Corviknight|[spread] p1a,p1b
|-supereffective|p1a: Tyranitar|1
|-resisted|p1b: Corviknight|1
|-damage|p1a: Tyranitar|29/100
|-damage|p1b: Corviknight|0 fnt
|faint|p1b: Corviknight
|move|p1a: Tyranitar|Knock Off|p2a: Basculegion
|-supereffective|p2a: Basculegion|1
|-damage|p2a: Basculegion|0 fnt
|-enditem|p2a: Basculegion|Mystic Water|[from] move: Knock Off|[of] p1a: Tyranitar
|faint|p2a: Basculegion
|
|-weather|Sandstorm|[upkeep]
|-damage|p2b: Gardevoir|94/100|[from] Sandstorm
|-sideend|p2: MichaelderBeste2|move: Tailwind
|-sideend|p1: EternalSnowman|move: Tailwind
|upkeep
|inactive|EternalSnowman has 30 seconds left.
|
|t:|1783703626
|switch|p2a: Kingambit|Kingambit, L50, F|100/100
|switch|p1b: Tsareena|Tsareena, L50, F|100/100
|turn|5
|
|t:|1783703646
|move|p1a: Tyranitar|Protect|p1a: Tyranitar
|-singleturn|p1a: Tyranitar|Protect
|move|p2b: Gardevoir|Hyper Voice|p1b: Tsareena|[spread] p1b
|-activate|p1a: Tyranitar|move: Protect
|-damage|p1b: Tsareena|48/100
|-enditem|p1b: Tsareena|Sitrus Berry|[eat]
|-heal|p1b: Tsareena|72/100|[from] item: Sitrus Berry
|move|p1b: Tsareena|Low Kick|p2a: Kingambit
|-supereffective|p2a: Kingambit|2
|-enditem|p2a: Kingambit|Focus Sash
|-damage|p2a: Kingambit|1/100
|move|p2a: Kingambit|Kowtow Cleave|p1b: Tsareena
|-damage|p1b: Tsareena|22/100
|
|-weather|Sandstorm|[upkeep]
|-damage|p2b: Gardevoir|88/100|[from] Sandstorm
|-damage|p1b: Tsareena|16/100|[from] Sandstorm
|upkeep
|turn|6
|
|t:|1783703664
|move|p1b: Tsareena|Protect|p1b: Tsareena
|-singleturn|p1b: Tsareena|Protect
|move|p2b: Gardevoir|Hyper Voice|p1a: Tyranitar|[spread] p1a
|-activate|p1b: Tsareena|move: Protect
|-supereffective|p1a: Tyranitar|1
|-damage|p1a: Tyranitar|0 fnt
|faint|p1a: Tyranitar
|move|p2a: Kingambit|Kowtow Cleave|p1b: Tsareena
|-activate|p1b: Tsareena|move: Protect
|
|-weather|none
|upkeep
|
|t:|1783703668
|switch|p1a: Mamoswine|Mamoswine, L50, F|100/100
|turn|7
|
|t:|1783703677
|move|p1b: Tsareena|Protect||[still]
|-fail|p1b: Tsareena
|move|p2b: Gardevoir|Hyper Voice|p1a: Mamoswine|[spread] p1a,p1b
|-damage|p1a: Mamoswine|39/100
|-damage|p1b: Tsareena|0 fnt
|faint|p1b: Tsareena
|move|p1a: Mamoswine|High Horsepower|p2b: Gardevoir
|-damage|p2b: Gardevoir|6/100
|-damage|p1a: Mamoswine|30/100|[from] item: Life Orb
|move|p2a: Kingambit|Iron Head|p1a: Mamoswine
|-supereffective|p1a: Mamoswine|1
|-damage|p1a: Mamoswine|0 fnt
|faint|p1a: Mamoswine
|
|win|MichaelderBeste2
||EternalSnowman is ready for game 3.
|inactive|MichaelderBeste2 has 30 seconds to confirm battle start!
|inactive|MichaelderBeste2 has 20 seconds to confirm battle start!
|inactive|MichaelderBeste2 has 10 seconds to confirm battle start!
|uhtml|next|Next: Game 3 of 3
