|inactive|Battle timer is ON: inactive players will automatically lose when time's up.
|html|ComputerWhizMezzaluca    
|uhtml|bestof|Game 2 of a best-of-3
|t:|1784484431
|gametype|doubles
|player|p1|ComputerWhiz|#ruclimagicchampions|
|player|p2|Mezzaluca|lucas|
|gen|9
|tier|[Gen 9 Champions] VGC 2026 Reg M-B (Bo3)
|rule|Species Clause: Limit one of each Pokémon
|rule|Item Clause: Limit 1 of each item
|clearpoke
|poke|p1|Staraptor, L50, M|
|poke|p1|Vanilluxe, L50, F|
|poke|p1|Farigiraf, L50, M|
|poke|p1|Blastoise, L50, F|
|poke|p1|Kingambit, L50, M|
|poke|p1|Camerupt, L50, M|
|poke|p2|Venusaur, L50, F|
|poke|p2|Grimmsnarl, L50, M|
|poke|p2|Pelipper, L50, F|
|poke|p2|Archaludon, L50, F|
|poke|p2|Charizard, L50, M|
|poke|p2|Basculegion, L50, M|
|teampreview|4
|showteam|p1|Staraptor||ChoiceScarf|Intimidate|FinalGambit,BraveBird,CloseCombat,Uturn|Jolly||M|||50|]Vanilluxe||NeverMeltIce|SnowWarning|Blizzard,FreezeDry,Protect,IceShard|Quiet||F|||50|]Farigiraf||SitrusBerry|ArmorTail|PsychicFangs,HyperVoice,HelpingHand,TrickRoom|Relaxed||M|||50|]Blastoise||Blastoisinite|RainDish|FakeOut,WaterSpout,AuraSphere,DarkPulse|Quiet||F|||50|]Kingambit||LifeOrb|Defiant|KowtowCleave,IronHead,Protect,SuckerPunch|Brave||M|||50|]Camerupt||Cameruptite|SolidRock|HeatWave,EarthPower,Protect,AncientPower|Quiet||M|||50|
|showteam|p2|Venusaur||FocusSash|Chlorophyll|SludgeBomb,EarthPower,SleepPowder,Protect|Modest||F|||50|]Grimmsnarl||LightClay|Prankster|SpiritBreak,Reflect,LightScreen,PartingShot|Careful||M|||50|]Pelipper||SitrusBerry|Drizzle|Hurricane,WeatherBall,Tailwind,WideGuard|Modest||F|||50|]Archaludon||Leftovers|Stamina|DragonPulse,FlashCannon,ElectroShot,Protect|Modest||F|||50|]Charizard||CharizarditeY|Blaze|HeatWave,SolarBeam,WeatherBall,Protect|Modest||M|||50|]Basculegion||ChoiceScarf|Adaptability|WaveCrash,FlipTurn,LastRespects,AquaJet|Jolly||M|||50|
|inactive|ComputerWhiz also wants the timer to be on.
|c|☆ComputerWhiz|hf
|inactive|ComputerWhiz has 60 seconds left.
|inactive|Mezzaluca has 60 seconds left.
|inactive|ComputerWhiz has 30 seconds left.
|inactive|Mezzaluca has 30 seconds left.
|inactive|Mezzaluca has 20 seconds left.
|inactive|Mezzaluca has 15 seconds left.
|inactive|Mezzaluca has 10 seconds left.
|
|t:|1784484513
|teamsize|p1|4
|teamsize|p2|4
|start
|switch|p1a: Farigiraf|Farigiraf, L50, M|100/100
|switch|p1b: Blastoise|Blastoise, L50, F|100/100
|switch|p2a: Grimmsnarl|Grimmsnarl, L50, M|100/100
|switch|p2b: Charizard|Charizard, L50, M|100/100
|turn|1
|
|t:|1784484535
|detailschange|p1b: Blastoise|Blastoise-Mega, L50, F
|-mega|p1b: Blastoise|Blastoise|Blastoisinite
|move|p1b: Blastoise|Fake Out|p2b: Charizard
|-damage|p2b: Charizard|91/100
|move|p2a: Grimmsnarl|Light Screen|p2a: Grimmsnarl
|-sidestart|p2: Mezzaluca|move: Light Screen
|cant|p2b: Charizard|flinch
|move|p1a: Farigiraf|Trick Room|p1a: Farigiraf
|-fieldstart|move: Trick Room|[of] p1a: Farigiraf
|
|upkeep
|turn|2
|
|t:|1784484557
|switch|p1b: Kingambit|Kingambit, L50, M|100/100
|move|p2b: Charizard|Protect|p2b: Charizard
|-singleturn|p2b: Charizard|Protect
|move|p1a: Farigiraf|Psychic Fangs|p2b: Charizard
|-activate|p2b: Charizard|move: Protect
|move|p2a: Grimmsnarl|Spirit Break|p1b: Kingambit
|-damage|p1b: Kingambit|76/100
|-unboost|p1b: Kingambit|spa|1
|-ability|p1b: Kingambit|Defiant|boost
|-boost|p1b: Kingambit|atk|2
|
|upkeep
|turn|3
|inactive|Mezzaluca has 30 seconds left.
|
|t:|1784484592
|switch|p2b: Archaludon|Archaludon, L50, F|100/100
|move|p1a: Farigiraf|Helping Hand|p1b: Kingambit
|-singleturn|p1b: Kingambit|Helping Hand|[of] p1a: Farigiraf
|move|p1b: Kingambit|Kowtow Cleave|p2b: Archaludon
|-damage|p2b: Archaludon|0 fnt
|faint|p2b: Archaludon
|-damage|p1b: Kingambit|67/100|[from] item: Life Orb
|move|p2a: Grimmsnarl|Spirit Break|p1a: Farigiraf
|-damage|p1a: Farigiraf|74/100
|-unboost|p1a: Farigiraf|spa|1
|
|upkeep
|
|t:|1784484601
|switch|p2b: Charizard|Charizard, L50, M|91/100
|turn|4
|
|t:|1784484622
|detailschange|p2b: Charizard|Charizard-Mega-Y, L50, M
|-mega|p2b: Charizard|Charizard|Charizardite Y
|-weather|SunnyDay|[from] ability: Drought|[of] p2b: Charizard
|move|p1a: Farigiraf|Helping Hand|p1b: Kingambit
|-singleturn|p1b: Kingambit|Helping Hand|[of] p1a: Farigiraf
|move|p2a: Grimmsnarl|Reflect|p2a: Grimmsnarl
|-sidestart|p2: Mezzaluca|Reflect
|move|p1b: Kingambit|Iron Head|p2a: Grimmsnarl
|-supereffective|p2a: Grimmsnarl|1
|-damage|p2a: Grimmsnarl|0 fnt
|faint|p2a: Grimmsnarl
|-damage|p1b: Kingambit|57/100|[from] item: Life Orb
|move|p2b: Charizard|Heat Wave|p1a: Farigiraf|[spread] p1a,p1b
|-supereffective|p1b: Kingambit|1
|-damage|p1a: Farigiraf|18/100
|-damage|p1b: Kingambit|0 fnt
|-enditem|p1a: Farigiraf|Sitrus Berry|[eat]
|-heal|p1a: Farigiraf|43/100|[from] item: Sitrus Berry
|faint|p1b: Kingambit
|
|-weather|SunnyDay|[upkeep]
|upkeep
|
|t:|1784484631
|switch|p1b: Vanilluxe|Vanilluxe, L50, F|100/100
|switch|p2a: Basculegion|Basculegion, L50, M|100/100
|-weather|Snowscape|[from] ability: Snow Warning|[of] p1b: Vanilluxe
|turn|5
|
|t:|1784484643
|move|p1a: Farigiraf|Psychic Fangs|p2a: Basculegion
|-sideend|p2: Mezzaluca|Reflect
|-sideend|p2: Mezzaluca|move: Light Screen
|-damage|p2a: Basculegion|67/100
|move|p1b: Vanilluxe|Freeze-Dry|p2a: Basculegion
|-supereffective|p2a: Basculegion|1
|-damage|p2a: Basculegion|0 fnt
|faint|p2a: Basculegion
|move|p2b: Charizard|Heat Wave|p1b: Vanilluxe|[spread] p1a,p1b
|-supereffective|p1b: Vanilluxe|1
|-damage|p1a: Farigiraf|4/100
|-damage|p1b: Vanilluxe|12/100
|
|-weather|Snowscape|[upkeep]
|-fieldend|move: Trick Room
|upkeep
|turn|6
|inactive|ComputerWhiz has 30 seconds left.
|
|t:|1784484669
|move|p1b: Vanilluxe|Protect|p1b: Vanilluxe
|-singleturn|p1b: Vanilluxe|Protect
|move|p2b: Charizard|Heat Wave|p1a: Farigiraf|[spread] p1a
|-activate|p1b: Vanilluxe|move: Protect
|-damage|p1a: Farigiraf|0 fnt
|faint|p1a: Farigiraf
|
|-weather|Snowscape|[upkeep]
|upkeep
|
|t:|1784484671
|switch|p1a: Blastoise|Blastoise-Mega, L50, F|100/100
|turn|7
|
|t:|1784484678
|move|p1a: Blastoise|Fake Out|p2b: Charizard
|-damage|p2b: Charizard|83/100
|cant|p2b: Charizard|flinch
|move|p1b: Vanilluxe|Blizzard|p2b: Charizard
|-damage|p2b: Charizard|28/100
|-status|p2b: Charizard|frz
|
|-weather|Snowscape|[upkeep]
|upkeep
|turn|8
|c|☆ComputerWhiz|ggs
|-message|Mezzaluca forfeited.
|
|win|ComputerWhiz
|c|☆Mezzaluca|gg
