|inactive|Battle timer is ON: inactive players will automatically lose when time's up.
|html|mixniteBconckord    
|uhtml|bestof|Game 1 of a best-of-3
|t:|1756563015
|gametype|doubles
|player|p1|mixnite|artist-gen6|
|player|p2|Bconckord|101|
|gen|9
|tier|[Gen 9] VGC 2025 Reg H (Bo3)
|rule|Species Clause: Limit one of each Pokémon
|rule|Item Clause: Limit 1 of each item
|clearpoke
|poke|p1|Hydreigon, L50, F|
|poke|p1|Tinkaton, L50, F|
|poke|p1|Zoroark-Hisui, L50, F|
|poke|p1|Chesnaught, L50, F|
|poke|p1|Gastrodon-East, L50, M|
|poke|p1|Arcanine-Hisui, L50, M|
|poke|p2|Indeedee, L50, M|
|poke|p2|Sneasler, L50, F|
|poke|p2|Gholdengo, L50|
|poke|p2|Incineroar, L50, F|
|poke|p2|Amoonguss, L50, M|
|poke|p2|Annihilape, L50, M|
|teampreview|4
|showteam|p1|Hydreigon||ThroatSpray|Levitate|Protect,DracoMeteor,Snarl,Taunt|||F|||50|,,,,,Steel]Tinkaton||CovertCloak|MoldBreaker|Protect,ThunderWave,GigatonHammer,FakeOut|||F|||50|,,,,,Water]Zoroark-Hisui||FocusSash|Illusion|Protect,ShadowBall,NastyPlot,TeraBlast|||F|||50|,,,,,Fighting]Chesnaught||SitrusBerry|Bulletproof|SpikyShield,Coaching,BodyPress,WideGuard|||F|||50|,,,,,Fire]Gastrodon-East||AssaultVest|StormDrain|SludgeBomb,MuddyWater,EarthPower,ClearSmog|||M|||50|,,,,,Poison]Arcanine-Hisui||SafetyGoggles|Intimidate|Protect,RockSlide,FlareBlitz,CloseCombat|||M|||50|,,,,,Fairy
|showteam|p2|Indeedee||FocusSash|PsychicSurge|ExpandingForce,TrickRoom,Imprison,TeraBlast|||M|||50|,,,,,Psychic]Sneasler||PsychicSeed|Unburden|DireClaw,CloseCombat,ThroatChop,Coaching|||F|||50|,,,,,Dark]Gholdengo||LifeOrb|GoodasGold|NastyPlot,MakeItRain,ShadowBall,Protect||||||50|,,,,,Water]Incineroar||SafetyGoggles|Intimidate|FakeOut,KnockOff,WillOWisp,PartingShot|||F|||50|,,,,,Ghost]Amoonguss||RockyHelmet|Regenerator|Spore,RagePowder,PollenPuff,Protect|||M|||50|,,,,,Water]Annihilape||Leftovers|Defiant|BulkUp,DrainPunch,RageFist,Protect|||M|||50|,,,,,Fire
|c|☆mixnite|glhf
|c|☆Bconckord|oh what in the world
|c|☆Bconckord|glhf
|inactive|mixnite has 60 seconds left.
|inactive|Bconckord has 60 seconds left.
|c|☆Bconckord|im sorry but ur team is frying my brain
|c|☆mixnite|dont 
|c|☆mixnite|ask
|c|☆mixnite|questions
|c|☆Bconckord|LMFAO
|inactive|mixnite has 30 seconds left.
|c|☆mixnite|look at my avatar
|c|☆mixnite|i'm an artist
|inactive|mixnite has 20 seconds left.
|c|☆Bconckord|LMAO
|inactive|mixnite has 15 seconds left.
|c|☆Bconckord|looks like smeargle
|inactive|mixnite has 10 seconds left.
|
|t:|1756563096
|teamsize|p1|4
|teamsize|p2|4
|start
|switch|p1a: Tinkaton|Tinkaton, L50, F|100/100
|switch|p1b: Hydreigon|Hydreigon, L50, F|100/100
|switch|p2a: Indeedee|Indeedee, L50, M|100/100
|switch|p2b: Sneasler|Sneasler, L50, F|100/100
|-fieldstart|move: Psychic Terrain|[from] ability: Psychic Surge|[of] p2a: Indeedee
|-enditem|p2b: Sneasler|Psychic Seed
|-boost|p2b: Sneasler|spd|1|[from] item: Psychic Seed
|-ability|p1a: Tinkaton|Mold Breaker
|turn|1
|c|☆mixnite|i should have brought that guy
|c|☆mixnite|naur
|inactive|Bconckord has 30 seconds left.
|
|t:|1756563121
|move|p1b: Hydreigon|Protect|p1b: Hydreigon
|-singleturn|p1b: Hydreigon|Protect
|move|p2b: Sneasler|Close Combat|p1b: Hydreigon
|-activate|p1b: Hydreigon|move: Protect
|move|p2a: Indeedee|Expanding Force|p1a: Tinkaton|[spread] p1a
|-activate|p1b: Hydreigon|move: Protect
|-resisted|p1a: Tinkaton
|-damage|p1a: Tinkaton|76/100
|move|p1a: Tinkaton|Thunder Wave|p2b: Sneasler
|-status|p2b: Sneasler|par
|
|upkeep
|turn|2
|inactive|Bconckord has 30 seconds left.
|
|t:|1756563147
|switch|p2a: Incineroar|Incineroar, L50, F|100/100
|-ability|p2a: Incineroar|Intimidate|boost
|-unboost|p1a: Tinkaton|atk|1
|-unboost|p1b: Hydreigon|atk|1
|switch|p1b: Chesnaught|Chesnaught, L50, F|100/100
|move|p2b: Sneasler|Close Combat|p1b: Chesnaught
|-immune|p1b: Chesnaught
|move|p1a: Tinkaton|Gigaton Hammer|p2b: Sneasler
|-damage|p2b: Sneasler|54/100 par
|
|upkeep
|turn|3
|inactive|Bconckord has 30 seconds left.
|inactive|mixnite has 30 seconds left.
|inactive|mixnite has 20 seconds left.
|
|t:|1756563188
|move|p1b: Chesnaught|Protect|p1b: Chesnaught
|-singleturn|p1b: Chesnaught|Protect
|move|p2b: Sneasler|Throat Chop|p1b: Chesnaught
|-activate|p1b: Chesnaught|move: Protect
|move|p1a: Tinkaton|Thunder Wave|p2a: Incineroar
|-status|p2a: Incineroar|par
|move|p2a: Incineroar|Knock Off|p1b: Chesnaught
|-activate|p1b: Chesnaught|move: Protect
|
|upkeep
|turn|4
|
|t:|1756563201
|move|p1b: Chesnaught|Nasty Plot|p1b: Chesnaught
|-boost|p1b: Chesnaught|spa|2
|move|p2b: Sneasler|Throat Chop|p1b: Chesnaught
|-supereffective|p1b: Chesnaught
|-enditem|p1b: Chesnaught|Focus Sash
|-damage|p1b: Chesnaught|1/100
|-start|p1b: Chesnaught|Throat Chop|[silent]
|replace|p1b: Zoroark|Zoroark-Hisui, L50, F
|-end|p1b: Zoroark|Illusion
|move|p1a: Tinkaton|Gigaton Hammer|p2b: Sneasler
|-damage|p2b: Sneasler|5/100 par
|move|p2a: Incineroar|Knock Off|p1b: Zoroark
|-supereffective|p1b: Zoroark
|-damage|p1b: Zoroark|0 fnt
|faint|p1b: Zoroark
|
|upkeep
|
|t:|1756563224
|switch|p1b: Chesnaught|Chesnaught, L50, F|100/100
|turn|5
|inactive|Bconckord has 30 seconds left.
|inactive|Bconckord has 20 seconds left.
|inactive|Bconckord has 15 seconds left.
|
|t:|1756563265
|switch|p1a: Hydreigon|Hydreigon, L50, F|100/100
|-terastallize|p1b: Chesnaught|Fire
|move|p2b: Sneasler|Close Combat|p1a: Hydreigon
|-supereffective|p1a: Hydreigon
|-damage|p1a: Hydreigon|0 fnt
|-unboost|p2b: Sneasler|def|1
|-unboost|p2b: Sneasler|spd|1
|faint|p1a: Hydreigon
|move|p1b: Chesnaught|Body Press|p2b: Sneasler
|-resisted|p2b: Sneasler
|-damage|p2b: Sneasler|0 fnt
|faint|p2b: Sneasler
|move|p2a: Incineroar|Knock Off|p1b: Chesnaught
|-damage|p1b: Chesnaught|72/100
|-enditem|p1b: Chesnaught|Sitrus Berry|[from] move: Knock Off|[of] p2a: Incineroar
|
|-fieldend|move: Psychic Terrain
|upkeep
|c|☆mixnite|ok gg
|c|☆mixnite|wp
|inactive|Bconckord has 30 seconds left.
|
|t:|1756563293
|switch|p2b: Indeedee|Indeedee, L50, M|100/100
|switch|p1a: Tinkaton|Tinkaton, L50, F|76/100
|-fieldstart|move: Psychic Terrain|[from] ability: Psychic Surge|[of] p2b: Indeedee
|-ability|p1a: Tinkaton|Mold Breaker
|turn|6
|inactive|mixnite has 30 seconds left.
|inactive|Bconckord has 30 seconds left.
|inactive|Bconckord has 20 seconds left.
|inactive|Bconckord has 15 seconds left.
|inactive|Bconckord has 10 seconds left.
|inactive|Bconckord has 5 seconds left.
|
|t:|1756563345
|-terastallize|p2a: Incineroar|Ghost
|move|p1b: Chesnaught|Spiky Shield|p1b: Chesnaught
|-singleturn|p1b: Chesnaught|move: Protect
|move|p2b: Indeedee|Expanding Force|p1a: Tinkaton|[spread] p1a
|-activate|p1b: Chesnaught|move: Protect
|-resisted|p1a: Tinkaton
|-damage|p1a: Tinkaton|52/100
|move|p1a: Tinkaton|Thunder Wave|p2b: Indeedee
|-status|p2b: Indeedee|par
|move|p2a: Incineroar|Knock Off|p1a: Tinkaton
|-resisted|p1a: Tinkaton
|-damage|p1a: Tinkaton|27/100
|-enditem|p1a: Tinkaton|Covert Cloak|[from] move: Knock Off|[of] p2a: Incineroar
|
|upkeep
|turn|7
|
|t:|1756563362
|move|p1a: Tinkaton|Gigaton Hammer|p2a: Incineroar
|-damage|p2a: Incineroar|60/100 par
|move|p1b: Chesnaught|Coaching|p1a: Tinkaton
|-boost|p1a: Tinkaton|atk|1
|-boost|p1a: Tinkaton|def|1
|move|p2b: Indeedee|Expanding Force|p1a: Tinkaton|[spread] p1a,p1b
|-resisted|p1a: Tinkaton
|-damage|p1a: Tinkaton|5/100
|-damage|p1b: Chesnaught|17/100
|move|p2a: Incineroar|Knock Off|p1a: Tinkaton
|-resisted|p1a: Tinkaton
|-damage|p1a: Tinkaton|0 fnt
|faint|p1a: Tinkaton
|
|upkeep
|turn|8
|-message|mixnite forfeited.
|
|win|Bconckord
||Bconckord is ready for game 2.
||mixnite is ready for game 2.
|uhtml|next|Next: Game 2 of 3
