|inactive|Battle timer is ON: inactive players will automatically lose when time's up.
|badge|p2|gold|gen9randombattle|3-10
|uhtml|medal-msg|Curious what those medals under the avatar are? PS now has Ladder Seasons! For more information, check out the thread on Smogon.
|html|dartsvgMichaelderBeste2    
|uhtml|bestof|Game 3 of a best-of-3
|t:|1784317849
|gametype|doubles
|player|p1|dartsvg|#smogonxnpa2024draftee2|
|player|p2|MichaelderBeste2|#wcop2026germany|
|gen|9
|tier|[Gen 9 Champions] VGC 2026 Reg M-B (Bo3)
|rule|Species Clause: Limit one of each Pokémon
|rule|Item Clause: Limit 1 of each item
|clearpoke
|poke|p1|Charizard, L50, F|
|poke|p1|Incineroar, L50, F|
|poke|p1|Annihilape, L50, M|
|poke|p1|Garchomp, L50, F|
|poke|p1|Toxapex, L50, F|
|poke|p1|Venusaur, L50, M|
|poke|p2|Gengar, L50, F|
|poke|p2|Swampert, L50, M|
|poke|p2|Incineroar, L50, F|
|poke|p2|Politoed, L50, F|
|poke|p2|Archaludon, L50, M|
|poke|p2|Vivillon, L50, F|
|teampreview|4
|showteam|p1|Charizard||CharizarditeY|Blaze|HeatWave,WeatherBall,SolarBeam,Protect|Modest||F|||50|]Incineroar||SitrusBerry|Intimidate|FakeOut,FlareBlitz,DarkestLariat,PartingShot|Impish||F|||50|]Annihilape||FocusSash|Defiant|CloseCombat,PhantomForce,Taunt,Protect|Adamant||M|||50|]Garchomp||ChoiceScarf|RoughSkin|DragonClaw,Earthquake,RockSlide,StompingTantrum|Adamant||F|||50|]Toxapex||Leftovers|Regenerator|Toxic,Infestation,WideGuard,BanefulBunker|Relaxed||F|||50|]Venusaur||LifeOrb|Chlorophyll|SleepPowder,SludgeBomb,EarthPower,Protect|Modest||M|||50|
|showteam|p2|Gengar||Gengarite|CursedBody|SludgeBomb,ShadowBall,PerishSong,Protect|Timid||F|||50|]Swampert||Swampertite|Torrent|WaveCrash,Earthquake,IcePunch,Protect|Adamant||M|||50|]Incineroar||PasshoBerry|Intimidate|ThroatChop,FakeOut,PartingShot,Protect|Sassy||F|||50|]Politoed||SitrusBerry|Drizzle|WeatherBall,PerishSong,Encore,Protect|Calm||F|||50|]Archaludon||Leftovers|Stamina|DragonPulse,FlashCannon,ElectroShot,Protect|Bold||M|||50|]Vivillon||FocusSash|CompoundEyes|Hurricane,SleepPowder,RagePowder,Protect|Timid||F|||50|
|c|+Ferrari450|go michael!
|inactive|dartsvg has 60 seconds left.
|inactive|MichaelderBeste2 has 60 seconds left.
|inactive|dartsvg has 30 seconds left.
|
|t:|1784317910
|teamsize|p1|4
|teamsize|p2|4
|start
|switch|p1a: Garchomp|Garchomp, L50, F|100/100
|switch|p1b: Incineroar|Incineroar, L50, F|100/100
|switch|p2a: Swampert|Swampert, L50, M|100/100
|switch|p2b: Vivillon|Vivillon, L50, F|100/100
|-ability|p1b: Incineroar|Intimidate|boost
|-unboost|p2a: Swampert|atk|1
|-unboost|p2b: Vivillon|atk|1
|turn|1
|inactive|dartsvg has 30 seconds left.
|
|t:|1784317941
|switch|p2b: Archaludon|Archaludon, L50, M|100/100
|detailschange|p2a: Swampert|Swampert-Mega, L50, M
|-mega|p2a: Swampert|Swampert|Swampertite
|move|p1b: Incineroar|Fake Out|p2a: Swampert
|-damage|p2a: Swampert|90/100
|move|p1a: Garchomp|Rock Slide|p2b: Archaludon|[spread] p2a,p2b
|-resisted|p2a: Swampert|1
|-resisted|p2b: Archaludon|1
|-damage|p2a: Swampert|81/100
|-damage|p2b: Archaludon|93/100
|-ability|p2b: Archaludon|Stamina|boost
|-boost|p2b: Archaludon|def|1
|cant|p2a: Swampert|flinch
|
|-heal|p2b: Archaludon|100/100|[from] item: Leftovers
|upkeep
|turn|2
|inactive|MichaelderBeste2 has 30 seconds left.
|
|t:|1784317976
|move|p1a: Garchomp|Rock Slide|p2b: Archaludon|[spread] p2a,p2b
|-resisted|p2a: Swampert|1
|-resisted|p2b: Archaludon|1
|-damage|p2a: Swampert|72/100
|-damage|p2b: Archaludon|95/100
|-ability|p2b: Archaludon|Stamina|boost
|-boost|p2b: Archaludon|def|1
|move|p2a: Swampert|Ice Punch|p1a: Garchomp
|-supereffective|p1a: Garchomp|2
|-damage|p1a: Garchomp|23/100
|-damage|p2a: Swampert|60/100|[from] ability: Rough Skin|[of] p1a: Garchomp
|cant|p2b: Archaludon|flinch
|move|p1b: Incineroar|Parting Shot|p2b: Archaludon
|-unboost|p2b: Archaludon|atk|1
|-unboost|p2b: Archaludon|spa|1
|
|t:|1784317986
|switch|p1b: Charizard|Charizard, L50, F|100/100|[from] Parting Shot
|
|-heal|p2b: Archaludon|100/100|[from] item: Leftovers
|upkeep
|turn|3
|
|t:|1784318003
|switch|p1a: Venusaur|Venusaur, L50, M|100/100
|move|p1b: Charizard|Protect|p1b: Charizard
|-singleturn|p1b: Charizard|Protect
|move|p2a: Swampert|Wave Crash|p1b: Charizard
|-activate|p1b: Charizard|move: Protect
|move|p2b: Archaludon|Dragon Pulse|p1b: Charizard
|-activate|p1b: Charizard|move: Protect
|
|upkeep
|turn|4
|inactive|dartsvg has 30 seconds left.
|
|t:|1784318033
|switch|p1b: Incineroar|Incineroar, L50, F|100/100
|-ability|p1b: Incineroar|Intimidate|boost
|-unboost|p2a: Swampert|atk|1
|-unboost|p2b: Archaludon|atk|1
|move|p2b: Archaludon|Protect|p2b: Archaludon
|-singleturn|p2b: Archaludon|Protect
|move|p2a: Swampert|Wave Crash|p1b: Incineroar
|-supereffective|p1b: Incineroar|1
|-damage|p1b: Incineroar|33/100
|-enditem|p1b: Incineroar|Sitrus Berry|[eat]
|-heal|p1b: Incineroar|58/100|[from] item: Sitrus Berry
|-damage|p2a: Swampert|35/100|[from] Recoil
|move|p1a: Venusaur|Sleep Powder|p2b: Archaludon
|-activate|p2b: Archaludon|move: Protect
|
|upkeep
|turn|5
|
|t:|1784318049
|move|p1b: Incineroar|Fake Out|p2a: Swampert
|-damage|p2a: Swampert|26/100
|cant|p2a: Swampert|flinch
|move|p1a: Venusaur|Sleep Powder|p2b: Archaludon
|-status|p2b: Archaludon|slp|[from] move: Sleep Powder
|cant|p2b: Archaludon|slp
|
|upkeep
|turn|6
|
|t:|1784318072
|switch|p2b: Vivillon|Vivillon, L50, F|100/100
|switch|p1b: Garchomp|Garchomp, L50, F|23/100
|move|p1a: Venusaur|Earth Power|p2b: Vivillon
|-immune|p2b: Vivillon
|move|p2a: Swampert|Ice Punch|p1a: Venusaur
|-supereffective|p1a: Venusaur|1
|-damage|p1a: Venusaur|57/100
|
|upkeep
|turn|7
|inactive|MichaelderBeste2 has 30 seconds left.
|inactive|MichaelderBeste2 has 20 seconds left.
|inactive|MichaelderBeste2 has 15 seconds left.
|inactive|MichaelderBeste2 has 10 seconds left.
|inactive|MichaelderBeste2 has 5 seconds left.
|
|t:|1784318122
|switch|p1a: Incineroar|Incineroar, L50, F|58/100
|-ability|p1a: Incineroar|Intimidate|boost
|-unboost|p2a: Swampert|atk|1
|-unboost|p2b: Vivillon|atk|1
|move|p2b: Vivillon|Protect|p2b: Vivillon
|-singleturn|p2b: Vivillon|Protect
|move|p1b: Garchomp|Dragon Claw|p2a: Swampert
|-damage|p2a: Swampert|0 fnt
|faint|p2a: Swampert
|
|upkeep
|
|t:|1784318143
|switch|p2a: Archaludon|Archaludon, L50, M|100/100 slp
|turn|8
|
|t:|1784318161
|switch|p2b: Politoed|Politoed, L50, F|100/100
|-weather|RainDance|[from] ability: Drizzle|[of] p2b: Politoed
|move|p1b: Garchomp|Dragon Claw|p2b: Politoed
|-damage|p2b: Politoed|61/100
|cant|p2a: Archaludon|slp
|move|p1a: Incineroar|Parting Shot|p2a: Archaludon
|-unboost|p2a: Archaludon|atk|1
|-unboost|p2a: Archaludon|spa|1
|
|t:|1784318168
|switch|p1a: Charizard|Charizard, L50, F|100/100|[from] Parting Shot
|
|-weather|RainDance|[upkeep]
|upkeep
|turn|9
|inactive|MichaelderBeste2 has 30 seconds left.
|inactive|MichaelderBeste2 has 20 seconds left.
|
|t:|1784318204
|detailschange|p1a: Charizard|Charizard-Mega-Y, L50, F
|-mega|p1a: Charizard|Charizard|Charizardite Y
|-weather|SunnyDay|[from] ability: Drought|[of] p1a: Charizard
|-curestatus|p2a: Archaludon|slp|[msg]
|move|p2a: Archaludon|Protect|p2a: Archaludon
|-singleturn|p2a: Archaludon|Protect
|move|p1b: Garchomp|Dragon Claw|p2b: Politoed
|-damage|p2b: Politoed|19/100
|-enditem|p2b: Politoed|Sitrus Berry|[eat]
|-heal|p2b: Politoed|44/100|[from] item: Sitrus Berry
|move|p1a: Charizard|Weather Ball|p2a: Archaludon
|-activate|p2a: Archaludon|move: Protect
|move|p2b: Politoed|Perish Song|p2b: Politoed
|-start|p1a: Charizard|perish3|[silent]
|-start|p1b: Garchomp|perish3|[silent]
|-start|p2a: Archaludon|perish3|[silent]
|-start|p2b: Politoed|perish3|[silent]
|-fieldactivate|move: Perish Song
|
|-weather|SunnyDay|[upkeep]
|-start|p1b: Garchomp|perish3
|-start|p1a: Charizard|perish3
|-start|p2a: Archaludon|perish3
|-start|p2b: Politoed|perish3
|upkeep
|turn|10
|
|t:|1784318220
|switch|p2b: Vivillon|Vivillon, L50, F|100/100
|move|p2a: Archaludon|Protect||[still]
|-fail|p2a: Archaludon
|move|p1b: Garchomp|Dragon Claw|p2a: Archaludon
|-damage|p2a: Archaludon|71/100
|-ability|p2a: Archaludon|Stamina|boost
|-boost|p2a: Archaludon|def|1
|move|p1a: Charizard|Weather Ball|p2a: Archaludon
|-damage|p2a: Archaludon|0 fnt
|faint|p2a: Archaludon
|
|-weather|SunnyDay|[upkeep]
|-start|p1b: Garchomp|perish2
|-start|p1a: Charizard|perish2
|upkeep
|
|t:|1784318223
|switch|p2a: Politoed|Politoed, L50, F|44/100
|-weather|RainDance|[from] ability: Drizzle|[of] p2a: Politoed
|turn|11
|
|t:|1784318246
|switch|p1b: Venusaur|Venusaur, L50, M|57/100
|switch|p1a: Incineroar|Incineroar, L50, F|58/100
|-ability|p1a: Incineroar|Intimidate|boost
|-unboost|p2a: Politoed|atk|1
|-unboost|p2b: Vivillon|atk|1
|move|p2b: Vivillon|Hurricane|p1b: Venusaur
|-supereffective|p1b: Venusaur|1
|-damage|p1b: Venusaur|0 fnt
|faint|p1b: Venusaur
|move|p2a: Politoed|Weather Ball|p1a: Incineroar
|-supereffective|p1a: Incineroar|1
|-damage|p1a: Incineroar|0 fnt
|faint|p1a: Incineroar
|
|-weather|RainDance|[upkeep]
|upkeep
|
|t:|1784318250
|switch|p1b: Garchomp|Garchomp, L50, F|23/100
|switch|p1a: Charizard|Charizard-Mega-Y, L50, F|100/100
|-weather|SunnyDay|[from] ability: Drought|[of] p1a: Charizard
|turn|12
|inactive|MichaelderBeste2 has 30 seconds left.
|
|t:|1784318282
|move|p1b: Garchomp|Rock Slide|p2b: Vivillon|[spread] p2a,p2b
|-supereffective|p2b: Vivillon|2
|-damage|p2a: Politoed|25/100
|-enditem|p2b: Vivillon|Focus Sash
|-damage|p2b: Vivillon|1/100
|move|p2b: Vivillon|Sleep Powder|p1a: Charizard
|-status|p1a: Charizard|slp|[from] move: Sleep Powder
|cant|p1a: Charizard|slp
|move|p2a: Politoed|Perish Song|p2a: Politoed
|-start|p1a: Charizard|perish3|[silent]
|-start|p1b: Garchomp|perish3|[silent]
|-start|p2a: Politoed|perish3|[silent]
|-start|p2b: Vivillon|perish3|[silent]
|-fieldactivate|move: Perish Song
|
|-weather|SunnyDay|[upkeep]
|-start|p1b: Garchomp|perish3
|-start|p2b: Vivillon|perish3
|-start|p1a: Charizard|perish3
|-start|p2a: Politoed|perish3
|upkeep
|turn|13
|
|t:|1784318302
|move|p1b: Garchomp|Rock Slide|p2a: Politoed|[spread] p2a
|-miss|p1b: Garchomp|p2b: Vivillon
|-damage|p2a: Politoed|8/100
|move|p2b: Vivillon|Hurricane|p1b: Garchomp|[miss]
|-miss|p2b: Vivillon|p1b: Garchomp
|cant|p1a: Charizard|slp
|cant|p2a: Politoed|flinch
|
|-weather|SunnyDay|[upkeep]
|-start|p1b: Garchomp|perish2
|-start|p2b: Vivillon|perish2
|-start|p1a: Charizard|perish2
|-start|p2a: Politoed|perish2
|upkeep
|turn|14
|inactive|MichaelderBeste2 has 30 seconds left.
|inactive|MichaelderBeste2 has 20 seconds left.
|inactive|MichaelderBeste2 has 15 seconds left.
|
|t:|1784318347
|move|p2b: Vivillon|Protect|p2b: Vivillon
|-singleturn|p2b: Vivillon|Protect
|move|p2a: Politoed|Protect|p2a: Politoed
|-singleturn|p2a: Politoed|Protect
|move|p1b: Garchomp|Rock Slide|p2b: Vivillon|[spread] 
|-activate|p2a: Politoed|move: Protect
|-activate|p2b: Vivillon|move: Protect
|-curestatus|p1a: Charizard|slp|[msg]
|move|p1a: Charizard|Weather Ball|p2a: Politoed
|-activate|p2a: Politoed|move: Protect
|
|-weather|SunnyDay|[upkeep]
|-start|p1b: Garchomp|perish1
|-start|p2b: Vivillon|perish1
|-start|p1a: Charizard|perish1
|-start|p2a: Politoed|perish1
|upkeep
|turn|15
|
|t:|1784318357
|move|p2a: Politoed|Protect||[still]
|-fail|p2a: Politoed
|move|p1b: Garchomp|Rock Slide|p2b: Vivillon|[spread] p2a,p2b
|-supereffective|p2b: Vivillon|2
|-damage|p2a: Politoed|0 fnt
|-damage|p2b: Vivillon|0 fnt
|faint|p2a: Politoed
|faint|p2b: Vivillon
|
|win|dartsvg
|c|☆MichaelderBeste2|ggs
|c|☆dartsvg|ggd
