|inactive|Battle timer is ON: inactive players will automatically lose when time's up.
|html|thacrowmezzaluca    
|uhtml|bestof|Game 2 of a best-of-3
|t:|1782677484
|gametype|doubles
|player|p1|thacrow|#thacrow|
|player|p2|mezzaluca|lucas|
|gen|9
|tier|[Gen 9 Champions] VGC 2026 Reg M-B (Bo3)
|rule|Species Clause: Limit one of each Pokémon
|rule|Item Clause: Limit 1 of each item
|clearpoke
|poke|p1|Garchomp, L50, M|
|poke|p1|Charizard, L50, F|
|poke|p1|Basculegion, L50, M|
|poke|p1|Whimsicott, L50, M|
|poke|p1|Kingambit, L50, F|
|poke|p1|Floette-Eternal, L50, F|
|poke|p2|Kingambit, L50, F|
|poke|p2|Sneasler, L50, M|
|poke|p2|Froslass, L50, F|
|poke|p2|Lycanroc-Dusk, L50, M|
|poke|p2|Basculegion, L50, M|
|poke|p2|Scovillain, L50, M|
|teampreview|4
|showteam|p1|Garchomp||LifeOrb|RoughSkin|Earthquake,DragonClaw,RockSlide,Protect|Jolly||M|||50|]Charizard||CharizarditeY|Blaze|WeatherBall,HeatWave,SolarBeam,Protect|Modest||F|||50|]Basculegion||MysticWater|Adaptability|WaveCrash,LastRespects,AquaJet,Protect|Adamant||M|||50|]Whimsicott||FocusSash|Prankster|Moonblast,Tailwind,Encore,Protect|Timid||M|||50|]Kingambit||ChopleBerry|Defiant|LowKick,KowtowCleave,SuckerPunch,Protect|Adamant||F|||50|]Floette-Eternal||Floettite|FlowerVeil|Moonblast,DazzlingGleam,LightofRuin,Protect|Modest||F|||50|
|showteam|p2|Kingambit||BlackGlasses|Defiant|KowtowCleave,SuckerPunch,SwordsDance,Protect|Adamant||F|||50|]Sneasler||WhiteHerb|Unburden|CloseCombat,GunkShot,FakeOut,Protect|Adamant||M|||50|]Froslass||Froslassite|CursedBody|Blizzard,ShadowBall,AuroraVeil,Protect|Modest||F|||50|]Lycanroc-Dusk||FocusSash|ToughClaws|RockSlide,CloseCombat,Accelerock,Protect|Adamant||M|||50|]Basculegion||SitrusBerry|Adaptability|WaveCrash,LastRespects,AquaJet,Protect|Adamant||M|||50|]Scovillain||Scovillainite|Moody|Overheat,GigaDrain,RagePowder,Protect|Bold||M|||50|
|inactive|mezzaluca has 60 seconds left.
|
|t:|1782677533
|teamsize|p1|4
|teamsize|p2|4
|start
|switch|p1a: Basculegion|Basculegion, L50, M|100/100
|switch|p1b: Whimsicott|Whimsicott, L50, M|100/100
|switch|p2a: Scovillain|Scovillain, L50, M|100/100
|switch|p2b: Lycanroc|Lycanroc-Dusk, L50, M|100/100
|turn|1
|
|t:|1782677550
|switch|p2b: Basculegion|Basculegion, L50, M|100/100
|detailschange|p2a: Scovillain|Scovillain-Mega, L50, M
|-mega|p2a: Scovillain|Scovillain|Scovillainite
|move|p1b: Whimsicott|Protect|p1b: Whimsicott
|-singleturn|p1b: Whimsicott|Protect
|move|p1a: Basculegion|Wave Crash|p2b: Basculegion
|-resisted|p2b: Basculegion|1
|-damage|p2b: Basculegion|58/100
|-damage|p1a: Basculegion|85/100|[from] Recoil
|move|p2a: Scovillain|Giga Drain|p1a: Basculegion
|-supereffective|p1a: Basculegion|1
|-damage|p1a: Basculegion|6/100
|
|upkeep
|turn|2
|
|t:|1782677572
|move|p1b: Whimsicott|Encore|p2a: Scovillain
|-start|p2a: Scovillain|Encore
|move|p2b: Basculegion|Aqua Jet|p1a: Basculegion
|-resisted|p1a: Basculegion|1
|-damage|p1a: Basculegion|0 fnt
|faint|p1a: Basculegion
|move|p2a: Scovillain|Giga Drain|p1b: Whimsicott
|-resisted|p1b: Whimsicott|1
|-damage|p1b: Whimsicott|71/100
|
|upkeep
|
|t:|1782677575
|switch|p1a: Floette|Floette-Eternal, L50, F|100/100
|turn|3
|inactive|mezzaluca has 30 seconds left.
|
|t:|1782677602
|detailschange|p1a: Floette|Floette-Mega, L50, F
|-mega|p1a: Floette|Floette|Floettite
|-ability|p1a: Floette|Fairy Aura
|move|p1a: Floette|Protect|p1a: Floette
|-singleturn|p1a: Floette|Protect
|move|p2b: Basculegion|Aqua Jet|p1a: Floette
|-activate|p1a: Floette|move: Protect
|move|p1b: Whimsicott|Moonblast|p2a: Scovillain
|-resisted|p2a: Scovillain|1
|-damage|p2a: Scovillain|74/100
|-status|p1b: Whimsicott|brn|[from] ability: Spicy Spray|[of] p2a: Scovillain
|move|p2a: Scovillain|Giga Drain|p1a: Floette
|-activate|p1a: Floette|move: Protect
|
|-damage|p1b: Whimsicott|65/100 brn|[from] brn
|upkeep
|turn|4
|inactive|mezzaluca has 30 seconds left.
|
|t:|1782677631
|move|p1b: Whimsicott|Moonblast|p2b: Basculegion
|-crit|p2b: Basculegion
|-damage|p2b: Basculegion|0 fnt
|faint|p2b: Basculegion
|move|p1a: Floette|Dazzling Gleam|p2a: Scovillain
|-resisted|p2a: Scovillain|1
|-damage|p2a: Scovillain|31/100
|-status|p1a: Floette|brn|[from] ability: Spicy Spray|[of] p2a: Scovillain
|move|p2a: Scovillain|Giga Drain|p1a: Floette
|-damage|p1a: Floette|69/100 brn
|-heal|p2a: Scovillain|45/100|[from] drain|[of] p1a: Floette
|
|-damage|p1b: Whimsicott|60/100 brn|[from] brn
|-damage|p1a: Floette|63/100 brn|[from] brn
|-end|p2a: Scovillain|Encore
|upkeep
|inactive|mezzaluca has 30 seconds left.
|
|t:|1782677658
|switch|p2b: Lycanroc|Lycanroc-Dusk, L50, M|100/100
|turn|5
|
|t:|1782677677
|move|p1b: Whimsicott|Moonblast|p2a: Scovillain
|-resisted|p2a: Scovillain|1
|-damage|p2a: Scovillain|16/100
|move|p2b: Lycanroc|Rock Slide|p1b: Whimsicott|[spread] p1a
|-miss|p2b: Lycanroc|p1b: Whimsicott
|-damage|p1a: Floette|29/100 brn
|move|p1a: Floette|Dazzling Gleam|p2b: Lycanroc|[spread] p2a,p2b
|-resisted|p2a: Scovillain|1
|-damage|p2a: Scovillain|0 fnt
|-damage|p2b: Lycanroc|8/100
|faint|p2a: Scovillain
|
|-damage|p1b: Whimsicott|54/100 brn|[from] brn
|-damage|p1a: Floette|24/100 brn|[from] brn
|upkeep
|
|t:|1782677682
|switch|p2a: Kingambit|Kingambit, L50, F|100/100
|turn|6
|inactive|mezzaluca has 30 seconds left.
|inactive|mezzaluca has 20 seconds left.
|inactive|mezzaluca has 15 seconds left.
|inactive|mezzaluca has 10 seconds left.
|
|t:|1782677729
|switch|p1a: Garchomp|Garchomp, L50, M|100/100
|move|p2b: Lycanroc|Accelerock|p1b: Whimsicott
|-damage|p1b: Whimsicott|9/100 brn
|move|p2a: Kingambit|Sucker Punch|p1b: Whimsicott
|-resisted|p1b: Whimsicott|1
|-damage|p1b: Whimsicott|0 fnt
|faint|p1b: Whimsicott
|
|upkeep
|
|t:|1782677734
|switch|p1b: Floette|Floette-Mega, L50, F|24/100 brn
|-ability|p1b: Floette|Fairy Aura
|turn|7
|inactive|mezzaluca has 30 seconds left.
|
|t:|1782677761
|move|p2b: Lycanroc|Protect|p2b: Lycanroc
|-singleturn|p2b: Lycanroc|Protect
|move|p1a: Garchomp|Rock Slide|p2a: Kingambit|[spread] 
|-activate|p2b: Lycanroc|move: Protect
|-miss|p1a: Garchomp|p2a: Kingambit
|move|p1b: Floette|Light of Ruin|p2a: Kingambit
|-damage|p2a: Kingambit|0 fnt
|faint|p2a: Kingambit
|-damage|p1b: Floette|0 fnt|[from] Recoil
|faint|p1b: Floette
|
|upkeep
|turn|8
|
|t:|1782677771
|move|p1a: Garchomp|Dragon Claw|p2b: Lycanroc
|-damage|p2b: Lycanroc|0 fnt
|faint|p2b: Lycanroc
|-damage|p1a: Garchomp|90/100|[from] item: Life Orb
|
|win|thacrow
