|inactive|Battle timer is ON: inactive players will automatically lose when time's up.
|html|mixniteGoobertator    
|uhtml|bestof|Game 1 of a best-of-3
|t:|1757736619
|gametype|doubles
|player|p1|mixnite|artist-gen6|
|player|p2|Goobertator|266|
|gen|9
|tier|[Gen 9] VGC 2025 Reg H (Bo3)
|rule|Species Clause: Limit one of each Pokémon
|rule|Item Clause: Limit 1 of each item
|clearpoke
|poke|p1|Archaludon, L50, F|
|poke|p1|Pelipper, L50, F|
|poke|p1|Gholdengo, L50|
|poke|p1|Basculegion, L50, M|
|poke|p1|Dragonite, L50, M|
|poke|p1|Sinistcha, L50|
|poke|p2|Salamence, L50, M|
|poke|p2|Chesnaught, L50, F|
|poke|p2|Primarina, L50, M|
|poke|p2|Volcarona, L50, M|
|poke|p2|Kingambit, L50, F|
|poke|p2|Dragapult, L50, M|
|teampreview|4
|showteam|p1|Archaludon||AssaultVest|Stamina|DragonPulse,FlashCannon,ElectroShot,BodyPress|||F|||50|,,,,,Bug]Pelipper||FocusSash|Drizzle|Tailwind,WeatherBall,Hurricane,Protect|||F|||50|,,,,,Steel]Gholdengo||ChoiceSpecs|GoodasGold|MakeItRain,ShadowBall,Trick,TeraBlast||||||50|,,,,,Fighting]Basculegion||LifeOrb|SwiftSwim|WaveCrash,AquaJet,LastRespects,Protect|||M|||50|,,,,,Water]Dragonite||LoadedDice|Multiscale|ScaleShot,StompingTantrum,Tailwind,Protect|||M|||50|,,,,,Fairy]Sinistcha||SitrusBerry|Hospitality|MatchaGotcha,StrengthSap,RagePowder,TrickRoom||||||50|,,,,,Fire
|showteam|p2|Salamence||FocusSash|Intimidate|Tailwind,Protect,DracoMeteor,FireBlast|||M|||50|,,,,,Fire]Chesnaught||Leftovers|Bulletproof|BodyPress,Coaching,SpikyShield,WoodHammer|||F|||50|,,,,,Water]Primarina||LifeOrb|LiquidVoice|Haze,Protect,HyperVoice,Moonblast|||M|||50|,,,,,Poison]Volcarona||RockyHelmet|FlameBody|Protect,QuiverDance,FieryDance,RagePowder|||M|||50|,,,,,Fairy]Kingambit||AssaultVest|Defiant|TeraBlast,IronHead,KowtowCleave,SuckerPunch|||F|||50|,,,,,Flying]Dragapult||ChoiceBand|ClearBody|DragonDarts,Uturn,PhantomForce,Outrage|||M|||50|,,,,,Dragon
|c|☆mixnite|glhf twin
|c|☆mixnite|awesome team
|inactive|mixnite has 60 seconds left.
|inactive|Goobertator has 60 seconds left.
|c|☆Goobertator|GLHf!!
|inactive|Goobertator has 30 seconds left.
|inactive|mixnite has 30 seconds left.
|inactive|Goobertator has 20 seconds left.
|inactive|Goobertator has 15 seconds left.
|inactive|Goobertator has 10 seconds left.
|
|t:|1757736700
|teamsize|p1|4
|teamsize|p2|4
|start
|switch|p1a: z(esty)Ryan|Pelipper, L50, F|100/100
|switch|p1b: LARP|Archaludon, L50, F|100/100
|switch|p2a: Chesnaught|Chesnaught, L50, F|100/100
|switch|p2b: Dragapult|Dragapult, L50, M|100/100
|-weather|RainDance|[from] ability: Drizzle|[of] p1a: z(esty)Ryan
|turn|1
|inactive|mixnite has 30 seconds left.
|inactive|Goobertator has 30 seconds left.
|inactive|Goobertator has 20 seconds left.
|
|t:|1757736738
|move|p2b: Dragapult|Phantom Force||[still]
|-prepare|p2b: Dragapult|Phantom Force
|move|p1a: z(esty)Ryan|Tailwind|p1a: z(esty)Ryan
|-sidestart|p1: mixnite|move: Tailwind
|move|p1b: LARP|Electro Shot||[still]
|-prepare|p1b: LARP|Electro Shot
|-boost|p1b: LARP|spa|1
|-anim|p1b: LARP|Electro Shot|p2b: Dragapult|[miss]
|-miss|p1b: LARP|p2b: Dragapult
|move|p2a: Chesnaught|Coaching|p2b: Dragapult|[miss]
|-miss|p2a: Chesnaught|p2b: Dragapult
|
|-weather|RainDance|[upkeep]
|upkeep
|turn|2
|
|t:|1757736758
|move|p1a: z(esty)Ryan|Protect|p1a: z(esty)Ryan
|-singleturn|p1a: z(esty)Ryan|Protect
|move|p1b: LARP|Dragon Pulse|p2a: Chesnaught
|-damage|p2a: Chesnaught|44/100
|move|p2b: Dragapult|Phantom Force|p1b: LARP|[from] lockedmove
|-damage|p1b: LARP|56/100
|-ability|p1b: LARP|Stamina|boost
|-boost|p1b: LARP|def|1
|move|p2a: Chesnaught|Coaching|p2b: Dragapult
|-boost|p2b: Dragapult|atk|1
|-boost|p2b: Dragapult|def|1
|
|-weather|RainDance|[upkeep]
|-heal|p2a: Chesnaught|50/100|[from] item: Leftovers
|upkeep
|turn|3
|inactive|Goobertator has 30 seconds left.
|
|t:|1757736785
|move|p2a: Chesnaught|Spiky Shield|p2a: Chesnaught
|-singleturn|p2a: Chesnaught|move: Protect
|move|p1a: z(esty)Ryan|Hurricane|p2a: Chesnaught
|-activate|p2a: Chesnaught|move: Protect
|move|p1b: LARP|Dragon Pulse|p2b: Dragapult
|-supereffective|p2b: Dragapult
|-damage|p2b: Dragapult|0 fnt
|faint|p2b: Dragapult
|
|-weather|RainDance|[upkeep]
|-heal|p2a: Chesnaught|56/100|[from] item: Leftovers
|upkeep
|
|t:|1757736804
|switch|p2b: Kingambit|Kingambit, L50, F|100/100
|turn|4
|inactive|Goobertator has 30 seconds left.
|
|t:|1757736833
|switch|p2a: Salamence|Salamence, L50, M|100/100
|-ability|p2a: Salamence|Intimidate|boost
|-unboost|p1a: z(esty)Ryan|atk|1
|-unboost|p1b: LARP|atk|1
|-terastallize|p2b: Kingambit|Flying
|move|p2b: Kingambit|Sucker Punch|p1b: LARP
|-damage|p1b: LARP|35/100
|-ability|p1b: LARP|Stamina|boost
|-boost|p1b: LARP|def|1
|move|p1a: z(esty)Ryan|Hurricane|p2a: Salamence
|-damage|p2a: Salamence|43/100
|move|p1b: LARP|Body Press|p2b: Kingambit
|-resisted|p2b: Kingambit
|-damage|p2b: Kingambit|82/100
|
|-weather|RainDance|[upkeep]
|-sideend|p1: mixnite|move: Tailwind
|upkeep
|turn|5
|inactive|Goobertator has 30 seconds left.
|
|t:|1757736864
|move|p2b: Kingambit|Sucker Punch|p1b: LARP
|-damage|p1b: LARP|21/100
|-ability|p1b: LARP|Stamina|boost
|-boost|p1b: LARP|def|1
|move|p2a: Salamence|Draco Meteor|p1b: LARP|[miss]
|-miss|p2a: Salamence|p1b: LARP
|move|p1a: z(esty)Ryan|Tailwind|p1a: z(esty)Ryan
|-sidestart|p1: mixnite|move: Tailwind
|move|p1b: LARP|Electro Shot||[still]
|-prepare|p1b: LARP|Electro Shot
|-boost|p1b: LARP|spa|1
|-anim|p1b: LARP|Electro Shot|p2b: Kingambit
|-supereffective|p2b: Kingambit
|-damage|p2b: Kingambit|0 fnt
|faint|p2b: Kingambit
|
|-weather|none
|upkeep
|c|☆mixnite|sorry
|
|t:|1757736881
|switch|p2b: Chesnaught|Chesnaught, L50, F|56/100
|turn|6
|
|t:|1757736903
|switch|p1a: Stardust|Gholdengo, L50|100/100
|move|p2a: Salamence|Protect|p2a: Salamence
|-singleturn|p2a: Salamence|Protect
|move|p2b: Chesnaught|Spiky Shield|p2b: Chesnaught
|-singleturn|p2b: Chesnaught|move: Protect
|move|p1b: LARP|Dragon Pulse|p2a: Salamence
|-activate|p2a: Salamence|move: Protect
|
|-heal|p2b: Chesnaught|62/100|[from] item: Leftovers
|upkeep
|turn|7
|
|t:|1757736928
|move|p1a: Stardust|Make It Rain|p2a: Salamence|[spread] p2a,p2b
|-damage|p2a: Salamence|0 fnt
|-damage|p2b: Chesnaught|0 fnt
|-unboost|p1a: Stardust|spa|1
|faint|p2a: Salamence
|faint|p2b: Chesnaught
|
|win|mixnite
||mixnite is ready for game 2.
|inactive|Goobertator has 30 seconds to confirm battle start!
||Goobertator is ready for game 2.
|uhtml|next|Next: Game 2 of 3
|player|p2|
