|inactive|Battle timer is ON: inactive players will automatically lose when time's up.
|badge|p1|silver|gen9doublesou|30-10
|uhtml|medal-msg|Curious what those medals under the avatar are? PS now has Ladder Seasons! For more information, check out the thread on Smogon.
|html|Kiogrus24Mezzaluca    
|uhtml|bestof|Game 1 of a best-of-3
|t:|1784499065
|gametype|doubles
|player|p1|Kiogrus24|pokemaniac-gen2|
|player|p2|Mezzaluca|lucas|
|gen|9
|tier|[Gen 9 Champions] VGC 2026 Reg M-B (Bo3)
|rule|Species Clause: Limit one of each Pokémon
|rule|Item Clause: Limit 1 of each item
|clearpoke
|poke|p1|Gengar, L50, F|
|poke|p1|Swampert, L50, M|
|poke|p1|Politoed, L50, F|
|poke|p1|Vivillon-Elegant, L50, F, shiny|
|poke|p1|Incineroar, L50, M|
|poke|p1|Archaludon, L50, M|
|poke|p2|Floette-Eternal, L50, F|
|poke|p2|Charizard, L50, F|
|poke|p2|Whimsicott, L50, M|
|poke|p2|Garchomp, L50, F|
|poke|p2|Basculegion, L50, M|
|poke|p2|Kingambit, L50, M|
|teampreview|4
|showteam|p1|Gengar||Gengarite|CursedBody|ShadowBall,SludgeBomb,PerishSong,Protect|Timid||F|||50|]Swampert||Swampertite|Damp|WaveCrash,Earthquake,IcePunch,Protect|Adamant||M|||50|]Politoed||SitrusBerry|Drizzle|WeatherBall,Encore,PerishSong,Protect|Calm||F|||50|]Vivillon-Elegant||FocusSash|CompoundEyes|Hurricane,SleepPowder,RagePowder,Protect|Timid||F|||50|]Incineroar||LumBerry|Intimidate|ThroatChop,Protect,PartingShot,FakeOut|Sassy||M|||50|]Archaludon||Leftovers|Stamina|ElectroShot,DragonPulse,FlashCannon,Protect|Bold||M|||50|
|showteam|p2|Floette-Eternal||Floettite|FlowerVeil|Moonblast,DazzlingGleam,LightofRuin,Protect|Modest||F|||50|]Charizard||CharizarditeY|Blaze|HeatWave,WeatherBall,SolarBeam,Protect|Modest||F|||50|]Whimsicott||FocusSash|Prankster|Moonblast,Encore,Tailwind,Protect|Timid||M|||50|]Garchomp||LifeOrb|RoughSkin|DragonClaw,Earthquake,RockSlide,Protect|Jolly||F|||50|]Basculegion||MysticWater|Adaptability|WaveCrash,LastRespects,AquaJet,Protect|Adamant||M|||50|]Kingambit||ChopleBerry|Defiant|KowtowCleave,LowKick,SuckerPunch,Protect|Adamant||M|||50|
|c|☆Mezzaluca|gl hf
|c|☆Kiogrus24|U2
|inactive|Kiogrus24 has 60 seconds left.
|inactive|Mezzaluca has 60 seconds left.
|inactive|Kiogrus24 has 30 seconds left.
|inactive|Mezzaluca has 30 seconds left.
|inactive|Mezzaluca has 20 seconds left.
|inactive|Mezzaluca has 15 seconds left.
|
|t:|1784499145
|teamsize|p1|4
|teamsize|p2|4
|start
|switch|p1a: Gengar|Gengar, L50, F|100/100
|switch|p1b: Vivillon|Vivillon-Elegant, L50, F, shiny|100/100
|switch|p2a: Whimsicott|Whimsicott, L50, M|100/100
|switch|p2b: Floette|Floette-Eternal, L50, F|100/100
|turn|1
|inactive|Mezzaluca has 30 seconds left.
|inactive|Kiogrus24 has 30 seconds left.
|inactive|Mezzaluca has 20 seconds left.
|inactive|Mezzaluca has 15 seconds left.
|inactive|Kiogrus24 has 20 seconds left.
|inactive|Kiogrus24 has 15 seconds left.
|inactive|Kiogrus24 has 10 seconds left.
|
|t:|1784499202
|detailschange|p1a: Gengar|Gengar-Mega, L50, F
|-mega|p1a: Gengar|Gengar|Gengarite
|detailschange|p2b: Floette|Floette-Mega, L50, F
|-mega|p2b: Floette|Floette|Floettite
|-ability|p2b: Floette|Fairy Aura
|move|p2a: Whimsicott|Tailwind|p2a: Whimsicott
|-sidestart|p2: Mezzaluca|move: Tailwind
|move|p2b: Floette|Dazzling Gleam|p1a: Gengar|[spread] p1a,p1b
|-resisted|p1a: Gengar|1
|-damage|p1a: Gengar|76/100
|-damage|p1b: Vivillon|10/100
|move|p1a: Gengar|Sludge Bomb|p2a: Whimsicott
|-supereffective|p2a: Whimsicott|2
|-enditem|p2a: Whimsicott|Focus Sash
|-damage|p2a: Whimsicott|1/100
|-status|p2a: Whimsicott|psn
|move|p1b: Vivillon|Sleep Powder|p2b: Floette
|-status|p2b: Floette|slp|[from] move: Sleep Powder
|
|-damage|p2a: Whimsicott|0 fnt|[from] psn
|faint|p2a: Whimsicott
|upkeep
|
|t:|1784499216
|switch|p2a: Basculegion|Basculegion, L50, M|100/100
|turn|2
|inactive|Kiogrus24 has 30 seconds left.
|inactive|Kiogrus24 has 20 seconds left.
|
|t:|1784499252
|move|p2a: Basculegion|Protect|p2a: Basculegion
|-singleturn|p2a: Basculegion|Protect
|move|p1b: Vivillon|Rage Powder|p1b: Vivillon
|-singleturn|p1b: Vivillon|move: Rage Powder
|cant|p2b: Floette|slp
|move|p1a: Gengar|Sludge Bomb|p2b: Floette
|-supereffective|p2b: Floette|1
|-damage|p2b: Floette|18/100 slp
|
|upkeep
|turn|3
|inactive|Kiogrus24 has 30 seconds left.
|
|t:|1784499285
|move|p1a: Gengar|Protect|p1a: Gengar
|-singleturn|p1a: Gengar|Protect
|move|p1b: Vivillon|Protect|p1b: Vivillon
|-singleturn|p1b: Vivillon|Protect
|cant|p2b: Floette|slp
|move|p2a: Basculegion|Last Respects|p1a: Gengar
|-activate|p1a: Gengar|move: Protect
|
|upkeep
|turn|4
|inactive|Kiogrus24 has 30 seconds left.
|inactive|Mezzaluca has 30 seconds left.
|
|t:|1784499324
|switch|p1a: Politoed|Politoed, L50, F|100/100
|-weather|RainDance|[from] ability: Drizzle|[of] p1a: Politoed
|-curestatus|p2b: Floette|slp|[msg]
|move|p2b: Floette|Dazzling Gleam|p1a: Politoed|[spread] p1a,p1b
|-damage|p1a: Politoed|59/100
|-damage|p1b: Vivillon|0 fnt
|faint|p1b: Vivillon
|move|p2a: Basculegion|Wave Crash|p1a: Politoed
|-resisted|p1a: Politoed|1
|-damage|p1a: Politoed|0 fnt
|faint|p1a: Politoed
|-damage|p2a: Basculegion|80/100|[from] Recoil
|
|-weather|RainDance|[upkeep]
|-sideend|p2: Mezzaluca|move: Tailwind
|upkeep
|
|t:|1784499326
|switch|p1b: Archaludon|Archaludon, L50, M|100/100
|switch|p1a: Gengar|Gengar-Mega, L50, F|76/100
|turn|5
|inactive|Kiogrus24 has 30 seconds left.
|inactive|Mezzaluca has 30 seconds left.
|
|t:|1784499359
|move|p2b: Floette|Protect|p2b: Floette
|-singleturn|p2b: Floette|Protect
|move|p1b: Archaludon|Protect|p1b: Archaludon
|-singleturn|p1b: Archaludon|Protect
|move|p1a: Gengar|Shadow Ball|p2a: Basculegion
|-supereffective|p2a: Basculegion|1
|-damage|p2a: Basculegion|0 fnt
|faint|p2a: Basculegion
|
|-weather|RainDance|[upkeep]
|upkeep
|
|t:|1784499361
|switch|p2a: Kingambit|Kingambit, L50, M|100/100
|turn|6
|inactive|Mezzaluca has 30 seconds left.
|
|t:|1784499388
|move|p1b: Archaludon|Protect|p1b: Archaludon
|-singleturn|p1b: Archaludon|Protect
|move|p2a: Kingambit|Sucker Punch||[still]
|-fail|p2a: Kingambit
|move|p1a: Gengar|Perish Song|p1a: Gengar
|-start|p1a: Gengar|perish3|[silent]
|-start|p1b: Archaludon|perish3|[silent]
|-start|p2a: Kingambit|perish3|[silent]
|-start|p2b: Floette|perish3|[silent]
|-fieldactivate|move: Perish Song
|move|p2b: Floette|Light of Ruin|p1b: Archaludon
|-activate|p1b: Archaludon|move: Protect
|
|-weather|RainDance|[upkeep]
|-start|p1a: Gengar|perish3
|-start|p2b: Floette|perish3
|-start|p1b: Archaludon|perish3
|-start|p2a: Kingambit|perish3
|upkeep
|turn|7
|
|t:|1784499405
|move|p2a: Kingambit|Sucker Punch||[still]
|-fail|p2a: Kingambit
|move|p1a: Gengar|Perish Song||[still]
|-fail|p1a: Gengar
|move|p2b: Floette|Light of Ruin|p1b: Archaludon
|-damage|p1b: Archaludon|0 fnt
|faint|p1b: Archaludon
|-damage|p2b: Floette|0 fnt|[from] Recoil
|faint|p2b: Floette
|
|-weather|RainDance|[upkeep]
|-start|p1a: Gengar|perish2
|-start|p2a: Kingambit|perish2
|upkeep
|turn|8
|c|☆Kiogrus24|Jk
|-message|Kiogrus24 forfeited.
|
|win|Mezzaluca
||Kiogrus24 is ready for game 2.
||Mezzaluca is ready for game 2.
|uhtml|next|Next: Game 2 of 3
|player|p2|
|player|p1|
|player|p1|Kiogrus24|pokemaniac-gen2|
