|inactive|Battle timer is ON: inactive players will automatically lose when time's up.
|html|NanandesLarry of the Moon    
|uhtml|bestof|Game 1 of a best-of-3
|t:|1785697307
|gametype|doubles
|player|p1|Nanandes|steven-masters|
|player|p2|Larry of the Moon|lucas|
|gen|9
|tier|[Gen 9 Champions] VGC 2026 Reg M-B (Bo3)
|rule|Species Clause: Limit one of each Pokémon
|rule|Item Clause: Limit 1 of each item
|clearpoke
|poke|p1|Staraptor, L50, M|
|poke|p1|Garchomp, L50, M|
|poke|p1|Whimsicott, L50, M|
|poke|p1|Delphox, L50, M|
|poke|p1|Glimmora, L50, M|
|poke|p1|Kingambit, L50, F, shiny|
|poke|p2|Kingambit, L50, M|
|poke|p2|Charizard, L50, F|
|poke|p2|Aerodactyl, L50, F|
|poke|p2|Farigiraf, L50, M|
|poke|p2|Garchomp, L50, F|
|poke|p2|Sylveon, L50, F|
|teampreview|4
|showteam|p1|Staraptor||Staraptite|Intimidate|Protect,Roost,CloseCombat,BraveBird|Jolly||M|||50|]Garchomp||LifeOrb|RoughSkin|Protect,RockSlide,Earthquake,DragonClaw|Jolly||M|||50|]Whimsicott||OccaBerry|Prankster|Moonblast,Tailwind,Charm,LightScreen|Timid||M|||50|]Delphox||Delphoxite|Magician|Protect,Psychic,HeatWave,Substitute|Timid||M|||50|]Glimmora||FocusSash|ToxicDebris|SpikyShield,EarthPower,PowerGem,SludgeBomb|Timid||M|||50|]Kingambit||ChopleBerry|Defiant|KowtowCleave,IronHead,SuckerPunch,LowKick|Adamant||F|||50|
|showteam|p2|Kingambit||FocusSash|Defiant|KowtowCleave,IronHead,SuckerPunch,LowKick|Adamant||M|||50|]Charizard||CharizarditeY|Blaze|HeatWave,SolarBeam,WeatherBall,Protect|Modest||F|||50|]Aerodactyl||Aerodactylite|Unnerve|RockSlide,DualWingbeat,IceFang,Tailwind|Jolly||F|||50|]Farigiraf||SitrusBerry|ArmorTail|Psychic,Thunderbolt,TrickRoom,Protect|Bold||M|||50|]Garchomp||LifeOrb|RoughSkin|Earthquake,DragonClaw,StompingTantrum,Protect|Jolly||F|||50|]Sylveon||FairyFeather|Pixilate|HyperVoice,HyperBeam,QuickAttack,Protect|Modest||F|||50|
|c|☆Larry of the Moon|gl hf
|c|☆Nanandes|glhf
|inactive|Nanandes has 60 seconds left.
|inactive|Larry of the Moon has 60 seconds left.
|inactive|Larry of the Moon has 30 seconds left.
|inactive|Larry of the Moon has 20 seconds left.
|inactive|Larry of the Moon has 15 seconds left.
|
|t:|1785697382
|teamsize|p1|4
|teamsize|p2|4
|start
|switch|p1a: Glimmora|Glimmora, L50, M|100/100
|switch|p1b: Whimsicott|Whimsicott, L50, M|100/100
|switch|p2a: Aerodactyl|Aerodactyl, L50, F|100/100
|switch|p2b: Sylveon|Sylveon, L50, F|100/100
|-ability|p2a: Aerodactyl|Unnerve
|turn|1
|inactive|Larry of the Moon has 30 seconds left.
|
|t:|1785697412
|detailschange|p2a: Aerodactyl|Aerodactyl-Mega, L50, F
|-mega|p2a: Aerodactyl|Aerodactyl|Aerodactylite
|move|p1b: Whimsicott|Tailwind|p1b: Whimsicott
|-sidestart|p1: Nanandes|move: Tailwind
|move|p1a: Glimmora|Power Gem|p2a: Aerodactyl
|-supereffective|p2a: Aerodactyl|1
|-damage|p2a: Aerodactyl|19/100
|move|p2a: Aerodactyl|Dual Wingbeat|p1b: Whimsicott
|-supereffective|p1b: Whimsicott|1
|-damage|p1b: Whimsicott|40/100
|-supereffective|p1b: Whimsicott|1
|-damage|p1b: Whimsicott|0 fnt
|faint|p1b: Whimsicott
|-hitcount|p1: Whimsicott|2
|move|p2b: Sylveon|Hyper Voice|p1a: Glimmora
|-resisted|p1a: Glimmora|1
|-damage|p1a: Glimmora|55/100
|
|upkeep
|
|t:|1785697424
|switch|p1b: Staraptor|Staraptor, L50, M|100/100
|-ability|p1b: Staraptor|Intimidate|boost
|-unboost|p2a: Aerodactyl|atk|1
|-unboost|p2b: Sylveon|atk|1
|turn|2
|
|t:|1785697447
|detailschange|p1b: Staraptor|Staraptor-Mega, L50, M
|-mega|p1b: Staraptor|Staraptor|Staraptite
|move|p1b: Staraptor|Close Combat|p2a: Aerodactyl
|-damage|p2a: Aerodactyl|0 fnt
|-boost|p1b: Staraptor|def|1
|-boost|p1b: Staraptor|spd|1
|faint|p2a: Aerodactyl
|move|p1a: Glimmora|Sludge Bomb|p2b: Sylveon
|-supereffective|p2b: Sylveon|1
|-damage|p2b: Sylveon|17/100
|move|p2b: Sylveon|Hyper Voice|p1a: Glimmora|[spread] p1a,p1b
|-resisted|p1a: Glimmora|1
|-supereffective|p1b: Staraptor|1
|-damage|p1a: Glimmora|25/100
|-damage|p1b: Staraptor|36/100
|
|upkeep
|inactive|Larry of the Moon has 30 seconds left.
|
|t:|1785697474
|switch|p2a: Kingambit|Kingambit, L50, M|100/100
|turn|3
|
|t:|1785697495
|move|p2a: Kingambit|Sucker Punch|p1a: Glimmora
|-damage|p1a: Glimmora|0 fnt
|-activate|p1a: Glimmora|ability: Toxic Debris
|-sidestart|p2: Larry of the Moon|move: Toxic Spikes
|faint|p1a: Glimmora
|move|p1b: Staraptor|Roost|p1b: Staraptor
|-heal|p1b: Staraptor|86/100
|-singleturn|p1b: Staraptor|move: Roost
|move|p2b: Sylveon|Hyper Voice|p1b: Staraptor
|-supereffective|p1b: Staraptor|1
|-damage|p1b: Staraptor|1/100
|
|upkeep
|
|t:|1785697498
|switch|p1a: Kingambit|Kingambit, L50, F, shiny|100/100
|turn|4
|inactive|Nanandes has 30 seconds left.
|inactive|Larry of the Moon has 30 seconds left.
|inactive|Nanandes has 20 seconds left.
|inactive|Nanandes has 15 seconds left.
|inactive|Larry of the Moon has 20 seconds left.
|inactive|Nanandes has 10 seconds left.
|
|t:|1785697543
|move|p1a: Kingambit|Sucker Punch|p2b: Sylveon
|-resisted|p2b: Sylveon|1
|-damage|p2b: Sylveon|0 fnt
|faint|p2b: Sylveon
|move|p1b: Staraptor|Roost|p1b: Staraptor
|-heal|p1b: Staraptor|51/100
|-singleturn|p1b: Staraptor|move: Roost
|move|p2a: Kingambit|Low Kick|p1a: Kingambit
|-supereffective|p1a: Kingambit|2
|-enditem|p1a: Kingambit|Chople Berry|[eat]
|-enditem|p1a: Kingambit|Chople Berry|[weaken]
|-damage|p1a: Kingambit|36/100
|
|-sideend|p1: Nanandes|move: Tailwind
|upkeep
|
|t:|1785697546
|switch|p2b: Garchomp|Garchomp, L50, F|100/100
|-status|p2b: Garchomp|psn
|turn|5
|
|t:|1785697566
|move|p2a: Kingambit|Sucker Punch|p1b: Staraptor
|-resisted|p1b: Staraptor|1
|-damage|p1b: Staraptor|37/100
|move|p1a: Kingambit|Sucker Punch||[still]
|-fail|p1a: Kingambit
|move|p1b: Staraptor|Close Combat|p2a: Kingambit
|-supereffective|p2a: Kingambit|2
|-enditem|p2a: Kingambit|Focus Sash
|-damage|p2a: Kingambit|1/100
|-boost|p1b: Staraptor|def|1
|-boost|p1b: Staraptor|spd|1
|move|p2b: Garchomp|Stomping Tantrum|p1a: Kingambit
|-supereffective|p1a: Kingambit|1
|-damage|p1a: Kingambit|0 fnt
|faint|p1a: Kingambit
|-damage|p2b: Garchomp|90/100 psn|[from] item: Life Orb
|
|-damage|p2b: Garchomp|77/100 psn|[from] psn
|upkeep
|turn|6
|
|t:|1785697588
|move|p1b: Staraptor|Protect|p1b: Staraptor
|-singleturn|p1b: Staraptor|Protect
|move|p2a: Kingambit|Sucker Punch||[still]
|-fail|p2a: Kingambit
|move|p2b: Garchomp|Dragon Claw|p1b: Staraptor
|-activate|p1b: Staraptor|move: Protect
|
|-damage|p2b: Garchomp|65/100 psn|[from] psn
|upkeep
|turn|7
|
|t:|1785697597
|move|p1b: Staraptor|Roost|p1b: Staraptor
|-heal|p1b: Staraptor|87/100
|-singleturn|p1b: Staraptor|move: Roost
|move|p2b: Garchomp|Dragon Claw|p1b: Staraptor
|-damage|p1b: Staraptor|60/100
|-damage|p2b: Garchomp|55/100 psn|[from] item: Life Orb
|move|p2a: Kingambit|Iron Head|p1b: Staraptor
|-damage|p1b: Staraptor|39/100
|
|-damage|p2b: Garchomp|43/100 psn|[from] psn
|upkeep
|turn|8
|
|t:|1785697607
|move|p1b: Staraptor|Protect|p1b: Staraptor
|-singleturn|p1b: Staraptor|Protect
|move|p2b: Garchomp|Dragon Claw|p1b: Staraptor
|-activate|p1b: Staraptor|move: Protect
|move|p2a: Kingambit|Iron Head|p1b: Staraptor
|-activate|p1b: Staraptor|move: Protect
|
|-damage|p2b: Garchomp|30/100 psn|[from] psn
|upkeep
|turn|9
|
|t:|1785697617
|move|p1b: Staraptor|Roost|p1b: Staraptor
|-heal|p1b: Staraptor|89/100
|-singleturn|p1b: Staraptor|move: Roost
|move|p2b: Garchomp|Dragon Claw|p1b: Staraptor
|-damage|p1b: Staraptor|64/100
|-damage|p2b: Garchomp|21/100 psn|[from] item: Life Orb
|move|p2a: Kingambit|Iron Head|p1b: Staraptor
|-damage|p1b: Staraptor|39/100
|
|-damage|p2b: Garchomp|8/100 psn|[from] psn
|upkeep
|turn|10
|c|+Mik3ymon|cvrit
|c|+Angolano1234567|cara ta arriscando o crit
|raw|Moderated chat was set to ☆!Only users of rank ☆ and higher can talk.
|
|t:|1785697633
|move|p1b: Staraptor|Protect|p1b: Staraptor
|-singleturn|p1b: Staraptor|Protect
|move|p2b: Garchomp|Dragon Claw|p1b: Staraptor
|-activate|p1b: Staraptor|move: Protect
|move|p2a: Kingambit|Iron Head|p1b: Staraptor
|-activate|p1b: Staraptor|move: Protect
|
|-damage|p2b: Garchomp|0 fnt|[from] psn
|faint|p2b: Garchomp
|upkeep
|turn|11
|
|t:|1785697637
|move|p2a: Kingambit|Sucker Punch|p1b: Staraptor
|-resisted|p1b: Staraptor|1
|-damage|p1b: Staraptor|29/100
|move|p1b: Staraptor|Close Combat|p2a: Kingambit
|-supereffective|p2a: Kingambit|2
|-damage|p2a: Kingambit|0 fnt
|-boost|p1b: Staraptor|def|1
|-boost|p1b: Staraptor|spd|1
|faint|p2a: Kingambit
|
|win|Nanandes
||Larry of the Moon is ready for game 2.
||Nanandes is ready for game 2.
|uhtml|next|Next: Game 2 of 3
|player|p2|
|player|p1|
|player|p1|Nanandes|steven-masters|
|player|p2|Larry of the Moon|lucas|
