|inactive|Battle timer is ON: inactive players will automatically lose when time's up.
|html|EmbC29Mezzaluca    
|uhtml|bestof|Game 2 of a best-of-3
|t:|1783862011
|gametype|doubles
|player|p1|EmbC29|#splxclassiest|
|player|p2|Mezzaluca|lucas|
|gen|9
|tier|[Gen 9 Champions] VGC 2026 Reg M-B (Bo3)
|rule|Species Clause: Limit one of each Pokémon
|rule|Item Clause: Limit 1 of each item
|clearpoke
|poke|p1|Charizard, L50, M|
|poke|p1|Garchomp, L50, F|
|poke|p1|Sylveon, L50, M|
|poke|p1|Farigiraf, L50, M|
|poke|p1|Incineroar, L50, F|
|poke|p1|Toxapex, L50, F|
|poke|p2|Kommo-o, L50, M|
|poke|p2|Gengar, L50, M|
|poke|p2|Kingambit, L50, F|
|poke|p2|Sinistcha, L50|
|poke|p2|Incineroar, L50, F|
|poke|p2|Ninetales-Alola, L50, M|
|teampreview|4
|showteam|p1|Charizard||CharizarditeY|Blaze|Protect,HeatWave,WeatherBall,SolarBeam|Modest||M|||50|]Garchomp||LifeOrb|RoughSkin|Protect,DragonClaw,StompingTantrum,RockSlide|Jolly||F|||50|]Sylveon||FairyFeather|Pixilate|Detect,QuickAttack,HyperVoice,HyperBeam|Modest||M|||50|]Farigiraf||ColburBerry|ArmorTail|Psychic,HelpingHand,Protect,TrickRoom|Bold||M|||50|]Incineroar||SitrusBerry|Intimidate|FlareBlitz,ThroatChop,PartingShot,FakeOut|Impish||F|||50|]Toxapex||Leftovers|Regenerator|Infestation,Toxic,WideGuard,BanefulBunker|Bold||F|||50|
|showteam|p2|Kommo-o||Leftovers|Soundproof|ClangingScales,AuraSphere,ClangorousSoul,Protect|Modest||M|||50|]Gengar||Gengarite|CursedBody|SludgeBomb,ShadowBall,PerishSong,Protect|Modest||M|||50|]Kingambit||BlackGlasses|Defiant|KowtowCleave,SuckerPunch,IronHead,Protect|Adamant||F|||50|]Sinistcha||SitrusBerry|Hospitality|MatchaGotcha,Protect,LifeDew,RagePowder|Bold|||||50|]Incineroar||PasshoBerry|Intimidate|FlareBlitz,ThroatChop,PartingShot,FakeOut|Impish||F|||50|]Ninetales-Alola||FocusSash|SnowWarning|Blizzard,Encore,AuroraVeil,Protect|Timid||M|||50|
|inactive|Mezzaluca has 60 seconds left.
|inactive|Mezzaluca has 30 seconds left.
|inactive|Mezzaluca has 20 seconds left.
|inactive|Mezzaluca has 15 seconds left.
|inactive|Mezzaluca has 10 seconds left.
|
|t:|1783862096
|teamsize|p1|4
|teamsize|p2|4
|start
|switch|p1a: Farigiraf|Farigiraf, L50, M|100/100
|switch|p1b: Charizard|Charizard, L50, M|100/100
|switch|p2a: Ninetales|Ninetales-Alola, L50, M|100/100
|switch|p2b: Gengar|Gengar, L50, M|100/100
|-weather|Snowscape|[from] ability: Snow Warning|[of] p2a: Ninetales
|turn|1
|inactive|EmbC29 has 30 seconds left.
|inactive|Mezzaluca has 30 seconds left.
|
|t:|1783862125
|switch|p2b: Incineroar|Incineroar, L50, F|100/100
|-ability|p2b: Incineroar|Intimidate|boost
|-unboost|p1a: Farigiraf|atk|1
|-unboost|p1b: Charizard|atk|1
|move|p2a: Ninetales|Blizzard|p1b: Charizard|[spread] p1a,p1b
|-damage|p1a: Farigiraf|75/100
|-damage|p1b: Charizard|64/100
|move|p1b: Charizard|Heat Wave|p2a: Ninetales|[spread] p2a,p2b
|-supereffective|p2a: Ninetales|1
|-resisted|p2b: Incineroar|1
|-damage|p2a: Ninetales|36/100
|-damage|p2b: Incineroar|88/100
|move|p1a: Farigiraf|Psychic|p2b: Incineroar
|-immune|p2b: Incineroar
|
|-weather|Snowscape|[upkeep]
|upkeep
|turn|2
|inactive|Mezzaluca has 30 seconds left.
|inactive|EmbC29 has 30 seconds left.
|inactive|EmbC29 has 20 seconds left.
|inactive|EmbC29 has 15 seconds left.
|
|t:|1783862170
|switch|p1a: Toxapex|Toxapex, L50, F|100/100
|detailschange|p1b: Charizard|Charizard-Mega-Y, L50, M
|-mega|p1b: Charizard|Charizard|Charizardite Y
|-weather|SunnyDay|[from] ability: Drought|[of] p1b: Charizard
|move|p2a: Ninetales|Protect|p2a: Ninetales
|-singleturn|p2a: Ninetales|Protect
|move|p1b: Charizard|Heat Wave|p2b: Incineroar|[spread] p2b
|-activate|p2a: Ninetales|move: Protect
|-resisted|p2b: Incineroar|1
|-damage|p2b: Incineroar|65/100
|move|p2b: Incineroar|Throat Chop|p1b: Charizard
|-damage|p1b: Charizard|32/100
|-start|p1b: Charizard|Throat Chop|[silent]
|
|-weather|SunnyDay|[upkeep]
|upkeep
|turn|3
|inactive|EmbC29 has 30 seconds left.
|inactive|Mezzaluca has 30 seconds left.
|
|t:|1783862203
|switch|p2a: Gengar|Gengar, L50, M|100/100
|move|p1b: Charizard|Heat Wave|p2b: Incineroar|[spread] p2a,p2b
|-resisted|p2b: Incineroar|1
|-damage|p2a: Gengar|29/100
|-damage|p2b: Incineroar|39/100
|move|p2b: Incineroar|Flare Blitz|p1b: Charizard
|-resisted|p1b: Charizard|1
|-damage|p1b: Charizard|1/100
|-damage|p2b: Incineroar|30/100|[from] Recoil
|move|p1a: Toxapex|Infestation|p2a: Gengar
|-resisted|p2a: Gengar|2
|-damage|p2a: Gengar|28/100
|-activate|p2a: Gengar|move: Infestation|[of] p1a: Toxapex
|
|-weather|SunnyDay|[upkeep]
|-damage|p2a: Gengar|16/100|[from] move: Infestation|[partiallytrapped]
|-end|p1b: Charizard|Throat Chop|[silent]
|upkeep
|turn|4
|inactive|EmbC29 has 30 seconds left.
|inactive|Mezzaluca has 30 seconds left.
|inactive|Mezzaluca has 20 seconds left.
|inactive|Mezzaluca has 15 seconds left.
|
|t:|1783862245
|switch|p1b: Garchomp|Garchomp, L50, F|100/100
|switch|p2b: Kingambit|Kingambit, L50, F|100/100
|detailschange|p2a: Gengar|Gengar-Mega, L50, M
|-mega|p2a: Gengar|Gengar|Gengarite
|move|p2a: Gengar|Sludge Bomb|p1b: Garchomp
|-resisted|p1b: Garchomp|1
|-damage|p1b: Garchomp|70/100
|move|p1a: Toxapex|Toxic|p2b: Kingambit
|-immune|p2b: Kingambit
|
|-weather|SunnyDay|[upkeep]
|-damage|p2a: Gengar|4/100|[from] move: Infestation|[partiallytrapped]
|upkeep
|turn|5
|inactive|EmbC29 has 30 seconds left.
|
|t:|1783862279
|switch|p2a: Incineroar|Incineroar, L50, F|30/100
|-ability|p2a: Incineroar|Intimidate|boost
|-unboost|p1a: Toxapex|atk|1
|-unboost|p1b: Garchomp|atk|1
|move|p1b: Garchomp|Stomping Tantrum|p2a: Incineroar
|-supereffective|p2a: Incineroar|1
|-damage|p2a: Incineroar|0 fnt
|faint|p2a: Incineroar
|-damage|p1b: Garchomp|61/100|[from] item: Life Orb
|move|p2b: Kingambit|Kowtow Cleave|p1b: Garchomp
|-damage|p1b: Garchomp|0 fnt
|-damage|p2b: Kingambit|87/100|[from] ability: Rough Skin|[of] p1b: Garchomp
|faint|p1b: Garchomp
|move|p1a: Toxapex|Infestation|p2b: Kingambit
|-damage|p2b: Kingambit|84/100
|-activate|p2b: Kingambit|move: Infestation|[of] p1a: Toxapex
|
|-weather|SunnyDay|[upkeep]
|-damage|p2b: Kingambit|72/100|[from] move: Infestation|[partiallytrapped]
|upkeep
|inactive|Mezzaluca has 30 seconds left.
|inactive|Mezzaluca has 20 seconds left.
|inactive|Mezzaluca has 15 seconds left.
|
|t:|1783862323
|switch|p1b: Farigiraf|Farigiraf, L50, M|75/100
|switch|p2a: Ninetales|Ninetales-Alola, L50, M|36/100
|-weather|Snowscape|[from] ability: Snow Warning|[of] p2a: Ninetales
|turn|6
|inactive|Mezzaluca has 30 seconds left.
|inactive|Mezzaluca has 20 seconds left.
|
|t:|1783862362
|move|p2a: Ninetales|Protect|p2a: Ninetales
|-singleturn|p2a: Ninetales|Protect
|move|p1b: Farigiraf|Protect|p1b: Farigiraf
|-singleturn|p1b: Farigiraf|Protect
|move|p2b: Kingambit|Kowtow Cleave|p1b: Farigiraf
|-activate|p1b: Farigiraf|move: Protect
|move|p1a: Toxapex|Infestation|p2a: Ninetales
|-activate|p2a: Ninetales|move: Protect
|
|-weather|Snowscape|[upkeep]
|-damage|p2b: Kingambit|60/100|[from] move: Infestation|[partiallytrapped]
|upkeep
|turn|7
|
|t:|1783862384
|move|p2a: Ninetales|Aurora Veil|p2a: Ninetales
|-sidestart|p2: Mezzaluca|move: Aurora Veil
|move|p1b: Farigiraf|Psychic|p2a: Ninetales
|-damage|p2a: Ninetales|6/100
|move|p2b: Kingambit|Kowtow Cleave|p1b: Farigiraf
|-supereffective|p1b: Farigiraf|1
|-enditem|p1b: Farigiraf|Colbur Berry|[eat]
|-enditem|p1b: Farigiraf|Colbur Berry|[weaken]
|-damage|p1b: Farigiraf|25/100
|move|p1a: Toxapex|Infestation|p2a: Ninetales
|-resisted|p2a: Ninetales|1
|-damage|p2a: Ninetales|5/100
|-activate|p2a: Ninetales|move: Infestation|[of] p1a: Toxapex
|
|-weather|Snowscape|[upkeep]
|-damage|p2a: Ninetales|0 fnt|[from] move: Infestation|[partiallytrapped]
|faint|p2a: Ninetales
|-damage|p2b: Kingambit|48/100|[from] move: Infestation|[partiallytrapped]
|upkeep
|
|t:|1783862388
|switch|p2a: Gengar|Gengar-Mega, L50, M|4/100
|turn|8
|
|t:|1783862405
|move|p2a: Gengar|Protect|p2a: Gengar
|-singleturn|p2a: Gengar|Protect
|move|p1b: Farigiraf|Protect|p1b: Farigiraf
|-singleturn|p1b: Farigiraf|Protect
|move|p1a: Toxapex|Baneful Bunker|p1a: Toxapex
|-singleturn|p1a: Toxapex|move: Protect
|move|p2b: Kingambit|Kowtow Cleave|p1a: Toxapex
|-activate|p1a: Toxapex|move: Protect
|
|-weather|Snowscape|[upkeep]
|-damage|p2b: Kingambit|36/100|[from] move: Infestation|[partiallytrapped]
|upkeep
|turn|9
|inactive|Mezzaluca has 30 seconds left.
|
|t:|1783862439
|move|p2a: Gengar|Sludge Bomb|p1b: Farigiraf
|-damage|p1b: Farigiraf|0 fnt
|faint|p1b: Farigiraf
|move|p2b: Kingambit|Iron Head|p1a: Toxapex
|-resisted|p1a: Toxapex|1
|-damage|p1a: Toxapex|84/100
|move|p1a: Toxapex|Infestation|p2a: Gengar
|-resisted|p2a: Gengar|2
|-damage|p2a: Gengar|3/100
|-activate|p2a: Gengar|move: Infestation|[of] p1a: Toxapex
|
|-weather|Snowscape|[upkeep]
|-heal|p1a: Toxapex|90/100|[from] item: Leftovers
|-damage|p2a: Gengar|0 fnt|[from] move: Infestation|[partiallytrapped]
|faint|p2a: Gengar
|-damage|p2b: Kingambit|24/100|[from] move: Infestation|[partiallytrapped]
|upkeep
|
|t:|1783862443
|switch|p1b: Charizard|Charizard-Mega-Y, L50, M|1/100
|-weather|SunnyDay|[from] ability: Drought|[of] p1b: Charizard
|turn|10
|
|t:|1783862449
|move|p1b: Charizard|Protect|p1b: Charizard
|-singleturn|p1b: Charizard|Protect
|move|p1a: Toxapex|Baneful Bunker|p1a: Toxapex
|-singleturn|p1a: Toxapex|move: Protect
|move|p2b: Kingambit|Sucker Punch||[still]
|-fail|p2b: Kingambit
|
|-weather|SunnyDay|[upkeep]
|-heal|p1a: Toxapex|96/100|[from] item: Leftovers
|-end|p2b: Kingambit|Infestation|[partiallytrapped]
|upkeep
|turn|11
|
|t:|1783862453
|move|p2b: Kingambit|Sucker Punch|p1b: Charizard
|-damage|p1b: Charizard|0 fnt
|faint|p1b: Charizard
|move|p1a: Toxapex|Infestation|p2b: Kingambit
|-damage|p2b: Kingambit|21/100
|-activate|p2b: Kingambit|move: Infestation|[of] p1a: Toxapex
|
|-weather|SunnyDay|[upkeep]
|-heal|p1a: Toxapex|100/100|[from] item: Leftovers
|-damage|p2b: Kingambit|9/100|[from] move: Infestation|[partiallytrapped]
|-sideend|p2: Mezzaluca|move: Aurora Veil
|upkeep
|turn|12
|
|t:|1783862457
|move|p1a: Toxapex|Baneful Bunker|p1a: Toxapex
|-singleturn|p1a: Toxapex|move: Protect
|move|p2b: Kingambit|Kowtow Cleave|p1a: Toxapex
|-activate|p1a: Toxapex|move: Protect
|
|-weather|SunnyDay|[upkeep]
|-damage|p2b: Kingambit|0 fnt|[from] move: Infestation|[partiallytrapped]
|faint|p2b: Kingambit
|
|win|EmbC29
|c|☆Mezzaluca|gg
|c|☆EmbC29|ggs
|player|p2|
