|inactive|Battle timer is ON: inactive players will automatically lose when time's up.
|html|hareeemyorukiss    
|uhtml|bestof|Game 2 of a best-of-3
|t:|1784567248
|gametype|doubles
|player|p1|hareeem|101|
|player|p2|yorukiss|picnicker|
|gen|9
|tier|[Gen 9 Champions] VGC 2026 Reg M-B (Bo3)
|rule|Species Clause: Limit one of each Pokémon
|rule|Item Clause: Limit 1 of each item
|clearpoke
|poke|p1|Gengar, L50, M|
|poke|p1|Tinkaton, L50, F|
|poke|p1|Incineroar, L50, M|
|poke|p1|Kingambit, L50, F|
|poke|p1|Annihilape, L50, M|
|poke|p1|Altaria, L50, M|
|poke|p2|Sableye, L50, M|
|poke|p2|Archaludon, L50, M|
|poke|p2|Basculegion, L50, M|
|poke|p2|Pelipper, L50, F|
|poke|p2|Sinistcha, L50|
|poke|p2|Dragonite, L50, M|
|teampreview|4
|showteam|p1|Gengar||Gengarite|CursedBody|ShadowBall,Disable,PerishSong,Protect|Timid||M|||50|]Tinkaton||ShucaBerry|MoldBreaker|GigatonHammer,FakeOut,Encore,Protect|Jolly||F|||50|]Incineroar||PasshoBerry|Intimidate|PartingShot,Protect,FlareBlitz,FakeOut|Relaxed||M|||50|]Kingambit||BlackGlasses|Defiant|KowtowCleave,SuckerPunch,SwordsDance,Protect|Adamant||F|||50|]Annihilape||ChoiceScarf|Defiant|CloseCombat,PhantomForce,IcePunch,Uturn|Adamant||M|||50|]Altaria||Leftovers|CloudNine|FireSpin,PerishSong,WillOWisp,Protect|Bold||M|||50|
|showteam|p2|Sableye||RoseliBerry|Prankster|Reflect,Quash,RainDance,LightScreen|Calm||M|||50|]Archaludon||Leftovers|Stamina|ElectroShot,DragonPulse,FlashCannon,Protect|Modest||M|||50|]Basculegion||ChoiceScarf|Adaptability|WaveCrash,FlipTurn,AquaJet,LastRespects|Jolly||M|||50|]Pelipper||SitrusBerry|Drizzle|WideGuard,WeatherBall,Hurricane,Tailwind|Modest||F|||50|]Sinistcha||KasibBerry|Hospitality|MatchaGotcha,LifeDew,TrickRoom,RagePowder|Sassy|||||50|]Dragonite||Dragoninite|InnerFocus|DracoMeteor,Flamethrower,Hurricane,Tailwind|Modest||M|||50|
|inactive|yorukiss has 60 seconds left.
|
|t:|1784567287
|teamsize|p1|4
|teamsize|p2|4
|start
|switch|p1a: Gengar|Gengar, L50, M|100/100
|switch|p1b: Incineroar|Incineroar, L50, M|100/100
|switch|p2a: Pelipper|Pelipper, L50, F|100/100
|switch|p2b: Basculegion|Basculegion, L50, M|100/100
|-weather|RainDance|[from] ability: Drizzle|[of] p2a: Pelipper
|-ability|p1b: Incineroar|Intimidate|boost
|-unboost|p2a: Pelipper|atk|1
|-unboost|p2b: Basculegion|atk|1
|turn|1
|inactive|yorukiss has 30 seconds left.
|inactive|yorukiss has 20 seconds left.
|inactive|yorukiss has 15 seconds left.
|
|t:|1784567327
|switch|p1b: Altaria|Altaria, L50, M|100/100
|-ability|p1b: Altaria|Cloud Nine
|detailschange|p1a: Gengar|Gengar-Mega, L50, M
|-mega|p1a: Gengar|Gengar|Gengarite
|move|p2b: Basculegion|Flip Turn|p1b: Altaria
|-resisted|p1b: Altaria|1
|-damage|p1b: Altaria|88/100
|
|t:|1784567337
|switch|p2b: Archaludon|Archaludon, L50, M|100/100|[from] Flip Turn
|move|p1a: Gengar|Shadow Ball|p2b: Archaludon
|-damage|p2b: Archaludon|55/100
|-ability|p2b: Archaludon|Stamina|boost
|-boost|p2b: Archaludon|def|1
|move|p2a: Pelipper|Tailwind|p2a: Pelipper
|-sidestart|p2: yorukiss|move: Tailwind
|
|-weather|RainDance|[upkeep]
|-heal|p2b: Archaludon|61/100|[from] item: Leftovers
|-heal|p1b: Altaria|94/100|[from] item: Leftovers
|upkeep
|turn|2
|inactive|yorukiss has 30 seconds left.
|inactive|hareeem has 30 seconds left.
|inactive|hareeem has 20 seconds left.
|
|t:|1784567382
|switch|p1a: Incineroar|Incineroar, L50, M|100/100
|-ability|p1a: Incineroar|Intimidate|boost
|-unboost|p2a: Pelipper|atk|1
|-unboost|p2b: Archaludon|atk|1
|move|p2b: Archaludon|Dragon Pulse|p1a: Incineroar
|-damage|p1a: Incineroar|66/100
|move|p2a: Pelipper|Hurricane|p1a: Incineroar
|-damage|p1a: Incineroar|32/100
|move|p1b: Altaria|Perish Song|p1b: Altaria
|-start|p1a: Incineroar|perish3|[silent]
|-start|p1b: Altaria|perish3|[silent]
|-start|p2a: Pelipper|perish3|[silent]
|-start|p2b: Archaludon|perish3|[silent]
|-fieldactivate|move: Perish Song
|
|-weather|RainDance|[upkeep]
|-heal|p2b: Archaludon|68/100|[from] item: Leftovers
|-heal|p1b: Altaria|100/100|[from] item: Leftovers
|-start|p2b: Archaludon|perish3
|-start|p2a: Pelipper|perish3
|-start|p1b: Altaria|perish3
|-start|p1a: Incineroar|perish3
|upkeep
|turn|3
|inactive|yorukiss has 30 seconds left.
|
|t:|1784567409
|switch|p2b: Basculegion|Basculegion, L50, M|100/100
|switch|p2a: Dragonite|Dragonite, L50, M|100/100
|move|p1b: Altaria|Protect|p1b: Altaria
|-singleturn|p1b: Altaria|Protect
|move|p1a: Incineroar|Parting Shot|p2a: Dragonite
|-unboost|p2a: Dragonite|atk|1
|-unboost|p2a: Dragonite|spa|1
|
|t:|1784567419
|switch|p1a: Gengar|Gengar-Mega, L50, M|100/100|[from] Parting Shot
|
|-weather|RainDance|[upkeep]
|-start|p1b: Altaria|perish2
|upkeep
|turn|4
|
|t:|1784567437
|detailschange|p2a: Dragonite|Dragonite-Mega, L50, M
|-mega|p2a: Dragonite|Dragonite|Dragoninite
|move|p2b: Basculegion|Flip Turn|p1b: Altaria
|-resisted|p1b: Altaria|1
|-damage|p1b: Altaria|84/100
|
|t:|1784567448
|switch|p2b: Pelipper|Pelipper, L50, F|100/100|[from] Flip Turn
|move|p2a: Dragonite|Draco Meteor|p1b: Altaria
|-supereffective|p1b: Altaria|1
|-damage|p1b: Altaria|0 fnt
|-unboost|p2a: Dragonite|spa|2
|faint|p1b: Altaria
|move|p1a: Gengar|Perish Song|p1a: Gengar
|-start|p1a: Gengar|perish3|[silent]
|-start|p2a: Dragonite|perish3|[silent]
|-start|p2b: Pelipper|perish3|[silent]
|-fieldactivate|move: Perish Song
|
|-weather|RainDance|[upkeep]
|-start|p2a: Dragonite|perish3
|-start|p2b: Pelipper|perish3
|-start|p1a: Gengar|perish3
|-sideend|p2: yorukiss|move: Tailwind
|upkeep
|
|t:|1784567455
|switch|p1b: Tinkaton|Tinkaton, L50, F|100/100
|-ability|p1b: Tinkaton|Mold Breaker
|turn|5
|
|t:|1784567475
|move|p1a: Gengar|Perish Song|p1a: Gengar
|-start|p1b: Tinkaton|perish3|[silent]
|-fieldactivate|move: Perish Song
|move|p1b: Tinkaton|Encore|p2a: Dragonite
|-start|p2a: Dragonite|Encore
|move|p2a: Dragonite|Draco Meteor|p1b: Tinkaton
|-immune|p1b: Tinkaton
|move|p2b: Pelipper|Weather Ball|p1a: Gengar
|-damage|p1a: Gengar|46/100
|
|-weather|none
|-start|p1a: Gengar|perish2
|-start|p1b: Tinkaton|perish3
|-start|p2a: Dragonite|perish2
|-start|p2b: Pelipper|perish2
|upkeep
|turn|6
|
|t:|1784567497
|move|p1a: Gengar|Disable|p2a: Dragonite
|-start|p2a: Dragonite|Disable|Draco Meteor
|move|p1b: Tinkaton|Encore|p2b: Pelipper
|-start|p2b: Pelipper|Encore
|cant|p2a: Dragonite|Disable|Draco Meteor
|move|p2b: Pelipper|Weather Ball|p1b: Tinkaton
|-resisted|p1b: Tinkaton|1
|-damage|p1b: Tinkaton|93/100
|
|-start|p1a: Gengar|perish1
|-start|p1b: Tinkaton|perish2
|-start|p2a: Dragonite|perish1
|-start|p2b: Pelipper|perish1
|upkeep
|turn|7
|
|t:|1784567521
|switch|p1a: Incineroar|Incineroar, L50, M|32/100
|-ability|p1a: Incineroar|Intimidate|boost
|-unboost|p2a: Dragonite|atk|1
|-unboost|p2b: Pelipper|atk|1
|move|p1b: Tinkaton|Gigaton Hammer|p2a: Dragonite
|-damage|p2a: Dragonite|56/100
|-activate|p2a: Dragonite|move: Struggle
|move|p2a: Dragonite|Struggle|p1a: Incineroar
|-damage|p1a: Incineroar|27/100
|-damage|p2a: Dragonite|31/100|[from] recoil
|move|p2b: Pelipper|Weather Ball|p1a: Incineroar
|-damage|p1a: Incineroar|17/100
|
|-end|p2a: Dragonite|Encore
|-start|p1b: Tinkaton|perish1
|-start|p2a: Dragonite|perish0
|-start|p2b: Pelipper|perish0
|upkeep
|faint|p2a: Dragonite
|faint|p2b: Pelipper
|
|t:|1784567542
|switch|p2a: Archaludon|Archaludon, L50, M|68/100
|switch|p2b: Basculegion|Basculegion, L50, M|100/100
|turn|8
|inactive|hareeem has 30 seconds left.
|inactive|yorukiss has 30 seconds left.
|inactive|hareeem has 20 seconds left.
|inactive|hareeem has 15 seconds left.
|inactive|hareeem has 10 seconds left.
|inactive|hareeem has 5 seconds left.
|
|t:|1784567596
|move|p2b: Basculegion|Wave Crash|p1a: Incineroar
|-supereffective|p1a: Incineroar|1
|-enditem|p1a: Incineroar|Passho Berry|[eat]
|-enditem|p1a: Incineroar|Passho Berry|[weaken]
|-damage|p1a: Incineroar|0 fnt
|faint|p1a: Incineroar
|-damage|p2b: Basculegion|93/100|[from] Recoil
|move|p1b: Tinkaton|Encore||[still]
|-fail|p1b: Tinkaton
|move|p2a: Archaludon|Flash Cannon|p1b: Tinkaton
|-damage|p1b: Tinkaton|61/100
|
|-heal|p2a: Archaludon|74/100|[from] item: Leftovers
|-start|p1b: Tinkaton|perish0
|upkeep
|faint|p1b: Tinkaton
|
|t:|1784567600
|switch|p1b: Gengar|Gengar-Mega, L50, M|46/100
|turn|9
|
|t:|1784567617
|move|p2b: Basculegion|Wave Crash|p1b: Gengar
|-damage|p1b: Gengar|0 fnt
|faint|p1b: Gengar
|-damage|p2b: Basculegion|81/100|[from] Recoil
|
|win|yorukiss
|c|☆hareeem|gg
|c|☆yorukiss|ggs
|player|p1|
