|inactive|Battle timer is ON: inactive players will automatically lose when time's up.
|html|EmbC29Nanandes    
|uhtml|bestof|Game 2 of a best-of-3
|t:|1783112990
|gametype|doubles
|player|p1|EmbC29|#splxclassiest|
|player|p2|Nanandes|steven-masters|
|gen|9
|tier|[Gen 9 Champions] VGC 2026 Reg M-B (Bo3)
|rule|Species Clause: Limit one of each Pokémon
|rule|Item Clause: Limit 1 of each item
|clearpoke
|poke|p1|Gengar, L50, F|
|poke|p1|Tinkaton, L50, F|
|poke|p1|Incineroar, L50, M|
|poke|p1|Politoed, L50, F|
|poke|p1|Sinistcha, L50|
|poke|p1|Swampert, L50, F|
|poke|p2|Kingambit, L50, F|
|poke|p2|Charizard, L50, M|
|poke|p2|Aerodactyl, L50, F|
|poke|p2|Farigiraf, L50, M|
|poke|p2|Garchomp, L50, M|
|poke|p2|Sylveon, L50, M|
|teampreview|4
|showteam|p1|Gengar||Gengarite|CursedBody|ShadowBall,PerishSong,Disable,Protect|Timid||F|||50|]Tinkaton||ShucaBerry|MoldBreaker|GigatonHammer,Encore,FakeOut,Protect|Jolly||F|||50|]Incineroar||PasshoBerry|Intimidate|ThroatChop,PartingShot,FakeOut,Protect|Relaxed||M|||50|]Politoed||SitrusBerry|Drizzle|WeatherBall,PerishSong,Encore,Protect|Calm||F|||50|]Sinistcha||KasibBerry|Hospitality|MatchaGotcha,RagePowder,Imprison,Protect|Bold|||||50|]Swampert||Swampertite|Torrent|WaveCrash,HighHorsepower,BulkUp,Protect|Adamant||F|||50|
|showteam|p2|Kingambit||FocusSash|Defiant|KowtowCleave,IronHead,SuckerPunch,LowKick|Adamant||F|||50|]Charizard||CharizarditeY|Blaze|HeatWave,SolarBeam,WeatherBall,Protect|Modest||M|||50|]Aerodactyl||Aerodactylite|Unnerve|RockSlide,DualWingbeat,IceFang,Tailwind|Jolly||F|||50|]Farigiraf||SitrusBerry|ArmorTail|Psychic,Thunderbolt,TrickRoom,Protect|Bold||M|||50|]Garchomp||LifeOrb|RoughSkin|Earthquake,DragonClaw,StompingTantrum,Protect|Jolly||M|||50|]Sylveon||FairyFeather|Pixilate|HyperVoice,HyperBeam,QuickAttack,Protect|Modest||M|||50|
|inactive|Nanandes has 60 seconds left.
|inactive|Nanandes has 30 seconds left.
|inactive|Nanandes has 20 seconds left.
|inactive|Nanandes has 15 seconds left.
|
|t:|1783113066
|teamsize|p1|4
|teamsize|p2|4
|start
|switch|p1a: Swampert|Swampert, L50, F|100/100
|switch|p1b: Tinkaton|Tinkaton, L50, F|100/100
|switch|p2a: Charizard|Charizard, L50, M|100/100
|switch|p2b: Garchomp|Garchomp, L50, M|100/100
|-ability|p1b: Tinkaton|Mold Breaker
|turn|1
|inactive|Nanandes has 30 seconds left.
|
|t:|1783113101
|detailschange|p1a: Swampert|Swampert-Mega, L50, F
|-mega|p1a: Swampert|Swampert|Swampertite
|move|p1b: Tinkaton|Protect|p1b: Tinkaton
|-singleturn|p1b: Tinkaton|Protect
|move|p2a: Charizard|Protect|p2a: Charizard
|-singleturn|p2a: Charizard|Protect
|move|p1a: Swampert|Protect|p1a: Swampert
|-singleturn|p1a: Swampert|Protect
|move|p2b: Garchomp|Earthquake|p1a: Swampert|[spread] 
|-activate|p2a: Charizard|move: Protect
|-activate|p1a: Swampert|move: Protect
|-activate|p1b: Tinkaton|move: Protect
|
|upkeep
|turn|2
|
|t:|1783113118
|detailschange|p2a: Charizard|Charizard-Mega-Y, L50, M
|-mega|p2a: Charizard|Charizard|Charizardite Y
|-weather|SunnyDay|[from] ability: Drought|[of] p2a: Charizard
|move|p2b: Garchomp|Earthquake|p1b: Tinkaton|[spread] p1a,p1b
|-immune|p2a: Charizard
|-supereffective|p1b: Tinkaton|1
|-enditem|p1b: Tinkaton|Shuca Berry|[eat]
|-enditem|p1b: Tinkaton|Shuca Berry|[weaken]
|-damage|p1a: Swampert|56/100
|-damage|p1b: Tinkaton|42/100
|-damage|p2b: Garchomp|90/100|[from] item: Life Orb
|move|p1b: Tinkaton|Encore|p2a: Charizard
|-start|p2a: Charizard|Encore
|move|p2a: Charizard|Protect||[still]
|-fail|p2a: Charizard
|move|p1a: Swampert|Bulk Up|p1a: Swampert
|-boost|p1a: Swampert|atk|1
|-boost|p1a: Swampert|def|1
|
|-weather|SunnyDay|[upkeep]
|upkeep
|turn|3
|inactive|Nanandes has 30 seconds left.
|inactive|Nanandes has 20 seconds left.
|inactive|Nanandes has 15 seconds left.
|inactive|Nanandes has 10 seconds left.
|inactive|Nanandes has 5 seconds left.
|
|t:|1783113170
|switch|p2b: Kingambit|Kingambit, L50, F|100/100
|switch|p1b: Sinistcha|Sinistcha, L50|100/100
|-heal|p1a: Swampert|81/100|[from] ability: Hospitality|[of] p1b: Sinistcha
|switch|p2a: Farigiraf|Farigiraf, L50, M|100/100
|move|p1a: Swampert|High Horsepower|p2b: Kingambit
|-supereffective|p2b: Kingambit|1
|-enditem|p2b: Kingambit|Focus Sash
|-damage|p2b: Kingambit|1/100
|
|-weather|SunnyDay|[upkeep]
|upkeep
|turn|4
|inactive|Nanandes has 30 seconds left.
|inactive|Nanandes has 20 seconds left.
|inactive|Nanandes has 15 seconds left.
|inactive|Nanandes has 10 seconds left.
|
|t:|1783113217
|move|p1a: Swampert|Wave Crash|p2b: Kingambit
|-crit|p2b: Kingambit
|-damage|p2b: Kingambit|0 fnt
|faint|p2b: Kingambit
|-damage|p1a: Swampert|81/100|[from] Recoil
|move|p1b: Sinistcha|Imprison|p1b: Sinistcha
|-start|p1b: Sinistcha|move: Imprison
|move|p2a: Farigiraf|Psychic|p1a: Swampert
|-damage|p1a: Swampert|54/100
|-unboost|p1a: Swampert|spd|1
|
|-weather|SunnyDay|[upkeep]
|upkeep
|
|t:|1783113230
|switch|p2b: Charizard|Charizard-Mega-Y, L50, M|100/100
|turn|5
|inactive|Nanandes has 30 seconds left.
|inactive|Nanandes has 20 seconds left.
|inactive|Nanandes has 15 seconds left.
|inactive|Nanandes has 10 seconds left.
|inactive|Nanandes has 5 seconds left.
|
|t:|1783113284
|switch|p1b: Politoed|Politoed, L50, F|100/100
|-weather|RainDance|[from] ability: Drizzle|[of] p1b: Politoed
|move|p1a: Swampert|Wave Crash|p2b: Charizard
|-supereffective|p2b: Charizard|1
|-damage|p2b: Charizard|0 fnt
|faint|p2b: Charizard
|-damage|p1a: Swampert|22/100|[from] Recoil
|move|p2a: Farigiraf|Thunderbolt|p1b: Politoed
|-supereffective|p1b: Politoed|1
|-damage|p1b: Politoed|64/100
|
|-weather|RainDance|[upkeep]
|upkeep
|
|t:|1783113291
|switch|p2b: Garchomp|Garchomp, L50, M|90/100
|turn|6
|
|t:|1783113297
|move|p2a: Farigiraf|Protect|p2a: Farigiraf
|-singleturn|p2a: Farigiraf|Protect
|move|p1a: Swampert|Wave Crash|p2b: Garchomp
|-damage|p2b: Garchomp|0 fnt
|-damage|p1a: Swampert|10/100|[from] ability: Rough Skin|[of] p2b: Garchomp
|faint|p2b: Garchomp
|-damage|p1a: Swampert|0 fnt|[from] Recoil
|faint|p1a: Swampert
|move|p1b: Politoed|Perish Song|p1b: Politoed
|-start|p1b: Politoed|perish3|[silent]
|-start|p2a: Farigiraf|perish3|[silent]
|-fieldactivate|move: Perish Song
|
|-weather|RainDance|[upkeep]
|-start|p1b: Politoed|perish3
|-start|p2a: Farigiraf|perish3
|upkeep
|
|t:|1783113301
|switch|p1a: Tinkaton|Tinkaton, L50, F|42/100
|-ability|p1a: Tinkaton|Mold Breaker
|turn|7
|c|+fate1q|Vc n é real edu
|c|+beto cachinhos|puta merda
|
|t:|1783113307
|switch|p1b: Sinistcha|Sinistcha, L50|100/100
|-heal|p1a: Tinkaton|67/100|[from] ability: Hospitality|[of] p1b: Sinistcha
|move|p1a: Tinkaton|Fake Out|p2a: Farigiraf
|-damage|p2a: Farigiraf|93/100
|cant|p2a: Farigiraf|flinch
|
|-weather|RainDance|[upkeep]
|-start|p2a: Farigiraf|perish2
|upkeep
|turn|8
|c|+cartulo|muito fora da curva
|c|+beto cachinhos|isso foi do cacete
|c|+fate1q|ET
|
|t:|1783113323
|move|p1a: Tinkaton|Protect|p1a: Tinkaton
|-singleturn|p1a: Tinkaton|Protect
|move|p1b: Sinistcha|Protect|p1b: Sinistcha
|-singleturn|p1b: Sinistcha|Protect
|move|p2a: Farigiraf|Psychic|p1b: Sinistcha
|-activate|p1b: Sinistcha|move: Protect
|
|-weather|RainDance|[upkeep]
|-start|p2a: Farigiraf|perish1
|upkeep
|turn|9
|c|+Angolano1234567|ET total
|c|+Angolano1234567|q bizarro
|
|t:|1783113334
|move|p1a: Tinkaton|Gigaton Hammer|p2a: Farigiraf
|-damage|p2a: Farigiraf|52/100
|move|p1b: Sinistcha|Matcha Gotcha|p2a: Farigiraf
|-damage|p2a: Farigiraf|24/100
|-enditem|p2a: Farigiraf|Sitrus Berry|[eat]
|-heal|p2a: Farigiraf|49/100|[from] item: Sitrus Berry
|move|p2a: Farigiraf|Psychic|p1b: Sinistcha
|-damage|p1b: Sinistcha|62/100
|
|-weather|none
|-start|p2a: Farigiraf|perish0
|upkeep
|faint|p2a: Farigiraf
|
|win|EmbC29
|c|☆Nanandes|ggg
|c|☆EmbC29|ggs
|player|p2|
