|inactive|Battle timer is ON: inactive players will automatically lose when time's up.
|html|EmbC29duben    
|uhtml|bestof|Game 2 of a best-of-3
|t:|1782743023
|gametype|doubles
|player|p1|EmbC29|#splxclassiest|
|player|p2|duben|rosa|
|gen|9
|tier|[Gen 9 Champions] VGC 2026 Reg M-B (Bo3)
|rule|Species Clause: Limit one of each Pokémon
|rule|Item Clause: Limit 1 of each item
|clearpoke
|poke|p1|Floette-Eternal, L50, F|
|poke|p1|Charizard, L50, F|
|poke|p1|Whimsicott, L50, M|
|poke|p1|Garchomp, L50, F|
|poke|p1|Basculegion, L50, M|
|poke|p1|Kingambit, L50, F|
|poke|p2|Blaziken, L50, M|
|poke|p2|Whimsicott, L50, F|
|poke|p2|Basculegion, L50, M|
|poke|p2|Kingambit, L50, M|
|poke|p2|Floette-Eternal, L50, F|
|poke|p2|Ninetales-Alola, L50, F|
|teampreview|4
|showteam|p1|Floette-Eternal||Floettite|FlowerVeil|Moonblast,DazzlingGleam,LightofRuin,Protect|Modest||F|||50|]Charizard||CharizarditeY|Blaze|HeatWave,WeatherBall,SolarBeam,Protect|Modest||F|||50|]Whimsicott||FocusSash|Prankster|Moonblast,Encore,Tailwind,Protect|Timid||M|||50|]Garchomp||RoseliBerry|RoughSkin|DragonClaw,StompingTantrum,PoisonJab,RockSlide|Jolly||F|||50|]Basculegion||LifeOrb|Adaptability|WaveCrash,LastRespects,AquaJet,Protect|Adamant||M|||50|]Kingambit||ChopleBerry|Defiant|KowtowCleave,Protect,SuckerPunch,LowKick|Adamant||F|||50|
|showteam|p2|Blaziken||Blazikenite|SpeedBoost|Detect,CloseCombat,FlareBlitz,RockSlide|Adamant||M|||50|]Whimsicott||FocusSash|Prankster|Tailwind,Protect,Encore,Moonblast|Timid||F|||50|]Basculegion||LifeOrb|Adaptability|Protect,WaveCrash,LastRespects,AquaJet|Adamant||M|||50|]Kingambit||BlackGlasses|Defiant|Protect,KowtowCleave,SuckerPunch,LowKick|Adamant||M|||50|]Floette-Eternal||Floettite|FlowerVeil|Protect,LightofRuin,Moonblast,DazzlingGleam|Modest||F|||50|]Ninetales-Alola||NeverMeltIce|SnowWarning|Protect,Blizzard,FreezeDry,Encore|Timid||F|||50|
|c|+Nasir1|Isto sim um set de gente
|inactive|duben has 60 seconds left.
|inactive|duben has 30 seconds left.
|inactive|duben has 20 seconds left.
|inactive|EmbC29 has 60 seconds left.
|inactive|duben has 15 seconds left.
|inactive|duben has 10 seconds left.
|
|t:|1782743105
|teamsize|p1|4
|teamsize|p2|4
|start
|switch|p1a: Garchomp|Garchomp, L50, F|100/100
|switch|p1b: Whimsicott|Whimsicott, L50, M|100/100
|switch|p2a: picker|Whimsicott, L50, F|100/100
|switch|p2b: bomba nuclear 30€|Floette-Eternal, L50, F|100/100
|turn|1
|inactive|duben has 30 seconds left.
|inactive|duben has 20 seconds left.
|inactive|duben has 15 seconds left.
|
|t:|1782743146
|detailschange|p2b: bomba nuclear 30€|Floette-Mega, L50, F
|-mega|p2b: bomba nuclear 30€|Floette|Floettite
|-ability|p2b: bomba nuclear 30€|Fairy Aura
|move|p2a: picker|Tailwind|p2a: picker
|-sidestart|p2: duben|move: Tailwind
|move|p1b: Whimsicott|Tailwind|p1b: Whimsicott
|-sidestart|p1: EmbC29|move: Tailwind
|move|p1a: Garchomp|Poison Jab|p2b: bomba nuclear 30€
|-supereffective|p2b: bomba nuclear 30€|1
|-damage|p2b: bomba nuclear 30€|29/100
|move|p2b: bomba nuclear 30€|Light of Ruin|p1a: Garchomp
|-supereffective|p1a: Garchomp|1
|-enditem|p1a: Garchomp|Roseli Berry|[eat]
|-enditem|p1a: Garchomp|Roseli Berry|[weaken]
|-damage|p1a: Garchomp|0 fnt
|faint|p1a: Garchomp
|-damage|p2b: bomba nuclear 30€|0 fnt|[from] Recoil
|faint|p2b: bomba nuclear 30€
|
|upkeep
|
|t:|1782743171
|switch|p1a: Basculegion|Basculegion, L50, M|100/100
|switch|p2b: blaze|Blaziken, L50, M|100/100
|turn|2
|inactive|duben has 30 seconds left.
|inactive|EmbC29 has 30 seconds left.
|inactive|duben has 20 seconds left.
|inactive|duben has 15 seconds left.
|
|t:|1782743213
|move|p1b: Whimsicott|Encore|p2a: picker
|-start|p2a: picker|Encore
|move|p2a: picker|Tailwind||[still]
|-fail|p2a: picker
|move|p1a: Basculegion|Last Respects|p2a: picker
|-enditem|p2a: picker|Focus Sash
|-damage|p2a: picker|1/100
|-damage|p1a: Basculegion|90/100|[from] item: Life Orb
|move|p2b: blaze|Flare Blitz|p1b: Whimsicott
|-supereffective|p1b: Whimsicott|1
|-enditem|p1b: Whimsicott|Focus Sash
|-damage|p1b: Whimsicott|1/100
|-damage|p2b: blaze|73/100|[from] Recoil
|
|-ability|p2b: blaze|Speed Boost|boost
|-boost|p2b: blaze|spe|1
|upkeep
|turn|3
|
|t:|1782743237
|switch|p1b: Floette|Floette-Eternal, L50, F|100/100
|switch|p2a: filet|Basculegion, L50, M|100/100
|move|p1a: Basculegion|Aqua Jet|p2b: blaze
|-supereffective|p2b: blaze|1
|-damage|p2b: blaze|0 fnt
|faint|p2b: blaze
|-damage|p1a: Basculegion|80/100|[from] item: Life Orb
|
|upkeep
|
|t:|1782743246
|switch|p2b: picker|Whimsicott, L50, F|1/100
|turn|4
|
|t:|1782743270
|detailschange|p1b: Floette|Floette-Mega, L50, F
|-mega|p1b: Floette|Floette|Floettite
|-ability|p1b: Floette|Fairy Aura
|move|p2b: picker|Protect|p2b: picker
|-singleturn|p2b: picker|Protect
|move|p2a: filet|Protect|p2a: filet
|-singleturn|p2a: filet|Protect
|move|p1b: Floette|Dazzling Gleam|p2a: filet|[spread] 
|-activate|p2a: filet|move: Protect
|-activate|p2b: picker|move: Protect
|move|p1a: Basculegion|Last Respects|p2a: filet
|-activate|p2a: filet|move: Protect
|
|-sideend|p1: EmbC29|move: Tailwind
|-sideend|p2: duben|move: Tailwind
|upkeep
|turn|5
|inactive|duben has 30 seconds left.
|inactive|duben has 20 seconds left.
|inactive|duben has 15 seconds left.
|inactive|duben has 10 seconds left.
|
|t:|1782743316
|move|p2b: picker|Tailwind|p2b: picker
|-sidestart|p2: duben|move: Tailwind
|move|p2a: filet|Last Respects|p1a: Basculegion
|-supereffective|p1a: Basculegion|1
|-damage|p1a: Basculegion|0 fnt
|faint|p1a: Basculegion
|-damage|p2a: filet|90/100|[from] item: Life Orb
|move|p1b: Floette|Moonblast|p2a: filet
|-damage|p2a: filet|2/100
|
|upkeep
|
|t:|1782743319
|switch|p1a: Whimsicott|Whimsicott, L50, M|1/100
|turn|6
|inactive|duben has 30 seconds left.
|inactive|duben has 20 seconds left.
|inactive|duben has 15 seconds left.
|inactive|duben has 10 seconds left.
|inactive|duben has 5 seconds left.
|
|t:|1782743372
|move|p1a: Whimsicott|Tailwind|p1a: Whimsicott
|-sidestart|p1: EmbC29|move: Tailwind
|move|p2b: picker|Moonblast|p1a: Whimsicott
|-damage|p1a: Whimsicott|0 fnt
|faint|p1a: Whimsicott
|move|p1b: Floette|Dazzling Gleam|p2b: picker|[spread] p2a,p2b
|-damage|p2a: filet|0 fnt
|-damage|p2b: picker|0 fnt
|faint|p2a: filet
|faint|p2b: picker
|
|win|EmbC29
|c|☆duben|gg
|c|☆EmbC29|ggs
|player|p2|
|player|p1|
