|inactive|Battle timer is ON: inactive players will automatically lose when time's up.
|html|EmbC29Nanandes    
|uhtml|bestof|Game 1 of a best-of-3
|t:|1783112628
|gametype|doubles
|player|p1|EmbC29|#splxclassiest|
|player|p2|Nanandes|steven-masters|
|gen|9
|tier|[Gen 9 Champions] VGC 2026 Reg M-B (Bo3)
|rule|Species Clause: Limit one of each Pokémon
|rule|Item Clause: Limit 1 of each item
|clearpoke
|poke|p1|Gengar, L50, M|
|poke|p1|Tinkaton, L50, F|
|poke|p1|Incineroar, L50, M|
|poke|p1|Politoed, L50, M|
|poke|p1|Sinistcha, L50|
|poke|p1|Swampert, L50, M|
|poke|p2|Kingambit, L50, M|
|poke|p2|Charizard, L50, M|
|poke|p2|Aerodactyl, L50, M|
|poke|p2|Farigiraf, L50, M|
|poke|p2|Garchomp, L50, M|
|poke|p2|Sylveon, L50, M|
|teampreview|4
|showteam|p1|Gengar||Gengarite|CursedBody|ShadowBall,PerishSong,Disable,Protect|Timid||M|||50|]Tinkaton||ShucaBerry|MoldBreaker|GigatonHammer,Encore,FakeOut,Protect|Jolly||F|||50|]Incineroar||PasshoBerry|Intimidate|ThroatChop,PartingShot,FakeOut,Protect|Relaxed||M|||50|]Politoed||SitrusBerry|Drizzle|WeatherBall,PerishSong,Encore,Protect|Calm||M|||50|]Sinistcha||KasibBerry|Hospitality|MatchaGotcha,RagePowder,Imprison,Protect|Bold|||||50|]Swampert||Swampertite|Torrent|WaveCrash,HighHorsepower,BulkUp,Protect|Adamant||M|||50|
|showteam|p2|Kingambit||FocusSash|Defiant|KowtowCleave,IronHead,SuckerPunch,LowKick|Adamant||M|||50|]Charizard||CharizarditeY|Blaze|HeatWave,SolarBeam,WeatherBall,Protect|Modest||M|||50|]Aerodactyl||Aerodactylite|Unnerve|RockSlide,DualWingbeat,IceFang,Tailwind|Jolly||M|||50|]Farigiraf||SitrusBerry|ArmorTail|Psychic,Thunderbolt,TrickRoom,Protect|Bold||M|||50|]Garchomp||LifeOrb|RoughSkin|Earthquake,DragonClaw,StompingTantrum,Protect|Jolly||M|||50|]Sylveon||FairyFeather|Pixilate|HyperVoice,HyperBeam,QuickAttack,Protect|Modest||M|||50|
|c|☆EmbC29|glhf
|c|☆Nanandes|glhf
|c|☆Nanandes|ousado em trazer seu time do Saint Jude
|inactive|EmbC29 has 60 seconds left.
|inactive|Nanandes has 60 seconds left.
|c|☆EmbC29|?
|c|☆EmbC29|nao trouxe
|c|☆Nanandes|true
|c|☆Nanandes|tem variações
|c|☆Nanandes|eu n preprei mto essa week
|inactive|EmbC29 has 30 seconds left.
|inactive|Nanandes has 30 seconds left.
|c|☆Nanandes|só vi o time por cima
|inactive|EmbC29 has 20 seconds left.
|inactive|Nanandes has 20 seconds left.
|inactive|EmbC29 has 15 seconds left.
|inactive|EmbC29 has 10 seconds left.
|
|t:|1783112709
|teamsize|p1|4
|teamsize|p2|4
|start
|switch|p1a: Tinkaton|Tinkaton, L50, F|100/100
|switch|p1b: Swampert|Swampert, L50, M|100/100
|switch|p2a: Charizard|Charizard, L50, M|100/100
|switch|p2b: Kingambit|Kingambit, L50, M|100/100
|-ability|p1a: Tinkaton|Mold Breaker
|turn|1
|inactive|Nanandes has 30 seconds left.
|
|t:|1783112742
|switch|p2b: Farigiraf|Farigiraf, L50, M|100/100
|detailschange|p2a: Charizard|Charizard-Mega-Y, L50, M
|-mega|p2a: Charizard|Charizard|Charizardite Y
|-weather|SunnyDay|[from] ability: Drought|[of] p2a: Charizard
|detailschange|p1b: Swampert|Swampert-Mega, L50, M
|-mega|p1b: Swampert|Swampert|Swampertite
|move|p1a: Tinkaton|Fake Out|p2a: Charizard
|-damage|p2a: Charizard|91/100
|cant|p2a: Charizard|flinch
|move|p1b: Swampert|Bulk Up|p1b: Swampert
|-boost|p1b: Swampert|atk|1
|-boost|p1b: Swampert|def|1
|
|-weather|SunnyDay|[upkeep]
|upkeep
|turn|2
|
|t:|1783112762
|switch|p1a: Politoed|Politoed, L50, M|100/100
|-weather|RainDance|[from] ability: Drizzle|[of] p1a: Politoed
|move|p2a: Charizard|Protect|p2a: Charizard
|-singleturn|p2a: Charizard|Protect
|move|p1b: Swampert|Wave Crash|p2a: Charizard
|-activate|p2a: Charizard|move: Protect
|move|p2b: Farigiraf|Trick Room|p2b: Farigiraf
|-fieldstart|move: Trick Room|[of] p2b: Farigiraf
|
|-weather|RainDance|[upkeep]
|upkeep
|turn|3
|
|t:|1783112780
|switch|p1a: Tinkaton|Tinkaton, L50, F|100/100
|-ability|p1a: Tinkaton|Mold Breaker
|switch|p2a: Kingambit|Kingambit, L50, M|100/100
|move|p2b: Farigiraf|Psychic|p1b: Swampert
|-damage|p1b: Swampert|70/100
|-unboost|p1b: Swampert|spd|1
|move|p1b: Swampert|Wave Crash|p2a: Kingambit
|-enditem|p2a: Kingambit|Focus Sash
|-damage|p2a: Kingambit|1/100
|-damage|p1b: Swampert|40/100|[from] Recoil
|
|-weather|RainDance|[upkeep]
|upkeep
|turn|4
|inactive|EmbC29 has 30 seconds left.
|
|t:|1783112805
|switch|p2a: Charizard|Charizard-Mega-Y, L50, M|91/100
|-weather|SunnyDay|[from] ability: Drought|[of] p2a: Charizard
|move|p1a: Tinkaton|Fake Out|p2b: Farigiraf
|-damage|p2b: Farigiraf|92/100
|cant|p2b: Farigiraf|flinch
|move|p1b: Swampert|High Horsepower|p2b: Farigiraf
|-damage|p2b: Farigiraf|28/100
|-enditem|p2b: Farigiraf|Sitrus Berry|[eat]
|-heal|p2b: Farigiraf|53/100|[from] item: Sitrus Berry
|
|-weather|SunnyDay|[upkeep]
|upkeep
|turn|5
|c|+beto cachinhos|oiii nanandes 
|c|+beto cachinhos|VAMOS EDU CARALHO
|c|☆Nanandes|oi
|inactive|EmbC29 has 30 seconds left.
|
|t:|1783112835
|switch|p1b: Politoed|Politoed, L50, M|100/100
|-weather|RainDance|[from] ability: Drizzle|[of] p1b: Politoed
|move|p2b: Farigiraf|Psychic|p1b: Politoed
|-damage|p1b: Politoed|75/100
|move|p2a: Charizard|Heat Wave|p1a: Tinkaton|[spread] p1a,p1b
|-supereffective|p1a: Tinkaton|1
|-crit|p1a: Tinkaton
|-resisted|p1b: Politoed|1
|-damage|p1a: Tinkaton|46/100
|-damage|p1b: Politoed|67/100
|move|p1a: Tinkaton|Gigaton Hammer|p2a: Charizard
|-resisted|p2a: Charizard|1
|-damage|p2a: Charizard|69/100
|
|-weather|RainDance|[upkeep]
|upkeep
|turn|6
|inactive|Nanandes has 30 seconds left.
|
|t:|1783112866
|switch|p1b: Swampert|Swampert-Mega, L50, M|40/100
|switch|p2a: Sylveon|Sylveon, L50, M|100/100
|move|p2b: Farigiraf|Protect|p2b: Farigiraf
|-singleturn|p2b: Farigiraf|Protect
|move|p1a: Tinkaton|Protect||[still]
|-fail|p1a: Tinkaton
|
|-weather|RainDance|[upkeep]
|-fieldend|move: Trick Room
|upkeep
|turn|7
|inactive|Nanandes has 30 seconds left.
|
|t:|1783112899
|switch|p2a: Charizard|Charizard-Mega-Y, L50, M|69/100
|-weather|SunnyDay|[from] ability: Drought|[of] p2a: Charizard
|move|p1a: Tinkaton|Encore|p2b: Farigiraf
|-start|p2b: Farigiraf|Encore
|move|p2b: Farigiraf|Protect||[still]
|-fail|p2b: Farigiraf
|move|p1b: Swampert|Wave Crash|p2a: Charizard
|-supereffective|p2a: Charizard|1
|-crit|p2a: Charizard
|-damage|p2a: Charizard|0 fnt
|faint|p2a: Charizard
|-damage|p1b: Swampert|18/100|[from] Recoil
|
|-weather|SunnyDay|[upkeep]
|upkeep
|
|t:|1783112919
|switch|p2a: Sylveon|Sylveon, L50, M|100/100
|turn|8
|
|t:|1783112932
|switch|p2b: Kingambit|Kingambit, L50, M|1/100
|move|p2a: Sylveon|Protect|p2a: Sylveon
|-singleturn|p2a: Sylveon|Protect
|move|p1a: Tinkaton|Gigaton Hammer|p2a: Sylveon
|-activate|p2a: Sylveon|move: Protect
|move|p1b: Swampert|Wave Crash|p2b: Kingambit
|-damage|p2b: Kingambit|0 fnt
|faint|p2b: Kingambit
|-damage|p1b: Swampert|17/100|[from] Recoil
|
|-weather|SunnyDay|[upkeep]
|upkeep
|
|t:|1783112941
|switch|p2b: Farigiraf|Farigiraf, L50, M|53/100
|turn|9
|
|t:|1783112951
|switch|p1b: Politoed|Politoed, L50, M|67/100
|-weather|RainDance|[from] ability: Drizzle|[of] p1b: Politoed
|move|p2a: Sylveon|Quick Attack|p1b: Politoed
|-damage|p1b: Politoed|55/100
|move|p1a: Tinkaton|Encore|p2a: Sylveon
|-start|p2a: Sylveon|Encore
|move|p2b: Farigiraf|Trick Room|p2b: Farigiraf
|-fieldstart|move: Trick Room|[of] p2b: Farigiraf
|
|-weather|RainDance|[upkeep]
|upkeep
|turn|10
|inactive|Nanandes has 30 seconds left.
|
|t:|1783112976
|move|p2a: Sylveon|Quick Attack|p1a: Tinkaton
|-resisted|p1a: Tinkaton|1
|-damage|p1a: Tinkaton|39/100
|move|p2b: Farigiraf|Thunderbolt|p1a: Tinkaton
|-damage|p1a: Tinkaton|17/100
|-status|p1a: Tinkaton|par
|move|p1a: Tinkaton|Gigaton Hammer|p2a: Sylveon
|-supereffective|p2a: Sylveon|1
|-damage|p2a: Sylveon|0 fnt
|faint|p2a: Sylveon
|move|p1b: Politoed|Perish Song|p1b: Politoed
|-start|p1a: Tinkaton|perish3|[silent]
|-start|p1b: Politoed|perish3|[silent]
|-start|p2b: Farigiraf|perish3|[silent]
|-fieldactivate|move: Perish Song
|
|-weather|RainDance|[upkeep]
|-start|p1a: Tinkaton|perish3
|-start|p2b: Farigiraf|perish3
|-start|p1b: Politoed|perish3
|upkeep
|turn|11
|
|t:|1783112984
|switch|p1a: Incineroar|Incineroar, L50, M|100/100
|-ability|p1a: Incineroar|Intimidate|boost
|-unboost|p2b: Farigiraf|atk|1
|move|p1b: Politoed|Protect|p1b: Politoed
|-singleturn|p1b: Politoed|Protect
|move|p2b: Farigiraf|Psychic|p1b: Politoed
|-activate|p1b: Politoed|move: Protect
|
|-weather|RainDance|[upkeep]
|-start|p2b: Farigiraf|perish2
|-start|p1b: Politoed|perish2
|upkeep
|turn|12
|-message|Nanandes forfeited.
|
|win|EmbC29
||Nanandes is ready for game 2.
||EmbC29 is ready for game 2.
|uhtml|next|Next: Game 2 of 3
|player|p2|
