|inactive|Battle timer is ON: inactive players will automatically lose when time's up.
|badge|p1|silver|gen9doublesou|30-10
|uhtml|medal-msg|Curious what those medals under the avatar are? PS now has Ladder Seasons! For more information, check out the thread on Smogon.
|html|Kiogrus24Mezzaluca    
|uhtml|bestof|Game 3 of a best-of-3
|t:|1784499613
|gametype|doubles
|player|p1|Kiogrus24|pokemaniac-gen2|
|player|p2|Mezzaluca|lucas|
|gen|9
|tier|[Gen 9 Champions] VGC 2026 Reg M-B (Bo3)
|rule|Species Clause: Limit one of each Pokémon
|rule|Item Clause: Limit 1 of each item
|clearpoke
|poke|p1|Gengar, L50, F|
|poke|p1|Swampert, L50, M|
|poke|p1|Politoed, L50, M|
|poke|p1|Vivillon-Elegant, L50, M, shiny|
|poke|p1|Incineroar, L50, M|
|poke|p1|Archaludon, L50, M|
|poke|p2|Floette-Eternal, L50, F|
|poke|p2|Charizard, L50, M|
|poke|p2|Whimsicott, L50, F|
|poke|p2|Garchomp, L50, M|
|poke|p2|Basculegion, L50, M|
|poke|p2|Kingambit, L50, M|
|teampreview|4
|showteam|p1|Gengar||Gengarite|CursedBody|ShadowBall,SludgeBomb,PerishSong,Protect|Timid||F|||50|]Swampert||Swampertite|Damp|WaveCrash,Earthquake,IcePunch,Protect|Adamant||M|||50|]Politoed||SitrusBerry|Drizzle|WeatherBall,Encore,PerishSong,Protect|Calm||M|||50|]Vivillon-Elegant||FocusSash|CompoundEyes|Hurricane,SleepPowder,RagePowder,Protect|Timid||M|||50|]Incineroar||LumBerry|Intimidate|ThroatChop,Protect,PartingShot,FakeOut|Sassy||M|||50|]Archaludon||Leftovers|Stamina|ElectroShot,DragonPulse,FlashCannon,Protect|Bold||M|||50|
|showteam|p2|Floette-Eternal||Floettite|FlowerVeil|Moonblast,DazzlingGleam,LightofRuin,Protect|Modest||F|||50|]Charizard||CharizarditeY|Blaze|HeatWave,WeatherBall,SolarBeam,Protect|Modest||M|||50|]Whimsicott||FocusSash|Prankster|Moonblast,Encore,Tailwind,Protect|Timid||F|||50|]Garchomp||LifeOrb|RoughSkin|DragonClaw,Earthquake,RockSlide,Protect|Jolly||M|||50|]Basculegion||MysticWater|Adaptability|WaveCrash,LastRespects,AquaJet,Protect|Adamant||M|||50|]Kingambit||ChopleBerry|Defiant|KowtowCleave,LowKick,SuckerPunch,Protect|Adamant||M|||50|
|inactive|Kiogrus24 has 60 seconds left.
|inactive|Mezzaluca has 60 seconds left.
|inactive|Mezzaluca has 30 seconds left.
|inactive|Mezzaluca has 20 seconds left.
|
|t:|1784499687
|teamsize|p1|4
|teamsize|p2|4
|start
|switch|p1a: Gengar|Gengar, L50, F|100/100
|switch|p1b: Vivillon|Vivillon-Elegant, L50, M, shiny|100/100
|switch|p2a: Kingambit|Kingambit, L50, M|100/100
|switch|p2b: Floette|Floette-Eternal, L50, F|100/100
|turn|1
|inactive|Kiogrus24 has 30 seconds left.
|inactive|Mezzaluca has 30 seconds left.
|inactive|Kiogrus24 has 20 seconds left.
|inactive|Mezzaluca has 20 seconds left.
|
|t:|1784499724
|detailschange|p1a: Gengar|Gengar-Mega, L50, F
|-mega|p1a: Gengar|Gengar|Gengarite
|detailschange|p2b: Floette|Floette-Mega, L50, F
|-mega|p2b: Floette|Floette|Floettite
|-ability|p2b: Floette|Fairy Aura
|move|p1a: Gengar|Perish Song|p1a: Gengar
|-start|p1a: Gengar|perish3|[silent]
|-start|p1b: Vivillon|perish3|[silent]
|-start|p2a: Kingambit|perish3|[silent]
|-start|p2b: Floette|perish3|[silent]
|-fieldactivate|move: Perish Song
|move|p1b: Vivillon|Sleep Powder|p2a: Kingambit
|-status|p2a: Kingambit|slp|[from] move: Sleep Powder
|move|p2b: Floette|Dazzling Gleam|p1b: Vivillon|[spread] p1a,p1b
|-resisted|p1a: Gengar|1
|-crit|p1a: Gengar
|-damage|p1a: Gengar|64/100
|-enditem|p1b: Vivillon|Focus Sash
|-damage|p1b: Vivillon|1/100
|cant|p2a: Kingambit|slp
|
|-start|p1a: Gengar|perish3
|-start|p1b: Vivillon|perish3
|-start|p2b: Floette|perish3
|-start|p2a: Kingambit|perish3
|upkeep
|turn|2
|inactive|Kiogrus24 has 30 seconds left.
|inactive|Mezzaluca has 30 seconds left.
|inactive|Kiogrus24 has 20 seconds left.
|inactive|Mezzaluca has 20 seconds left.
|inactive|Mezzaluca has 15 seconds left.
|inactive|Kiogrus24 has 15 seconds left.
|inactive|Mezzaluca has 10 seconds left.
|inactive|Kiogrus24 has 10 seconds left.
|
|t:|1784499777
|move|p1a: Gengar|Sludge Bomb|p2b: Floette
|-supereffective|p2b: Floette|1
|-damage|p2b: Floette|12/100
|move|p1b: Vivillon|Sleep Powder|p2b: Floette
|-status|p2b: Floette|slp|[from] move: Sleep Powder
|cant|p2b: Floette|slp
|cant|p2a: Kingambit|slp
|
|-start|p1a: Gengar|perish2
|-start|p1b: Vivillon|perish2
|-start|p2b: Floette|perish2
|-start|p2a: Kingambit|perish2
|upkeep
|turn|3
|inactive|Kiogrus24 has 30 seconds left.
|inactive|Mezzaluca has 30 seconds left.
|inactive|Mezzaluca has 20 seconds left.
|inactive|Mezzaluca has 15 seconds left.
|inactive|Mezzaluca has 10 seconds left.
|
|t:|1784499826
|switch|p1a: Politoed|Politoed, L50, M|100/100
|-weather|RainDance|[from] ability: Drizzle|[of] p1a: Politoed
|move|p1b: Vivillon|Rage Powder|p1b: Vivillon
|-singleturn|p1b: Vivillon|move: Rage Powder
|-curestatus|p2b: Floette|slp|[msg]
|move|p2b: Floette|Dazzling Gleam|p1b: Vivillon|[spread] p1a,p1b
|-damage|p1a: Politoed|61/100
|-damage|p1b: Vivillon|0 fnt
|faint|p1b: Vivillon
|-curestatus|p2a: Kingambit|slp|[msg]
|move|p2a: Kingambit|Kowtow Cleave|p1a: Politoed
|-damage|p1a: Politoed|18/100
|-enditem|p1a: Politoed|Sitrus Berry|[eat]
|-heal|p1a: Politoed|43/100|[from] item: Sitrus Berry
|
|-weather|RainDance|[upkeep]
|-start|p2b: Floette|perish1
|-start|p2a: Kingambit|perish1
|upkeep
|
|t:|1784499835
|switch|p1b: Gengar|Gengar-Mega, L50, F|64/100
|turn|4
|
|t:|1784499847
|move|p1b: Gengar|Protect|p1b: Gengar
|-singleturn|p1b: Gengar|Protect
|move|p1a: Politoed|Protect|p1a: Politoed
|-singleturn|p1a: Politoed|Protect
|move|p2a: Kingambit|Sucker Punch||[still]
|-fail|p2a: Kingambit
|move|p2b: Floette|Moonblast|p1a: Politoed
|-activate|p1a: Politoed|move: Protect
|
|-weather|RainDance|[upkeep]
|-start|p2b: Floette|perish0
|-start|p2a: Kingambit|perish0
|faint|p2b: Floette
|faint|p2a: Kingambit
|upkeep
|
|t:|1784499849
|switch|p2b: Whimsicott|Whimsicott, L50, F|100/100
|switch|p2a: Basculegion|Basculegion, L50, M|100/100
|turn|5
|inactive|Kiogrus24 has 30 seconds left.
|inactive|Mezzaluca has 30 seconds left.
|
|t:|1784499875
|move|p2b: Whimsicott|Encore|p1b: Gengar
|-start|p1b: Gengar|Encore
|move|p1b: Gengar|Protect|p1b: Gengar
|-singleturn|p1b: Gengar|Protect
|move|p2a: Basculegion|Last Respects|p1a: Politoed
|-damage|p1a: Politoed|0 fnt
|faint|p1a: Politoed
|
|-weather|RainDance|[upkeep]
|upkeep
|
|t:|1784499878
|switch|p1a: Archaludon|Archaludon, L50, M|100/100
|turn|6
|inactive|Mezzaluca has 30 seconds left.
|inactive|Mezzaluca has 20 seconds left.
|inactive|Mezzaluca has 15 seconds left.
|inactive|Mezzaluca has 10 seconds left.
|
|t:|1784499924
|move|p1b: Gengar|Protect||[still]
|-fail|p1b: Gengar
|move|p2a: Basculegion|Protect|p2a: Basculegion
|-singleturn|p2a: Basculegion|Protect
|move|p2b: Whimsicott|Moonblast|p1a: Archaludon
|-damage|p1a: Archaludon|67/100
|-unboost|p1a: Archaludon|spa|1
|-ability|p1a: Archaludon|Stamina|boost
|-boost|p1a: Archaludon|def|1
|move|p1a: Archaludon|Electro Shot||[still]
|-prepare|p1a: Archaludon|Electro Shot
|-boost|p1a: Archaludon|spa|1
|-anim|p1a: Archaludon|Electro Shot|p2a: Basculegion
|-activate|p2a: Basculegion|move: Protect
|
|-weather|RainDance|[upkeep]
|-heal|p1a: Archaludon|73/100|[from] item: Leftovers
|upkeep
|turn|7
|inactive|Mezzaluca has 30 seconds left.
|
|t:|1784499958
|move|p1b: Gengar|Protect|p1b: Gengar
|-singleturn|p1b: Gengar|Protect
|move|p2b: Whimsicott|Moonblast|p1a: Archaludon
|-damage|p1a: Archaludon|42/100
|-ability|p1a: Archaludon|Stamina|boost
|-boost|p1a: Archaludon|def|1
|move|p2a: Basculegion|Last Respects|p1a: Archaludon
|-damage|p1a: Archaludon|6/100
|-ability|p1a: Archaludon|Stamina|boost
|-boost|p1a: Archaludon|def|1
|move|p1a: Archaludon|Electro Shot||[still]
|-prepare|p1a: Archaludon|Electro Shot
|-boost|p1a: Archaludon|spa|1
|-anim|p1a: Archaludon|Electro Shot|p2a: Basculegion
|-supereffective|p2a: Basculegion|1
|-damage|p2a: Basculegion|0 fnt
|faint|p2a: Basculegion
|
|-weather|none
|-heal|p1a: Archaludon|12/100|[from] item: Leftovers
|-end|p1b: Gengar|Encore
|upkeep
|turn|8
|
|t:|1784499976
|move|p2b: Whimsicott|Encore|p1b: Gengar
|-start|p1b: Gengar|Encore
|move|p1b: Gengar|Protect||[still]
|-fail|p1b: Gengar
|move|p1a: Archaludon|Flash Cannon|p2b: Whimsicott
|-supereffective|p2b: Whimsicott|1
|-enditem|p2b: Whimsicott|Focus Sash
|-damage|p2b: Whimsicott|1/100
|-unboost|p2b: Whimsicott|spd|1
|
|-heal|p1a: Archaludon|18/100|[from] item: Leftovers
|upkeep
|turn|9
|
|t:|1784499979
|move|p1b: Gengar|Protect|p1b: Gengar
|-singleturn|p1b: Gengar|Protect
|move|p1a: Archaludon|Protect|p1a: Archaludon
|-singleturn|p1a: Archaludon|Protect
|move|p2b: Whimsicott|Moonblast|p1a: Archaludon
|-activate|p1a: Archaludon|move: Protect
|
|-heal|p1a: Archaludon|25/100|[from] item: Leftovers
|upkeep
|turn|10
|
|t:|1784499984
|move|p1b: Gengar|Protect|p1b: Gengar
|-singleturn|p1b: Gengar|Protect
|move|p1a: Archaludon|Protect||[still]
|-fail|p1a: Archaludon
|move|p2b: Whimsicott|Moonblast|p1a: Archaludon
|-damage|p1a: Archaludon|0 fnt
|faint|p1a: Archaludon
|
|-end|p1b: Gengar|Encore
|upkeep
|turn|11
|
|t:|1784499997
|move|p2b: Whimsicott|Encore|p1b: Gengar
|-start|p1b: Gengar|Encore
|move|p1b: Gengar|Protect||[still]
|-fail|p1b: Gengar
|
|-end|p1b: Gengar|Encore
|upkeep
|turn|12
|
|t:|1784500004
|move|p2b: Whimsicott|Protect|p2b: Whimsicott
|-singleturn|p2b: Whimsicott|Protect
|move|p1b: Gengar|Sludge Bomb|p2b: Whimsicott
|-activate|p2b: Whimsicott|move: Protect
|
|upkeep
|turn|13
|
|t:|1784500007
|move|p2b: Whimsicott|Moonblast|p1b: Gengar
|-resisted|p1b: Gengar|1
|-damage|p1b: Gengar|44/100
|-unboost|p1b: Gengar|spa|1
|move|p1b: Gengar|Sludge Bomb|p2b: Whimsicott
|-supereffective|p2b: Whimsicott|2
|-damage|p2b: Whimsicott|0 fnt
|faint|p2b: Whimsicott
|
|win|Kiogrus24
|c|☆Mezzaluca|gg
|c|☆Kiogrus24|GGs 
|player|p2|
|player|p1|
|player|p1|Kiogrus24|pokemaniac-gen2|
