|inactive|Battle timer is ON: inactive players will automatically lose when time's up.
|badge|p1|bronze|gen9ubers|100-10
|uhtml|medal-msg|Curious what those medals under the avatar are? PS now has Ladder Seasons! For more information, check out the thread on Smogon.
|html|Calmmind75Tsuki    
|uhtml|bestof|Game 3 of a best-of-3
|t:|1783882947
|gametype|doubles
|player|p1|Calmmind75|shauntal-masters|
|player|p2|Tsuki|jacinthe|
|gen|9
|tier|[Gen 9 Champions] VGC 2026 Reg M-B (Bo3)
|rule|Species Clause: Limit one of each Pokémon
|rule|Item Clause: Limit 1 of each item
|clearpoke
|poke|p1|Raichu, L50, M|
|poke|p1|Garchomp, L50, F|
|poke|p1|Gyarados, L50, M|
|poke|p1|Sylveon, L50, M|
|poke|p1|Gholdengo, L50|
|poke|p1|Incineroar, L50, M|
|poke|p2|Metagross, L50|
|poke|p2|Whimsicott, L50, M|
|poke|p2|Garchomp, L50, M|
|poke|p2|Staraptor, L50, M|
|poke|p2|Basculegion, L50, M|
|poke|p2|Incineroar, L50, M|
|teampreview|4
|showteam|p1|Raichu||RaichuniteY|LightningRod|ZapCannon,FocusBlast,FakeOut,Protect|Timid||M|||50|]Garchomp||RoseliBerry|RoughSkin|DragonClaw,StompingTantrum,Earthquake,Protect|Jolly||F|||50|]Gyarados||SitrusBerry|Intimidate|Waterfall,IceFang,PowerWhip,Protect|Adamant||M|||50|]Sylveon||FairyFeather|Pixilate|HyperVoice,HyperBeam,Yawn,Detect|Modest||M|||50|]Gholdengo||LifeOrb|GoodasGold|MakeItRain,Hex,NastyPlot,Protect|Timid|||||50|]Incineroar||Charcoal|Intimidate|FlareBlitz,ThroatChop,PartingShot,FakeOut|Adamant||M|||50|
|showteam|p2|Metagross||Metagrossite|ClearBody|IronHead,IcePunch,StompingTantrum,Protect|Jolly|||||50|]Whimsicott||FocusSash|Prankster|Moonblast,Tickle,Tailwind,Protect|Timid||M|||50|]Garchomp||RoseliBerry|RoughSkin|DragonClaw,PoisonJab,StompingTantrum,RockTomb|Jolly||M|||50|]Staraptor||Staraptite|Intimidate|CloseCombat,BraveBird,Roost,Protect|Jolly||M|||50|]Basculegion||MysticWater|SwiftSwim|WaveCrash,LastRespects,AquaJet,Protect|Adamant||M|||50|]Incineroar||SitrusBerry|Intimidate|FlareBlitz,DarkestLariat,PartingShot,FakeOut|Careful||M|||50|
|c|+Magma_man85|What’s this for
|
|t:|1783882963
|teamsize|p1|4
|teamsize|p2|4
|start
|switch|p1a: Incineroar|Incineroar, L50, M|100/100
|switch|p1b: Sylveon|Sylveon, L50, M|100/100
|switch|p2a: Whimsicott|Whimsicott, L50, M|100/100
|switch|p2b: Metagross|Metagross, L50|100/100
|-ability|p1a: Incineroar|Intimidate|boost
|-unboost|p2a: Whimsicott|atk|1
|-fail|p2b: Metagross|unboost|[from] ability: Clear Body|[of] p2b: Metagross
|turn|1
|inactive|Calmmind75 has 30 seconds left.
|
|t:|1783882991
|switch|p1b: Gyarados|Gyarados, L50, M|100/100
|-ability|p1b: Gyarados|Intimidate|boost
|-unboost|p2a: Whimsicott|atk|1
|-fail|p2b: Metagross|unboost|[from] ability: Clear Body|[of] p2b: Metagross
|move|p2a: Whimsicott|Protect|p2a: Whimsicott
|-singleturn|p2a: Whimsicott|Protect
|move|p2b: Metagross|Protect|p2b: Metagross
|-singleturn|p2b: Metagross|Protect
|move|p1a: Incineroar|Fake Out|p2b: Metagross
|-activate|p2b: Metagross|move: Protect
|
|upkeep
|turn|2
|
|t:|1783883014
|switch|p1a: Sylveon|Sylveon, L50, M|100/100
|detailschange|p2b: Metagross|Metagross-Mega, L50
|-mega|p2b: Metagross|Metagross|Metagrossite
|move|p2a: Whimsicott|Moonblast|p1a: Sylveon
|-damage|p1a: Sylveon|74/100
|move|p2b: Metagross|Stomping Tantrum|p1a: Sylveon
|-damage|p1a: Sylveon|32/100
|move|p1b: Gyarados|Ice Fang|p2a: Whimsicott
|-supereffective|p2a: Whimsicott|1
|-damage|p2a: Whimsicott|34/100
|
|upkeep
|turn|3
|
|t:|1783883026
|switch|p1b: Incineroar|Incineroar, L50, M|100/100
|-ability|p1b: Incineroar|Intimidate|boost
|-unboost|p2a: Whimsicott|atk|1
|-unboost|p2b: Metagross|atk|1
|move|p1a: Sylveon|Detect|p1a: Sylveon
|-singleturn|p1a: Sylveon|Protect
|move|p2a: Whimsicott|Tailwind|p2a: Whimsicott
|-sidestart|p2: Tsuki|move: Tailwind
|move|p2b: Metagross|Ice Punch|p1b: Incineroar
|-resisted|p1b: Incineroar|1
|-damage|p1b: Incineroar|89/100
|
|upkeep
|turn|4
|
|t:|1783883041
|switch|p2a: Basculegion|Basculegion, L50, M|100/100
|switch|p1a: Gyarados|Gyarados, L50, M|100/100
|-ability|p1a: Gyarados|Intimidate|boost
|-unboost|p2a: Basculegion|atk|1
|-unboost|p2b: Metagross|atk|1
|move|p2b: Metagross|Iron Head|p1a: Gyarados
|-resisted|p1a: Gyarados|1
|-damage|p1a: Gyarados|87/100
|move|p1b: Incineroar|Parting Shot|p2a: Basculegion
|-unboost|p2a: Basculegion|atk|1
|-unboost|p2a: Basculegion|spa|1
|c|+volcaronavgc|Magma_man lgbtpl
|
|t:|1783883054
|switch|p1b: Raichu|Raichu, L50, M|100/100|[from] Parting Shot
|
|upkeep
|turn|5
|
|t:|1783883072
|switch|p1a: Incineroar|Incineroar, L50, M|89/100
|-ability|p1a: Incineroar|Intimidate|boost
|-unboost|p2a: Basculegion|atk|1
|-unboost|p2b: Metagross|atk|1
|detailschange|p1b: Raichu|Raichu-Mega-Y, L50, M
|-mega|p1b: Raichu|Raichu|Raichunite Y
|move|p1b: Raichu|Protect|p1b: Raichu
|-singleturn|p1b: Raichu|Protect
|move|p2b: Metagross|Stomping Tantrum|p1b: Raichu
|-activate|p1b: Raichu|move: Protect
|move|p2a: Basculegion|Wave Crash|p1b: Raichu
|-activate|p1b: Raichu|move: Protect
|
|upkeep
|turn|6
|
|t:|1783883105
|switch|p1b: Gyarados|Gyarados, L50, M|87/100
|-ability|p1b: Gyarados|Intimidate|boost
|-unboost|p2a: Basculegion|atk|1
|-unboost|p2b: Metagross|atk|1
|move|p2b: Metagross|Stomping Tantrum|p1a: Incineroar
|-supereffective|p1a: Incineroar|1
|-damage|p1a: Incineroar|65/100
|move|p2a: Basculegion|Wave Crash|p1a: Incineroar
|-supereffective|p1a: Incineroar|1
|-damage|p1a: Incineroar|17/100
|-damage|p2a: Basculegion|84/100|[from] Recoil
|move|p1a: Incineroar|Parting Shot|p2b: Metagross
|-unboost|p2b: Metagross|atk|1
|-unboost|p2b: Metagross|spa|1
|
|t:|1783883112
|switch|p1a: Raichu|Raichu-Mega-Y, L50, M|100/100|[from] Parting Shot
|
|-sideend|p2: Tsuki|move: Tailwind
|upkeep
|turn|7
|
|t:|1783883125
|switch|p2b: Garchomp|Garchomp, L50, M|100/100
|move|p1a: Raichu|Zap Cannon|p2a: Basculegion
|-supereffective|p2a: Basculegion|1
|-damage|p2a: Basculegion|0 fnt
|faint|p2a: Basculegion
|move|p1b: Gyarados|Ice Fang|p2b: Garchomp
|-supereffective|p2b: Garchomp|2
|-damage|p2b: Garchomp|23/100
|-damage|p1b: Gyarados|74/100|[from] ability: Rough Skin|[of] p2b: Garchomp
|
|upkeep
|
|t:|1783883129
|switch|p2a: Whimsicott|Whimsicott, L50, M|34/100
|turn|8
|inactive|Calmmind75 has 30 seconds left.
|inactive|Tsuki has 30 seconds left.
|inactive|Calmmind75 has 20 seconds left.
|inactive|Tsuki has 20 seconds left.
|inactive|Calmmind75 has 15 seconds left.
|inactive|Tsuki has 15 seconds left.
|
|t:|1783883177
|move|p1a: Raichu|Protect|p1a: Raichu
|-singleturn|p1a: Raichu|Protect
|move|p2a: Whimsicott|Tailwind|p2a: Whimsicott
|-sidestart|p2: Tsuki|move: Tailwind
|move|p2b: Garchomp|Stomping Tantrum|p1a: Raichu
|-activate|p1a: Raichu|move: Protect
|move|p1b: Gyarados|Waterfall|p2b: Garchomp
|-damage|p2b: Garchomp|0 fnt
|-damage|p1b: Gyarados|62/100|[from] ability: Rough Skin|[of] p2b: Garchomp
|faint|p2b: Garchomp
|
|upkeep
|
|t:|1783883180
|switch|p2b: Metagross|Metagross-Mega, L50|100/100
|turn|9
|inactive|Calmmind75 has 30 seconds left.
|inactive|Calmmind75 has 20 seconds left.
|
|t:|1783883217
|switch|p1a: Incineroar|Incineroar, L50, M|17/100
|-ability|p1a: Incineroar|Intimidate|boost
|-unboost|p2a: Whimsicott|atk|1
|-unboost|p2b: Metagross|atk|1
|move|p2a: Whimsicott|Moonblast|p1b: Gyarados
|-damage|p1b: Gyarados|30/100
|-enditem|p1b: Gyarados|Sitrus Berry|[eat]
|-heal|p1b: Gyarados|55/100|[from] item: Sitrus Berry
|move|p2b: Metagross|Ice Punch|p1b: Gyarados
|-damage|p1b: Gyarados|31/100
|move|p1b: Gyarados|Ice Fang|p2a: Whimsicott
|-supereffective|p2a: Whimsicott|1
|-damage|p2a: Whimsicott|0 fnt
|faint|p2a: Whimsicott
|
|upkeep
|turn|10
|inactive|Calmmind75 has 30 seconds left.
|
|t:|1783883244
|switch|p1a: Sylveon|Sylveon, L50, M|32/100
|move|p1b: Gyarados|Protect|p1b: Gyarados
|-singleturn|p1b: Gyarados|Protect
|move|p2b: Metagross|Stomping Tantrum|p1a: Sylveon
|-damage|p1a: Sylveon|2/100
|
|upkeep
|turn|11
|
|t:|1783883253
|switch|p1b: Incineroar|Incineroar, L50, M|17/100
|-ability|p1b: Incineroar|Intimidate|boost
|-unboost|p2b: Metagross|atk|1
|move|p2b: Metagross|Stomping Tantrum|p1a: Sylveon
|-damage|p1a: Sylveon|0 fnt
|faint|p1a: Sylveon
|
|-sideend|p2: Tsuki|move: Tailwind
|upkeep
|
|t:|1783883255
|switch|p1a: Gyarados|Gyarados, L50, M|31/100
|-ability|p1a: Gyarados|Intimidate|boost
|-unboost|p2b: Metagross|atk|1
|turn|12
|
|t:|1783883261
|move|p2b: Metagross|Protect|p2b: Metagross
|-singleturn|p2b: Metagross|Protect
|move|p1a: Gyarados|Waterfall|p2b: Metagross
|-activate|p2b: Metagross|move: Protect
|move|p1b: Incineroar|Flare Blitz|p2b: Metagross
|-activate|p2b: Metagross|move: Protect
|
|upkeep
|turn|13
|
|t:|1783883265
|move|p2b: Metagross|Stomping Tantrum|p1b: Incineroar
|-supereffective|p1b: Incineroar|1
|-crit|p1b: Incineroar
|-damage|p1b: Incineroar|0 fnt
|faint|p1b: Incineroar
|move|p1a: Gyarados|Waterfall|p2b: Metagross
|-damage|p2b: Metagross|67/100
|
|upkeep
|
|t:|1783883267
|switch|p1b: Raichu|Raichu-Mega-Y, L50, M|100/100
|turn|14
|
|t:|1783883270
|move|p1b: Raichu|Zap Cannon|p2b: Metagross
|-damage|p2b: Metagross|4/100
|-status|p2b: Metagross|par
|move|p1a: Gyarados|Waterfall|p2b: Metagross
|-damage|p2b: Metagross|0 fnt
|faint|p2b: Metagross
|
|win|Calmmind75
|c|☆Calmmind75|gg
|c|☆Tsuki|gg
|c|+Magma_man85|Goat
|player|p2|
