|inactive|Battle timer is ON: inactive players will automatically lose when time's up.
|badge|p2|gold|gen9randombattle|3-10
|uhtml|medal-msg|Curious what those medals under the avatar are? PS now has Ladder Seasons! For more information, check out the thread on Smogon.
|html|dartsvgMichaelderBeste2    
|uhtml|bestof|Game 2 of a best-of-3
|t:|1784317594
|gametype|doubles
|player|p1|dartsvg|#smogonxnpa2024draftee2|
|player|p2|MichaelderBeste2|#wcop2026germany|
|gen|9
|tier|[Gen 9 Champions] VGC 2026 Reg M-B (Bo3)
|rule|Species Clause: Limit one of each Pokémon
|rule|Item Clause: Limit 1 of each item
|clearpoke
|poke|p1|Charizard, L50, F|
|poke|p1|Incineroar, L50, M|
|poke|p1|Annihilape, L50, F|
|poke|p1|Garchomp, L50, F|
|poke|p1|Toxapex, L50, F|
|poke|p1|Venusaur, L50, F|
|poke|p2|Gengar, L50, M|
|poke|p2|Swampert, L50, F|
|poke|p2|Incineroar, L50, F|
|poke|p2|Politoed, L50, M|
|poke|p2|Archaludon, L50, M|
|poke|p2|Vivillon, L50, F|
|teampreview|4
|showteam|p1|Charizard||CharizarditeY|Blaze|HeatWave,WeatherBall,SolarBeam,Protect|Modest||F|||50|]Incineroar||SitrusBerry|Intimidate|FakeOut,FlareBlitz,DarkestLariat,PartingShot|Impish||M|||50|]Annihilape||FocusSash|Defiant|CloseCombat,PhantomForce,Taunt,Protect|Adamant||F|||50|]Garchomp||ChoiceScarf|RoughSkin|DragonClaw,Earthquake,RockSlide,StompingTantrum|Adamant||F|||50|]Toxapex||Leftovers|Regenerator|Toxic,Infestation,WideGuard,BanefulBunker|Relaxed||F|||50|]Venusaur||LifeOrb|Chlorophyll|SleepPowder,SludgeBomb,EarthPower,Protect|Modest||F|||50|
|showteam|p2|Gengar||Gengarite|CursedBody|SludgeBomb,ShadowBall,PerishSong,Protect|Timid||M|||50|]Swampert||Swampertite|Torrent|WaveCrash,Earthquake,IcePunch,Protect|Adamant||F|||50|]Incineroar||PasshoBerry|Intimidate|ThroatChop,FakeOut,PartingShot,Protect|Sassy||F|||50|]Politoed||SitrusBerry|Drizzle|WeatherBall,PerishSong,Encore,Protect|Calm||M|||50|]Archaludon||Leftovers|Stamina|DragonPulse,FlashCannon,ElectroShot,Protect|Bold||M|||50|]Vivillon||FocusSash|CompoundEyes|Hurricane,SleepPowder,RagePowder,Protect|Timid||F|||50|
|inactive|dartsvg has 60 seconds left.
|inactive|MichaelderBeste2 has 60 seconds left.
|
|t:|1784317650
|teamsize|p1|4
|teamsize|p2|4
|start
|switch|p1a: Garchomp|Garchomp, L50, F|100/100
|switch|p1b: Annihilape|Annihilape, L50, F|100/100
|switch|p2a: Gengar|Gengar, L50, M|100/100
|switch|p2b: Vivillon|Vivillon, L50, F|100/100
|turn|1
|inactive|dartsvg has 30 seconds left.
|
|t:|1784317684
|detailschange|p2a: Gengar|Gengar-Mega, L50, M
|-mega|p2a: Gengar|Gengar|Gengarite
|move|p1a: Garchomp|Rock Slide|p2a: Gengar|[spread] p2a,p2b
|-supereffective|p2b: Vivillon|2
|-damage|p2a: Gengar|77/100
|-enditem|p2b: Vivillon|Focus Sash
|-damage|p2b: Vivillon|1/100
|move|p2a: Gengar|Perish Song|p2a: Gengar
|-start|p1a: Garchomp|perish3|[silent]
|-start|p1b: Annihilape|perish3|[silent]
|-start|p2a: Gengar|perish3|[silent]
|-start|p2b: Vivillon|perish3|[silent]
|-fieldactivate|move: Perish Song
|cant|p2b: Vivillon|flinch
|move|p1b: Annihilape|Phantom Force||[still]
|-prepare|p1b: Annihilape|Phantom Force
|
|-start|p1a: Garchomp|perish3
|-start|p2a: Gengar|perish3
|-start|p2b: Vivillon|perish3
|-start|p1b: Annihilape|perish3
|upkeep
|turn|2
|
|t:|1784317697
|switch|p2a: Archaludon|Archaludon, L50, M|100/100
|move|p2b: Vivillon|Protect|p2b: Vivillon
|-singleturn|p2b: Vivillon|Protect
|move|p1a: Garchomp|Rock Slide|p2b: Vivillon|[spread] p2a
|-activate|p2b: Vivillon|move: Protect
|-resisted|p2a: Archaludon|1
|-damage|p2a: Archaludon|92/100
|-ability|p2a: Archaludon|Stamina|boost
|-boost|p2a: Archaludon|def|1
|move|p1b: Annihilape|Phantom Force|p2b: Vivillon|[from] lockedmove
|-activate|p2b: Vivillon|move: Phantom Force|[broken]
|-damage|p2b: Vivillon|0 fnt
|faint|p2b: Vivillon
|
|-heal|p2a: Archaludon|98/100|[from] item: Leftovers
|-start|p1a: Garchomp|perish2
|-start|p1b: Annihilape|perish2
|upkeep
|
|t:|1784317701
|switch|p2b: Gengar|Gengar-Mega, L50, M|77/100
|turn|3
|
|t:|1784317721
|move|p1a: Garchomp|Rock Slide|p2b: Gengar|[spread] p2a,p2b
|-resisted|p2a: Archaludon|1
|-damage|p2a: Archaludon|93/100
|-damage|p2b: Gengar|52/100
|-ability|p2a: Archaludon|Stamina|boost
|-boost|p2a: Archaludon|def|1
|move|p2b: Gengar|Shadow Ball|p1b: Annihilape
|-supereffective|p1b: Annihilape|1
|-damage|p1b: Annihilape|3/100
|move|p1b: Annihilape|Close Combat|p2a: Archaludon
|-supereffective|p2a: Archaludon|1
|-damage|p2a: Archaludon|54/100
|-unboost|p1b: Annihilape|def|1
|-unboost|p1b: Annihilape|spd|1
|-ability|p2a: Archaludon|Stamina|boost
|-boost|p2a: Archaludon|def|1
|move|p2a: Archaludon|Dragon Pulse|p1b: Annihilape
|-damage|p1b: Annihilape|0 fnt
|faint|p1b: Annihilape
|
|-heal|p2a: Archaludon|60/100|[from] item: Leftovers
|-start|p1a: Garchomp|perish1
|upkeep
|
|t:|1784317734
|switch|p1b: Venusaur|Venusaur, L50, F|100/100
|turn|4
|inactive|MichaelderBeste2 has 30 seconds left.
|inactive|MichaelderBeste2 has 20 seconds left.
|inactive|MichaelderBeste2 has 15 seconds left.
|inactive|MichaelderBeste2 has 10 seconds left.
|inactive|MichaelderBeste2 has 5 seconds left.
|
|t:|1784317786
|move|p1a: Garchomp|Rock Slide|p2b: Gengar|[spread] p2a,p2b
|-resisted|p2a: Archaludon|1
|-damage|p2a: Archaludon|57/100
|-damage|p2b: Gengar|28/100
|-ability|p2a: Archaludon|Stamina|boost
|-boost|p2a: Archaludon|def|1
|move|p2b: Gengar|Sludge Bomb|p1b: Venusaur
|-damage|p1b: Venusaur|40/100
|move|p1b: Venusaur|Earth Power|p2a: Archaludon
|-supereffective|p2a: Archaludon|1
|-damage|p2a: Archaludon|0 fnt
|faint|p2a: Archaludon
|-damage|p1b: Venusaur|31/100|[from] item: Life Orb
|
|-start|p1a: Garchomp|perish0
|upkeep
|faint|p1a: Garchomp
|
|t:|1784317795
|switch|p1a: Charizard|Charizard, L50, F|100/100
|switch|p2a: Politoed|Politoed, L50, M|100/100
|-weather|RainDance|[from] ability: Drizzle|[of] p2a: Politoed
|turn|5
|
|t:|1784317810
|detailschange|p1a: Charizard|Charizard-Mega-Y, L50, F
|-mega|p1a: Charizard|Charizard|Charizardite Y
|-weather|SunnyDay|[from] ability: Drought|[of] p1a: Charizard
|move|p1b: Venusaur|Sludge Bomb|p2a: Politoed
|-damage|p2a: Politoed|55/100
|-damage|p1b: Venusaur|21/100|[from] item: Life Orb
|move|p2b: Gengar|Sludge Bomb|p1b: Venusaur
|-damage|p1b: Venusaur|0 fnt
|faint|p1b: Venusaur
|move|p1a: Charizard|Solar Beam||[still]
|-prepare|p1a: Charizard|Solar Beam
|-anim|p1a: Charizard|Solar Beam|p2a: Politoed
|-supereffective|p2a: Politoed|1
|-damage|p2a: Politoed|0 fnt
|faint|p2a: Politoed
|
|-weather|SunnyDay|[upkeep]
|upkeep
|turn|6
|
|t:|1784317823
|move|p2b: Gengar|Sludge Bomb|p1a: Charizard
|-damage|p1a: Charizard|53/100
|move|p1a: Charizard|Weather Ball|p2b: Gengar
|-damage|p2b: Gengar|0 fnt
|faint|p2b: Gengar
|
|win|dartsvg
||MichaelderBeste2 is ready for game 3.
|inactive|dartsvg has 30 seconds to confirm battle start!
|inactive|dartsvg has 20 seconds to confirm battle start!
||dartsvg is ready for game 3.
|uhtml|next|Next: Game 3 of 3
