|inactive|Battle timer is ON: inactive players will automatically lose when time's up.
|html|mixniteGoobertator    
|uhtml|bestof|Game 3 of a best-of-3
|t:|1757737221
|gametype|doubles
|player|p1|mixnite|artist-gen6|
|player|p2|Goobertator|266|
|gen|9
|tier|[Gen 9] VGC 2025 Reg H (Bo3)
|rule|Species Clause: Limit one of each Pokémon
|rule|Item Clause: Limit 1 of each item
|clearpoke
|poke|p1|Archaludon, L50, F|
|poke|p1|Pelipper, L50, F|
|poke|p1|Gholdengo, L50|
|poke|p1|Basculegion, L50, M|
|poke|p1|Dragonite, L50, M|
|poke|p1|Sinistcha, L50|
|poke|p2|Salamence, L50, M|
|poke|p2|Chesnaught, L50, F|
|poke|p2|Primarina, L50, M|
|poke|p2|Volcarona, L50, M|
|poke|p2|Kingambit, L50, F|
|poke|p2|Dragapult, L50, M|
|teampreview|4
|showteam|p1|Archaludon||AssaultVest|Stamina|DragonPulse,FlashCannon,ElectroShot,BodyPress|||F|||50|,,,,,Bug]Pelipper||FocusSash|Drizzle|Tailwind,WeatherBall,Hurricane,Protect|||F|||50|,,,,,Steel]Gholdengo||ChoiceSpecs|GoodasGold|MakeItRain,ShadowBall,Trick,TeraBlast||||||50|,,,,,Fighting]Basculegion||LifeOrb|SwiftSwim|WaveCrash,AquaJet,LastRespects,Protect|||M|||50|,,,,,Water]Dragonite||LoadedDice|Multiscale|ScaleShot,StompingTantrum,Tailwind,Protect|||M|||50|,,,,,Fairy]Sinistcha||SitrusBerry|Hospitality|MatchaGotcha,StrengthSap,RagePowder,TrickRoom||||||50|,,,,,Fire
|showteam|p2|Salamence||FocusSash|Intimidate|Tailwind,Protect,DracoMeteor,FireBlast|||M|||50|,,,,,Fire]Chesnaught||Leftovers|Bulletproof|BodyPress,Coaching,SpikyShield,WoodHammer|||F|||50|,,,,,Water]Primarina||LifeOrb|LiquidVoice|Haze,Protect,HyperVoice,Moonblast|||M|||50|,,,,,Poison]Volcarona||RockyHelmet|FlameBody|Protect,QuiverDance,FieryDance,RagePowder|||M|||50|,,,,,Fairy]Kingambit||AssaultVest|Defiant|TeraBlast,IronHead,KowtowCleave,SuckerPunch|||F|||50|,,,,,Flying]Dragapult||ChoiceBand|ClearBody|DragonDarts,Uturn,PhantomForce,Outrage|||M|||50|,,,,,Dragon
|c|☆Goobertator|Awesome games so far! GLHF!
|inactive|Goobertator has 60 seconds left.
|c|☆mixnite|yeah fs
|c|☆mixnite|glhf tiwn
|c|☆mixnite|twin
|inactive|Goobertator has 30 seconds left.
|inactive|Goobertator has 20 seconds left.
|inactive|mixnite has 60 seconds left.
|inactive|Goobertator has 15 seconds left.
|
|t:|1757737298
|teamsize|p1|4
|teamsize|p2|4
|start
|switch|p1a: z(esty)Ryan|Pelipper, L50, F|100/100
|switch|p1b: LARP|Archaludon, L50, F|100/100
|switch|p2a: Volcarona|Volcarona, L50, M|100/100
|switch|p2b: Dragapult|Dragapult, L50, M|100/100
|-weather|RainDance|[from] ability: Drizzle|[of] p1a: z(esty)Ryan
|turn|1
|inactive|Goobertator has 30 seconds left.
|inactive|Goobertator has 20 seconds left.
|
|t:|1757737333
|move|p2a: Volcarona|Protect|p2a: Volcarona
|-singleturn|p2a: Volcarona|Protect
|move|p1a: z(esty)Ryan|Protect|p1a: z(esty)Ryan
|-singleturn|p1a: z(esty)Ryan|Protect
|move|p2b: Dragapult|Phantom Force||[still]
|-prepare|p2b: Dragapult|Phantom Force
|move|p1b: LARP|Dragon Pulse|p2b: Dragapult|[miss]
|-miss|p1b: LARP|p2b: Dragapult
|
|-weather|RainDance|[upkeep]
|upkeep
|turn|2
|inactive|Goobertator has 30 seconds left.
|
|t:|1757737363
|-terastallize|p2a: Volcarona|Fairy
|move|p2a: Volcarona|Rage Powder|p2a: Volcarona
|-singleturn|p2a: Volcarona|move: Rage Powder
|move|p2b: Dragapult|Phantom Force|p1b: LARP|[from] lockedmove
|-damage|p1b: LARP|53/100
|-ability|p1b: LARP|Stamina|boost
|-boost|p1b: LARP|def|1
|move|p1a: z(esty)Ryan|Tailwind|p1a: z(esty)Ryan
|-sidestart|p1: mixnite|move: Tailwind
|move|p1b: LARP|Electro Shot||[still]
|-prepare|p1b: LARP|Electro Shot
|-boost|p1b: LARP|spa|1
|-anim|p1b: LARP|Electro Shot|p2a: Volcarona
|-damage|p2a: Volcarona|37/100
|
|-weather|RainDance|[upkeep]
|upkeep
|turn|3
|
|t:|1757737384
|move|p2a: Volcarona|Protect|p2a: Volcarona
|-singleturn|p2a: Volcarona|Protect
|move|p1a: z(esty)Ryan|Hurricane|p2a: Volcarona
|-activate|p2a: Volcarona|move: Protect
|move|p1b: LARP|Dragon Pulse|p2b: Dragapult
|-supereffective|p2b: Dragapult
|-damage|p2b: Dragapult|0 fnt
|faint|p2b: Dragapult
|
|-weather|RainDance|[upkeep]
|upkeep
|
|t:|1757737397
|switch|p2b: Kingambit|Kingambit, L50, F|100/100
|turn|4
|
|t:|1757737410
|switch|p2a: Primarina|Primarina, L50, M|100/100
|move|p1a: z(esty)Ryan|Weather Ball|p2a: Primarina
|-resisted|p2a: Primarina
|-damage|p2a: Primarina|72/100
|move|p1b: LARP|Body Press|p2b: Kingambit
|-supereffective|p2b: Kingambit
|-damage|p2b: Kingambit|0 fnt
|faint|p2b: Kingambit
|
|-weather|RainDance|[upkeep]
|upkeep
|
|t:|1757737423
|switch|p2b: Volcarona|Volcarona, L50, M, tera:Fairy|37/100
|turn|5
|c|☆mixnite|gg
|
|t:|1757737435
|switch|p1a: Stardust|Gholdengo, L50|100/100
|move|p1b: LARP|Flash Cannon|p2a: Primarina
|-damage|p2a: Primarina|20/100
|move|p2b: Volcarona|Fiery Dance|p1b: LARP
|-damage|p1b: LARP|41/100
|-boost|p2b: Volcarona|spa|1
|-ability|p1b: LARP|Stamina|boost
|-boost|p1b: LARP|def|1
|move|p2a: Primarina|Moonblast|p1b: LARP
|-damage|p1b: LARP|0 fnt
|faint|p1b: LARP
|-damage|p2a: Primarina|10/100|[from] item: Life Orb
|
|-weather|none
|-sideend|p1: mixnite|move: Tailwind
|upkeep
|
|t:|1757737447
|switch|p1b: z(esty)Ryan|Pelipper, L50, F|100/100
|-weather|RainDance|[from] ability: Drizzle|[of] p1b: z(esty)Ryan
|turn|6
|
|t:|1757737463
|move|p1b: z(esty)Ryan|Protect|p1b: z(esty)Ryan
|-singleturn|p1b: z(esty)Ryan|Protect
|move|p1a: Stardust|Make It Rain|p2b: Volcarona|[spread] p2a,p2b
|-supereffective|p2b: Volcarona
|-damage|p2a: Primarina|0 fnt
|-damage|p2b: Volcarona|0 fnt
|-unboost|p1a: Stardust|spa|1
|faint|p2a: Primarina
|faint|p2b: Volcarona
|
|win|mixnite
|c|☆Goobertator|GG!
|c|☆Goobertator|Archaludon is a pain lol
|player|p2|
