|inactive|Battle timer is ON: inactive players will automatically lose when time's up.
|html|Something147sylveon is so cute    
|uhtml|bestof|Game 2 of a best-of-3
|t:|1756822478
|gametype|doubles
|player|p1|Something147|170|
|player|p2|sylveon is so cute|acetrainer-gen4dp|
|gen|9
|tier|[Gen 9] VGC 2025 Reg H (Bo3)
|rule|Species Clause: Limit one of each Pokémon
|rule|Item Clause: Limit 1 of each item
|clearpoke
|poke|p1|Dragapult, L50, M|
|poke|p1|Electabuzz, L50, M|
|poke|p1|Rillaboom, L50, F|
|poke|p1|Primarina, L50, F|
|poke|p1|Volcarona, L50, M|
|poke|p1|Sneasler, L50, M|
|poke|p2|Ursaluna, L50, F|
|poke|p2|Amoonguss, L50, F|
|poke|p2|Porygon2, L50|
|poke|p2|Incineroar, L50, M|
|poke|p2|Gholdengo, L50|
|poke|p2|Tyranitar, L50, M|
|teampreview|4
|showteam|p1|Dragapult||ChoiceBand|ClearBody|DragonDarts,PhantomForce,Outrage,Uturn|||M|||50|,,,,,Dragon]Electabuzz||Eviolite|VitalSpirit|Electroweb,FollowMe,HelpingHand,Protect|||M|||50|,,,,,Fairy]Rillaboom||AssaultVest|GrassySurge|GrassyGlide,WoodHammer,FakeOut,Uturn|||F|||50|,,,,,Fire]Primarina||SitrusBerry|LiquidVoice|Moonblast,HyperVoice,Protect,Haze|||F|||50|,,,,,Steel]Volcarona||Leftovers|FlameBody|Flamethrower,GigaDrain,QuiverDance,Protect|||M|||50|,,,,,Grass]Sneasler||FocusSash|PoisonTouch|CloseCombat,DireClaw,FakeOut,Protect|||M|||50|,,,,,Stellar
|showteam|p2|Ursaluna||FlameOrb|Guts|HeadlongRush,Facade,Substitute,Protect|||F|||50|,,,,,Ghost]Amoonguss||SitrusBerry|Regenerator|Spore,ClearSmog,RagePowder,PollenPuff|||F|||50|,,,,,Psychic]Porygon2||Eviolite|Download|TeraBlast,IceBeam,TrickRoom,Recover||||||50|,,,,,Fighting]Incineroar||SafetyGoggles|Intimidate|FlareBlitz,KnockOff,PartingShot,FakeOut|||M|||50|,,,,,Grass]Gholdengo||Leftovers|GoodasGold|MakeItRain,ShadowBall,NastyPlot,Protect||||||50|,,,,,Dragon]Tyranitar||AssaultVest|SandStream|RockSlide,KnockOff,LowKick,TeraBlast|||M|||50|,,,,,Flying
|
|t:|1756822492
|teamsize|p1|4
|teamsize|p2|4
|start
|switch|p1a: Sneasler|Sneasler, L50, M|100/100
|switch|p1b: Volcarona|Volcarona, L50, M|100/100
|switch|p2a: Incineroar|Incineroar, L50, M|100/100
|switch|p2b: Gholdengo|Gholdengo, L50|100/100
|-ability|p2a: Incineroar|Intimidate|boost
|-unboost|p1a: Sneasler|atk|1
|-unboost|p1b: Volcarona|atk|1
|turn|1
|
|t:|1756822503
|-terastallize|p2b: Gholdengo|Dragon
|move|p1a: Sneasler|Fake Out|p2a: Incineroar
|-damage|p2a: Incineroar|92/100
|cant|p2a: Incineroar|flinch
|move|p1b: Volcarona|Quiver Dance|p1b: Volcarona
|-boost|p1b: Volcarona|spa|1
|-boost|p1b: Volcarona|spd|1
|-boost|p1b: Volcarona|spe|1
|move|p2b: Gholdengo|Nasty Plot|p2b: Gholdengo
|-boost|p2b: Gholdengo|spa|2
|
|upkeep
|turn|2
|inactive|sylveon is so cute has 30 seconds left.
|
|t:|1756822529
|move|p1b: Volcarona|Flamethrower|p2a: Incineroar
|-resisted|p2a: Incineroar
|-damage|p2a: Incineroar|66/100
|move|p1a: Sneasler|Close Combat|p2a: Incineroar
|-supereffective|p2a: Incineroar
|-damage|p2a: Incineroar|0 fnt
|-unboost|p1a: Sneasler|def|1
|-unboost|p1a: Sneasler|spd|1
|faint|p2a: Incineroar
|move|p2b: Gholdengo|Make It Rain|p1b: Volcarona|[spread] p1a,p1b
|-resisted|p1b: Volcarona
|-crit|p1b: Volcarona
|-enditem|p1a: Sneasler|Focus Sash
|-damage|p1a: Sneasler|1/100
|-damage|p1b: Volcarona|36/100
|-unboost|p2b: Gholdengo|spa|1
|
|-heal|p1b: Volcarona|43/100|[from] item: Leftovers
|upkeep
|
|t:|1756822541
|switch|p2a: Tyranitar|Tyranitar, L50, M|100/100
|-weather|Sandstorm|[from] ability: Sand Stream|[of] p2a: Tyranitar
|turn|3
|inactive|Something147 has 30 seconds left.
|inactive|sylveon is so cute has 30 seconds left.
|inactive|Something147 has 20 seconds left.
|inactive|sylveon is so cute has 20 seconds left.
|inactive|Something147 has 15 seconds left.
|inactive|sylveon is so cute has 15 seconds left.
|
|t:|1756822583
|move|p1b: Volcarona|Flamethrower|p2a: Tyranitar
|-resisted|p2a: Tyranitar
|-damage|p2a: Tyranitar|86/100
|move|p1a: Sneasler|Close Combat|p2a: Tyranitar
|-supereffective|p2a: Tyranitar
|-damage|p2a: Tyranitar|0 fnt
|-unboost|p1a: Sneasler|def|1
|-unboost|p1a: Sneasler|spd|1
|faint|p2a: Tyranitar
|move|p2b: Gholdengo|Shadow Ball|p1b: Volcarona
|-damage|p1b: Volcarona|8/100
|
|-weather|Sandstorm|[upkeep]
|-damage|p1b: Volcarona|2/100|[from] Sandstorm
|-damage|p1a: Sneasler|0 fnt|[from] Sandstorm
|-damage|p2b: Gholdengo|94/100|[from] Sandstorm
|faint|p1a: Sneasler
|-heal|p1b: Volcarona|8/100|[from] item: Leftovers
|-heal|p2b: Gholdengo|100/100|[from] item: Leftovers
|upkeep
|
|t:|1756822605
|switch|p1a: Rillaboom|Rillaboom, L50, F|100/100
|switch|p2a: Amoonguss|Amoonguss, L50, F|100/100
|-fieldstart|move: Grassy Terrain|[from] ability: Grassy Surge|[of] p1a: Rillaboom
|turn|4
|
|t:|1756822619
|move|p1a: Rillaboom|Fake Out|p2b: Gholdengo
|-damage|p2b: Gholdengo|87/100
|move|p1b: Volcarona|Flamethrower|p2a: Amoonguss
|-supereffective|p2a: Amoonguss
|-damage|p2a: Amoonguss|0 fnt
|faint|p2a: Amoonguss
|cant|p2b: Gholdengo|flinch
|
|-weather|Sandstorm|[upkeep]
|-damage|p1b: Volcarona|2/100|[from] Sandstorm
|-damage|p2b: Gholdengo|81/100|[from] Sandstorm
|-damage|p1a: Rillaboom|95/100|[from] Sandstorm
|-heal|p1b: Volcarona|8/100|[from] Grassy Terrain
|-heal|p1b: Volcarona|14/100|[from] item: Leftovers
|-heal|p2b: Gholdengo|87/100|[from] Grassy Terrain
|-heal|p2b: Gholdengo|93/100|[from] item: Leftovers
|-heal|p1a: Rillaboom|100/100|[from] Grassy Terrain
|upkeep
|turn|5
|inactive|Something147 has 30 seconds left.
|inactive|sylveon is so cute has 30 seconds left.
|
|t:|1756822646
|move|p1b: Volcarona|Flamethrower|p2b: Gholdengo
|-resisted|p2b: Gholdengo
|-damage|p2b: Gholdengo|57/100
|-status|p2b: Gholdengo|brn
|move|p2b: Gholdengo|Nasty Plot|p2b: Gholdengo
|-boost|p2b: Gholdengo|spa|2
|move|p1a: Rillaboom|Wood Hammer|p2b: Gholdengo
|-resisted|p2b: Gholdengo
|-damage|p2b: Gholdengo|25/100 brn
|-damage|p1a: Rillaboom|91/100|[from] Recoil
|
|-weather|Sandstorm|[upkeep]
|-damage|p1b: Volcarona|8/100|[from] Sandstorm
|-damage|p2b: Gholdengo|19/100 brn|[from] Sandstorm
|-damage|p1a: Rillaboom|85/100|[from] Sandstorm
|-heal|p1b: Volcarona|14/100|[from] Grassy Terrain
|-heal|p1b: Volcarona|20/100|[from] item: Leftovers
|-heal|p2b: Gholdengo|25/100 brn|[from] Grassy Terrain
|-heal|p2b: Gholdengo|32/100 brn|[from] item: Leftovers
|-heal|p1a: Rillaboom|91/100|[from] Grassy Terrain
|-damage|p2b: Gholdengo|25/100 brn|[from] brn
|upkeep
|turn|6
|
|t:|1756822668
|move|p1a: Rillaboom|Grassy Glide|p2b: Gholdengo
|-resisted|p2b: Gholdengo
|-damage|p2b: Gholdengo|10/100 brn
|move|p1b: Volcarona|Flamethrower|p2b: Gholdengo
|-resisted|p2b: Gholdengo
|-damage|p2b: Gholdengo|0 fnt
|faint|p2b: Gholdengo
|
|win|Something147
