|inactive|Battle timer is ON: inactive players will automatically lose when time's up.
|html|tk_feenixmyshirtisdirty    
|uhtml|bestof|Game 2 of a best-of-3
|t:|1756998792
|gametype|doubles
|player|p1|tk_feenix|101|
|player|p2|myshirtisdirty|102|
|gen|9
|tier|[Gen 9] VGC 2025 Reg H (Bo3)
|rule|Species Clause: Limit one of each Pokémon
|rule|Item Clause: Limit 1 of each item
|clearpoke
|poke|p1|Ursaluna, L50, F|
|poke|p1|Porygon2, L50|
|poke|p1|Incineroar, L50, M|
|poke|p1|Gholdengo, L50|
|poke|p1|Amoonguss, L50, M|
|poke|p1|Tyranitar, L50, F|
|poke|p2|Sneasler, L50, M|
|poke|p2|Incineroar, L50, F|
|poke|p2|Garchomp, L50, M|
|poke|p2|Ninetales-Alola, L50, F|
|poke|p2|Gallade, L50, M|
|poke|p2|Indeedee-F, L50, F|
|teampreview|4
|showteam|p1|Ursaluna||FlameOrb|Guts|Facade,HeadlongRush,Substitute,Protect|||F|||50|,,,,,Ghost]Porygon2||Eviolite|Download|TeraBlast,IceBeam,TrickRoom,Recover||||||50|,,,,,Fighting]Incineroar||SafetyGoggles|Intimidate|FlareBlitz,KnockOff,FakeOut,PartingShot|||M|||50|,,,,,Ghost]Gholdengo||LifeOrb|GoodasGold|MakeItRain,ShadowBall,NastyPlot,Protect||||||50|,,,,,Dragon]Amoonguss||RockyHelmet|Regenerator|Spore,PollenPuff,RagePowder,Protect|||M|||50|,,,,,Water]Tyranitar||AssaultVest|SandStream|RockSlide,KnockOff,LowKick,TeraBlast|||F|||50|,,,,,Flying
|showteam|p2|Sneasler||PsychicSeed|Unburden|Protect,CloseCombat,DireClaw,ThroatChop|||M|||50|,,,,,Grass]Incineroar||SitrusBerry|Intimidate|FakeOut,FlareBlitz,KnockOff,PartingShot|||F|||50|,,,,,Ghost]Garchomp||LifeOrb|RoughSkin|RockSlide,ScaleShot,StompingTantrum,Protect|||M|||50|,,,,,Fairy]Ninetales-Alola||CovertCloak|SnowWarning|FreezeDry,Protect,Blizzard,AuroraVeil|||F|||50|,,,,,Water]Gallade||ClearAmulet|Sharpness|PsychoCut,SacredSword,NightSlash,Protect|||M|||50|,,,,,Steel]Indeedee-F||SafetyGoggles|PsychicSurge|DazzlingGleam,HelpingHand,TrickRoom,FollowMe|||F|||50|,,,,,Water
|inactive|myshirtisdirty has 60 seconds left.
|
|t:|1756998832
|teamsize|p1|4
|teamsize|p2|4
|start
|switch|p1a: Incineroar|Incineroar, L50, M|100/100
|switch|p1b: Gholdengo|Gholdengo, L50|100/100
|switch|p2a: Indeedee|Indeedee-F, L50, F|100/100
|switch|p2b: Ninetales|Ninetales-Alola, L50, F|100/100
|-weather|Snowscape|[from] ability: Snow Warning|[of] p2b: Ninetales
|-fieldstart|move: Psychic Terrain|[from] ability: Psychic Surge|[of] p2a: Indeedee
|-ability|p1a: Incineroar|Intimidate|boost
|-unboost|p2a: Indeedee|atk|1
|-unboost|p2b: Ninetales|atk|1
|turn|1
|inactive|tk_feenix has 30 seconds left.
|
|t:|1756998861
|move|p2b: Ninetales|Aurora Veil|p2b: Ninetales
|-sidestart|p2: myshirtisdirty|move: Aurora Veil
|move|p1b: Gholdengo|Make It Rain|p2b: Ninetales|[spread] p2a,p2b
|-supereffective|p2b: Ninetales
|-damage|p2a: Indeedee|67/100
|-damage|p2b: Ninetales|0 fnt
|-unboost|p1b: Gholdengo|spa|1
|faint|p2b: Ninetales
|-damage|p1b: Gholdengo|91/100|[from] item: Life Orb
|move|p2a: Indeedee|Dazzling Gleam|p1b: Gholdengo|[spread] p1a,p1b
|-resisted|p1b: Gholdengo
|-damage|p1a: Incineroar|89/100
|-damage|p1b: Gholdengo|84/100
|move|p1a: Incineroar|Knock Off|p2a: Indeedee
|-supereffective|p2a: Indeedee
|-damage|p2a: Indeedee|10/100
|-enditem|p2a: Indeedee|Safety Goggles|[from] move: Knock Off|[of] p1a: Incineroar
|
|-weather|Snowscape|[upkeep]
|upkeep
|
|t:|1756998875
|switch|p2b: Garchomp|Garchomp, L50, M|100/100
|turn|2
|
|t:|1756998893
|switch|p1a: Amoonguss|Amoonguss, L50, M|100/100
|move|p2a: Indeedee|Helping Hand|p2b: Garchomp
|-singleturn|p2b: Garchomp|Helping Hand|[of] p2a: Indeedee
|move|p1b: Gholdengo|Protect|p1b: Gholdengo
|-singleturn|p1b: Gholdengo|Protect
|move|p2b: Garchomp|Stomping Tantrum|p1a: Amoonguss
|-damage|p1a: Amoonguss|30/100
|-damage|p2b: Garchomp|84/100|[from] item: Rocky Helmet|[of] p1a: Amoonguss
|-damage|p2b: Garchomp|74/100|[from] item: Life Orb
|
|-weather|Snowscape|[upkeep]
|upkeep
|turn|3
|inactive|tk_feenix has 30 seconds left.
|inactive|myshirtisdirty has 30 seconds left.
|inactive|tk_feenix has 20 seconds left.
|
|t:|1756998928
|switch|p1a: Incineroar|Incineroar, L50, M|89/100
|-ability|p1a: Incineroar|Intimidate|boost
|-unboost|p2a: Indeedee|atk|1
|-unboost|p2b: Garchomp|atk|1
|-terastallize|p1b: Gholdengo|Dragon
|move|p2a: Indeedee|Follow Me|p2a: Indeedee
|-singleturn|p2a: Indeedee|move: Follow Me
|move|p2b: Garchomp|Rock Slide|p1b: Gholdengo|[spread] p1a,p1b
|-supereffective|p1a: Incineroar
|-damage|p1a: Incineroar|61/100
|-damage|p1b: Gholdengo|65/100
|-damage|p2b: Garchomp|64/100|[from] item: Life Orb
|move|p1b: Gholdengo|Nasty Plot|p1b: Gholdengo
|-boost|p1b: Gholdengo|spa|2
|
|-weather|Snowscape|[upkeep]
|upkeep
|turn|4
|inactive|tk_feenix has 30 seconds left.
|
|t:|1756998960
|switch|p2a: Gallade|Gallade, L50, M, shiny|100/100
|move|p2b: Garchomp|Scale Shot|p1b: Gholdengo
|-supereffective|p1b: Gholdengo
|-damage|p1b: Gholdengo|38/100
|-supereffective|p1b: Gholdengo
|-damage|p1b: Gholdengo|11/100
|-supereffective|p1b: Gholdengo
|-damage|p1b: Gholdengo|0 fnt
|faint|p1b: Gholdengo
|-hitcount|p1: Gholdengo|3
|-unboost|p2b: Garchomp|def|1
|-boost|p2b: Garchomp|spe|1
|-damage|p2b: Garchomp|55/100|[from] item: Life Orb
|move|p1a: Incineroar|Knock Off|p2b: Garchomp
|-damage|p2b: Garchomp|16/100
|-damage|p1a: Incineroar|49/100|[from] ability: Rough Skin|[of] p2b: Garchomp
|-enditem|p2b: Garchomp|Life Orb|[from] move: Knock Off|[of] p1a: Incineroar
|
|-weather|Snowscape|[upkeep]
|upkeep
|
|t:|1756998978
|switch|p1b: Amoonguss|Amoonguss, L50, M|63/100
|turn|5
|inactive|tk_feenix has 30 seconds left.
|
|t:|1756999010
|move|p2b: Garchomp|Protect|p2b: Garchomp
|-singleturn|p2b: Garchomp|Protect
|move|p1a: Incineroar|Knock Off|p2a: Gallade
|-damage|p2a: Gallade|66/100
|-enditem|p2a: Gallade|Clear Amulet|[from] move: Knock Off|[of] p1a: Incineroar
|move|p2a: Gallade|Psycho Cut|p1b: Amoonguss
|-supereffective|p1b: Amoonguss
|-damage|p1b: Amoonguss|0 fnt
|faint|p1b: Amoonguss
|
|-weather|none
|-sideend|p2: myshirtisdirty|move: Aurora Veil
|-fieldend|move: Psychic Terrain
|upkeep
|
|t:|1756999019
|switch|p1b: Tyranitar|Tyranitar, L50, F|100/100
|-weather|Sandstorm|[from] ability: Sand Stream|[of] p1b: Tyranitar
|turn|6
|
|t:|1756999041
|move|p2b: Garchomp|Stomping Tantrum|p1a: Incineroar
|-supereffective|p1a: Incineroar
|-damage|p1a: Incineroar|13/100
|move|p1b: Tyranitar|Rock Slide|p2b: Garchomp|[spread] p2a,p2b
|-resisted|p2a: Gallade
|-resisted|p2b: Garchomp
|-crit|p2b: Garchomp
|-damage|p2a: Gallade|43/100
|-damage|p2b: Garchomp|0 fnt
|faint|p2b: Garchomp
|move|p1a: Incineroar|Flare Blitz|p2a: Gallade
|-damage|p2a: Gallade|0 fnt
|faint|p2a: Gallade
|-damage|p1a: Incineroar|0 fnt|[from] Recoil
|faint|p1a: Incineroar
|
|-weather|Sandstorm|[upkeep]
|upkeep
|
|t:|1756999052
|switch|p2b: Indeedee|Indeedee-F, L50, F|10/100
|-fieldstart|move: Psychic Terrain|[from] ability: Psychic Surge|[of] p2b: Indeedee
|turn|7
|
|t:|1756999060
|-terastallize|p2b: Indeedee|Water
|move|p2b: Indeedee|Dazzling Gleam|p1b: Tyranitar
|-supereffective|p1b: Tyranitar
|-damage|p1b: Tyranitar|87/100
|move|p1b: Tyranitar|Knock Off|p2b: Indeedee
|-damage|p2b: Indeedee|0 fnt
|faint|p2b: Indeedee
|
|win|tk_feenix
|c|☆tk_feenix|gg!
|player|p1|
|player|p1|tk_feenix|101|
