|inactive|Battle timer is ON: inactive players will automatically lose when time's up.
|html|ahollowxxEmbC29    
|uhtml|bestof|Game 1 of a best-of-3
|t:|1786042915
|gametype|doubles
|player|p1|ahollowxx|veteranf|
|player|p2|EmbC29|#splxclassiest|
|gen|9
|tier|[Gen 9 Champions] VGC 2026 Reg M-B (Bo3)
|rule|Species Clause: Limit one of each Pokémon
|rule|Item Clause: Limit 1 of each item
|clearpoke
|poke|p1|Charizard, L50, M|
|poke|p1|Floette-Eternal, L50, F|
|poke|p1|Whimsicott, L50, M, shiny|
|poke|p1|Kingambit, L50, M, shiny|
|poke|p1|Basculegion, L50, M, shiny|
|poke|p1|Garchomp, L50, F|
|poke|p2|Froslass, L50, F|
|poke|p2|Sneasler, L50, F|
|poke|p2|Kingambit, L50, F|
|poke|p2|Basculegion, L50, M|
|poke|p2|Bellibolt, L50, F|
|poke|p2|Dragonite, L50, M|
|teampreview|4
|showteam|p1|Charizard||CharizarditeY|Blaze|HeatWave,SolarBeam,WeatherBall,Protect|Modest||M|||50|]Floette-Eternal||Floettite|FlowerVeil|Protect,Moonblast,DazzlingGleam,LightofRuin|Modest||F|||50|]Whimsicott||FocusSash|Prankster|Moonblast,Tailwind,Encore,Protect|Timid||M|||50|]Kingambit||ChopleBerry|Defiant|KowtowCleave,LowKick,SuckerPunch,IronHead|Adamant||M|||50|]Basculegion||MysticWater|Adaptability|WaveCrash,LastRespects,AquaJet,Protect|Adamant||M|||50|]Garchomp||LifeOrb|RoughSkin|DragonClaw,Earthquake,RockSlide,Protect|Jolly||F|||50|
|showteam|p2|Froslass||Froslassite|CursedBody|Blizzard,ShadowBall,AuroraVeil,Protect|Timid||F|||50|]Sneasler||WhiteHerb|Unburden|CloseCombat,DireClaw,FakeOut,Protect|Adamant||F|||50|]Kingambit||BlackGlasses|Defiant|KowtowCleave,SuckerPunch,SwordsDance,Protect|Adamant||F|||50|]Basculegion||SitrusBerry|Adaptability|WaveCrash,LastRespects,AquaJet,Protect|Adamant||M|||50|]Bellibolt||Leftovers|Electromorphosis|Thunderbolt,ParabolicCharge,Soak,Protect|Modest||F|||50|]Dragonite||Dragoninite|Multiscale|DragonPulse,HeatWave,Tailwind,Protect|Modest||M|||50|
|c|☆EmbC29|glhf
|c|☆ahollowxx|hf
|inactive|ahollowxx has 60 seconds left.
|inactive|EmbC29 has 60 seconds left.
|inactive|ahollowxx has 30 seconds left.
|inactive|ahollowxx has 20 seconds left.
|inactive|ahollowxx has 15 seconds left.
|inactive|ahollowxx has 10 seconds left.
|
|t:|1786042997
|teamsize|p1|4
|teamsize|p2|4
|start
|switch|p1a: Charizard|Charizard, L50, M|100/100
|switch|p1b: Whimsicott|Whimsicott, L50, M, shiny|100/100
|switch|p2a: Dragonite|Dragonite, L50, M|100/100
|switch|p2b: Sneasler|Sneasler, L50, F|100/100
|turn|1
|inactive|EmbC29 has 30 seconds left.
|
|t:|1786043027
|detailschange|p2a: Dragonite|Dragonite-Mega, L50, M
|-mega|p2a: Dragonite|Dragonite|Dragoninite
|detailschange|p1a: Charizard|Charizard-Mega-Y, L50, M
|-mega|p1a: Charizard|Charizard|Charizardite Y
|-weather|SunnyDay|[from] ability: Drought|[of] p1a: Charizard
|move|p1b: Whimsicott|Protect|p1b: Whimsicott
|-singleturn|p1b: Whimsicott|Protect
|move|p2b: Sneasler|Fake Out|p1b: Whimsicott
|-activate|p1b: Whimsicott|move: Protect
|move|p2a: Dragonite|Dragon Pulse|p1a: Charizard
|-damage|p1a: Charizard|56/100
|move|p1a: Charizard|Heat Wave|p2b: Sneasler|[spread] p2a,p2b
|-resisted|p2a: Dragonite|1
|-damage|p2a: Dragonite|87/100
|-damage|p2b: Sneasler|36/100
|
|-weather|SunnyDay|[upkeep]
|upkeep
|turn|2
|
|t:|1786043042
|switch|p2b: Basculegion|Basculegion, L50, M|100/100
|move|p1b: Whimsicott|Tailwind|p1b: Whimsicott
|-sidestart|p1: ahollowxx|move: Tailwind
|move|p1a: Charizard|Heat Wave|p2b: Basculegion|[spread] p2b
|-miss|p1a: Charizard|p2a: Dragonite
|-resisted|p2b: Basculegion|1
|-damage|p2b: Basculegion|68/100
|move|p2a: Dragonite|Dragon Pulse|p1a: Charizard
|-damage|p1a: Charizard|8/100
|
|-weather|SunnyDay|[upkeep]
|upkeep
|turn|3
|
|t:|1786043064
|switch|p2b: Sneasler|Sneasler, L50, F|36/100
|move|p1b: Whimsicott|Encore|p2a: Dragonite
|-start|p2a: Dragonite|Encore
|move|p1a: Charizard|Solar Beam||[still]
|-prepare|p1a: Charizard|Solar Beam
|-anim|p1a: Charizard|Solar Beam|p2b: Sneasler
|-resisted|p2b: Sneasler|1
|-damage|p2b: Sneasler|9/100
|move|p2a: Dragonite|Dragon Pulse|p1a: Charizard
|-damage|p1a: Charizard|0 fnt
|faint|p1a: Charizard
|
|-weather|SunnyDay|[upkeep]
|upkeep
|
|t:|1786043068
|switch|p1a: Basculegion|Basculegion, L50, M, shiny|100/100
|turn|4
|
|t:|1786043086
|switch|p2a: Kingambit|Kingambit, L50, F|100/100
|move|p1b: Whimsicott|Protect|p1b: Whimsicott
|-singleturn|p1b: Whimsicott|Protect
|move|p2b: Sneasler|Fake Out|p1b: Whimsicott
|-activate|p1b: Whimsicott|move: Protect
|move|p1a: Basculegion|Last Respects|p2a: Kingambit
|-resisted|p2a: Kingambit|1
|-damage|p2a: Kingambit|74/100
|
|-weather|SunnyDay|[upkeep]
|upkeep
|turn|5
|inactive|EmbC29 has 30 seconds left.
|
|t:|1786043118
|switch|p1a: Kingambit|Kingambit, L50, M, shiny|100/100
|switch|p2b: Basculegion|Basculegion, L50, M|68/100
|move|p1b: Whimsicott|Encore||[still]
|-fail|p1b: Whimsicott
|move|p2a: Kingambit|Kowtow Cleave|p1b: Whimsicott
|-resisted|p1b: Whimsicott|1
|-damage|p1b: Whimsicott|55/100
|
|-weather|none
|-sideend|p1: ahollowxx|move: Tailwind
|upkeep
|turn|6
|inactive|EmbC29 has 30 seconds left.
|
|t:|1786043146
|switch|p2a: Dragonite|Dragonite-Mega, L50, M|87/100
|move|p1b: Whimsicott|Tailwind|p1b: Whimsicott
|-sidestart|p1: ahollowxx|move: Tailwind
|move|p1a: Kingambit|Kowtow Cleave|p2b: Basculegion
|-supereffective|p2b: Basculegion|1
|-damage|p2b: Basculegion|0 fnt
|faint|p2b: Basculegion
|
|upkeep
|
|t:|1786043156
|switch|p2b: Sneasler|Sneasler, L50, F|9/100
|turn|7
|
|t:|1786043166
|switch|p1a: Basculegion|Basculegion, L50, M, shiny|100/100
|move|p1b: Whimsicott|Protect|p1b: Whimsicott
|-singleturn|p1b: Whimsicott|Protect
|move|p2b: Sneasler|Fake Out|p1a: Basculegion
|-immune|p1a: Basculegion
|move|p2a: Dragonite|Heat Wave|p1b: Whimsicott|[spread] p1a
|-activate|p1b: Whimsicott|move: Protect
|-resisted|p1a: Basculegion|1
|-damage|p1a: Basculegion|84/100
|
|upkeep
|turn|8
|
|t:|1786043180
|switch|p2a: Kingambit|Kingambit, L50, F|74/100
|move|p2b: Sneasler|Protect|p2b: Sneasler
|-singleturn|p2b: Sneasler|Protect
|move|p1b: Whimsicott|Encore|p2b: Sneasler
|-activate|p2b: Sneasler|move: Protect
|move|p1a: Basculegion|Wave Crash|p2a: Kingambit
|-damage|p2a: Kingambit|7/100
|-damage|p1a: Basculegion|61/100|[from] Recoil
|
|upkeep
|turn|9
|
|t:|1786043194
|move|p2a: Kingambit|Protect|p2a: Kingambit
|-singleturn|p2a: Kingambit|Protect
|move|p1a: Basculegion|Aqua Jet|p2a: Kingambit
|-activate|p2a: Kingambit|move: Protect
|move|p1b: Whimsicott|Moonblast|p2b: Sneasler
|-damage|p2b: Sneasler|0 fnt
|faint|p2b: Sneasler
|
|-sideend|p1: ahollowxx|move: Tailwind
|upkeep
|
|t:|1786043195
|switch|p2b: Dragonite|Dragonite-Mega, L50, M|87/100
|turn|10
|
|t:|1786043204
|move|p2a: Kingambit|Protect||[still]
|-fail|p2a: Kingambit
|move|p1a: Basculegion|Aqua Jet|p2a: Kingambit
|-damage|p2a: Kingambit|0 fnt
|faint|p2a: Kingambit
|move|p1b: Whimsicott|Moonblast|p2b: Dragonite
|-supereffective|p2b: Dragonite|1
|-damage|p2b: Dragonite|26/100
|move|p2b: Dragonite|Heat Wave|p1b: Whimsicott|[spread] p1a,p1b
|-resisted|p1a: Basculegion|1
|-supereffective|p1b: Whimsicott|1
|-damage|p1a: Basculegion|43/100
|-damage|p1b: Whimsicott|0 fnt
|-status|p1a: Basculegion|brn
|faint|p1b: Whimsicott
|
|-damage|p1a: Basculegion|37/100 brn|[from] brn
|upkeep
|
|t:|1786043211
|switch|p1b: Kingambit|Kingambit, L50, M, shiny|100/100
|turn|11
|
|t:|1786043214
|move|p1b: Kingambit|Sucker Punch|p2b: Dragonite
|-damage|p2b: Dragonite|0 fnt
|faint|p2b: Dragonite
|
|win|ahollowxx
||ahollowxx is ready for game 2.
||EmbC29 is ready for game 2.
|uhtml|next|Next: Game 2 of 3
