|inactive|Battle timer is ON: inactive players will automatically lose when time's up.
|badge|p1|silver|gen9doublesou|30-10
|uhtml|medal-msg|Curious what those medals under the avatar are? PS now has Ladder Seasons! For more information, check out the thread on Smogon.
|html|Kiogrus24duben    
|uhtml|bestof|Game 1 of a best-of-3
|t:|1783881543
|gametype|doubles
|player|p1|Kiogrus24|pokemaniac-gen2|
|player|p2|duben|rosa|
|gen|9
|tier|[Gen 9 Champions] VGC 2026 Reg M-B (Bo3)
|rule|Species Clause: Limit one of each Pokémon
|rule|Item Clause: Limit 1 of each item
|clearpoke
|poke|p1|Sneasler, L50, M|
|poke|p1|Blastoise, L50, M|
|poke|p1|Kingambit, L50, M|
|poke|p1|Incineroar, L50, M|
|poke|p1|Delphox, L50, F|
|poke|p1|Sinistcha, L50|
|poke|p2|Gengar, L50, M|
|poke|p2|Swampert, L50, F|
|poke|p2|Incineroar, L50, M|
|poke|p2|Politoed, L50, F|
|poke|p2|Archaludon, L50, F|
|poke|p2|Vivillon, L50, M|
|teampreview|4
|showteam|p1|Sneasler||FocusSash|PoisonTouch|DireClaw,CloseCombat,FakeOut,QuickGuard|Jolly||M|||50|]Blastoise||Blastoisinite|RainDish|DarkPulse,WaterSpout,ShellSmash,Protect|Modest||M|||50|]Kingambit||BlackGlasses|Defiant|KowtowCleave,SuckerPunch,SwordsDance,Protect|Adamant||M|||50|]Incineroar||SitrusBerry|Intimidate|FlareBlitz,HelpingHand,PartingShot,FakeOut|Careful||M|||50|]Delphox||Delphoxite|Blaze|HeatWave,NastyPlot,Psyshock,Protect|Timid||F|||50|]Sinistcha||OccaBerry|Hospitality|MatchaGotcha,RagePowder,TrickRoom,Protect|Bold|||||50|
|showteam|p2|Gengar||Gengarite|CursedBody|ShadowBall,PerishSong,SludgeBomb,Protect|Timid||M|||50|]Swampert||Swampertite|Torrent|WaveCrash,Earthquake,IcePunch,Protect|Adamant||F|||50|]Incineroar||PasshoBerry|Intimidate|ThroatChop,PartingShot,FakeOut,Protect|Sassy||M|||50|]Politoed||SitrusBerry|Drizzle|WeatherBall,PerishSong,Encore,Protect|Calm||F|||50|]Archaludon||Leftovers|Stamina|DragonPulse,FlashCannon,ElectroShot,Protect|Bold||F|||50|]Vivillon||FocusSash|CompoundEyes|Hurricane,SleepPowder,RagePowder,Protect|Timid||M|||50|
|c|☆duben|Glhf
|c|☆Kiogrus24|U2
|inactive|Kiogrus24 has 60 seconds left.
|inactive|duben has 60 seconds left.
|c|+Nasir1|after the short intermission, lets get this kyogrus!
|inactive|duben has 30 seconds left.
|
|t:|1783881604
|teamsize|p1|4
|teamsize|p2|4
|start
|switch|p1a: Incineroar|Incineroar, L50, M|100/100
|switch|p1b: Blastoise|Blastoise, L50, M|100/100
|switch|p2a: Swampert|Swampert, L50, F|100/100
|switch|p2b: Vivillon|Vivillon, L50, M|100/100
|-ability|p1a: Incineroar|Intimidate|boost
|-unboost|p2a: Swampert|atk|1
|-unboost|p2b: Vivillon|atk|1
|turn|1
|
|t:|1783881623
|detailschange|p1b: Blastoise|Blastoise-Mega, L50, M
|-mega|p1b: Blastoise|Blastoise|Blastoisinite
|detailschange|p2a: Swampert|Swampert-Mega, L50, F
|-mega|p2a: Swampert|Swampert|Swampertite
|move|p2b: Vivillon|Protect|p2b: Vivillon
|-singleturn|p2b: Vivillon|Protect
|move|p1a: Incineroar|Fake Out|p2b: Vivillon
|-activate|p2b: Vivillon|move: Protect
|move|p1b: Blastoise|Shell Smash|p1b: Blastoise
|-unboost|p1b: Blastoise|def|1
|-unboost|p1b: Blastoise|spd|1
|-boost|p1b: Blastoise|atk|2
|-boost|p1b: Blastoise|spa|2
|-boost|p1b: Blastoise|spe|2
|move|p2a: Swampert|Earthquake|p1b: Blastoise|[spread] p1a,p1b
|-activate|p2b: Vivillon|move: Protect
|-supereffective|p1a: Incineroar|1
|-damage|p1a: Incineroar|42/100
|-damage|p1b: Blastoise|57/100
|-enditem|p1a: Incineroar|Sitrus Berry|[eat]
|-heal|p1a: Incineroar|67/100|[from] item: Sitrus Berry
|
|upkeep
|turn|2
|inactive|duben has 30 seconds left.
|
|t:|1783881658
|switch|p1a: Sinistcha|Sinistcha, L50|100/100
|-heal|p1b: Blastoise|81/100|[from] ability: Hospitality|[of] p1a: Sinistcha
|move|p1b: Blastoise|Protect|p1b: Blastoise
|-singleturn|p1b: Blastoise|Protect
|move|p2a: Swampert|Protect|p2a: Swampert
|-singleturn|p2a: Swampert|Protect
|move|p2b: Vivillon|Sleep Powder|p1b: Blastoise
|-activate|p1b: Blastoise|move: Protect
|
|upkeep
|turn|3
|
|t:|1783881676
|switch|p2a: Archaludon|Archaludon, L50, F|100/100
|move|p1a: Sinistcha|Rage Powder|p1a: Sinistcha
|-singleturn|p1a: Sinistcha|move: Rage Powder
|move|p1b: Blastoise|Water Spout|p2b: Vivillon|[spread] p2a,p2b
|-resisted|p2a: Archaludon|1
|-damage|p2a: Archaludon|46/100
|-enditem|p2b: Vivillon|Focus Sash
|-damage|p2b: Vivillon|1/100
|-ability|p2a: Archaludon|Stamina|boost
|-boost|p2a: Archaludon|def|1
|move|p2b: Vivillon|Hurricane|p1a: Sinistcha
|-supereffective|p1a: Sinistcha|1
|-damage|p1a: Sinistcha|0 fnt
|faint|p1a: Sinistcha
|
|-heal|p2a: Archaludon|52/100|[from] item: Leftovers
|upkeep
|
|t:|1783881701
|switch|p1a: Kingambit|Kingambit, L50, M|100/100
|turn|4
|
|t:|1783881723
|switch|p1a: Incineroar|Incineroar, L50, M|67/100
|-ability|p1a: Incineroar|Intimidate|boost
|-unboost|p2a: Archaludon|atk|1
|-unboost|p2b: Vivillon|atk|1
|move|p2b: Vivillon|Protect|p2b: Vivillon
|-singleturn|p2b: Vivillon|Protect
|move|p2a: Archaludon|Protect|p2a: Archaludon
|-singleturn|p2a: Archaludon|Protect
|move|p1b: Blastoise|Water Spout|p2b: Vivillon|[spread] 
|-activate|p2a: Archaludon|move: Protect
|-activate|p2b: Vivillon|move: Protect
|
|-heal|p2a: Archaludon|58/100|[from] item: Leftovers
|upkeep
|turn|5
|inactive|Kiogrus24 has 30 seconds left.
|
|t:|1783881749
|move|p1a: Incineroar|Helping Hand|p1b: Blastoise
|-singleturn|p1b: Blastoise|Helping Hand|[of] p1a: Incineroar
|move|p1b: Blastoise|Water Spout|p2b: Vivillon|[spread] p2a,p2b
|-resisted|p2a: Archaludon|1
|-damage|p2a: Archaludon|0 fnt
|-damage|p2b: Vivillon|0 fnt
|faint|p2a: Archaludon
|faint|p2b: Vivillon
|
|upkeep
|
|t:|1783881755
|switch|p2b: Politoed|Politoed, L50, F|100/100
|switch|p2a: Swampert|Swampert-Mega, L50, F|100/100
|-weather|RainDance|[from] ability: Drizzle|[of] p2b: Politoed
|turn|6
|
|t:|1783881775
|move|p1a: Incineroar|Helping Hand|p1b: Blastoise
|-singleturn|p1b: Blastoise|Helping Hand|[of] p1a: Incineroar
|move|p1b: Blastoise|Water Spout|p2b: Politoed|[spread] p2a,p2b
|-resisted|p2b: Politoed|1
|-damage|p2a: Swampert|0 fnt
|-damage|p2b: Politoed|2/100
|-enditem|p2b: Politoed|Sitrus Berry|[eat]
|-heal|p2b: Politoed|27/100|[from] item: Sitrus Berry
|faint|p2a: Swampert
|move|p2b: Politoed|Weather Ball|p1b: Blastoise
|-resisted|p1b: Blastoise|1
|-crit|p1b: Blastoise
|-damage|p1b: Blastoise|23/100
|
|-weather|RainDance|[upkeep]
|upkeep
|turn|7
|-message|duben forfeited.
|
|win|Kiogrus24
||duben is ready for game 2.
||Kiogrus24 is ready for game 2.
|uhtml|next|Next: Game 2 of 3
|player|p2|
