|inactive|Battle timer is ON: inactive players will automatically lose when time's up.
|html|Something147sylveon is so cute    
|uhtml|bestof|Game 3 of a best-of-3
|t:|1756822682
|gametype|doubles
|player|p1|Something147|170|
|player|p2|sylveon is so cute|acetrainer-gen4dp|
|gen|9
|tier|[Gen 9] VGC 2025 Reg H (Bo3)
|rule|Species Clause: Limit one of each Pokémon
|rule|Item Clause: Limit 1 of each item
|clearpoke
|poke|p1|Dragapult, L50, M|
|poke|p1|Electabuzz, L50, M|
|poke|p1|Rillaboom, L50, F|
|poke|p1|Primarina, L50, F|
|poke|p1|Volcarona, L50, M|
|poke|p1|Sneasler, L50, M|
|poke|p2|Ursaluna, L50, F|
|poke|p2|Amoonguss, L50, F|
|poke|p2|Porygon2, L50|
|poke|p2|Incineroar, L50, M|
|poke|p2|Gholdengo, L50|
|poke|p2|Tyranitar, L50, M|
|teampreview|4
|showteam|p1|Dragapult||ChoiceBand|ClearBody|DragonDarts,PhantomForce,Outrage,Uturn|||M|||50|,,,,,Dragon]Electabuzz||Eviolite|VitalSpirit|Electroweb,FollowMe,HelpingHand,Protect|||M|||50|,,,,,Fairy]Rillaboom||AssaultVest|GrassySurge|GrassyGlide,WoodHammer,FakeOut,Uturn|||F|||50|,,,,,Fire]Primarina||SitrusBerry|LiquidVoice|Moonblast,HyperVoice,Protect,Haze|||F|||50|,,,,,Steel]Volcarona||Leftovers|FlameBody|Flamethrower,GigaDrain,QuiverDance,Protect|||M|||50|,,,,,Grass]Sneasler||FocusSash|PoisonTouch|CloseCombat,DireClaw,FakeOut,Protect|||M|||50|,,,,,Stellar
|showteam|p2|Ursaluna||FlameOrb|Guts|HeadlongRush,Facade,Substitute,Protect|||F|||50|,,,,,Ghost]Amoonguss||SitrusBerry|Regenerator|Spore,ClearSmog,RagePowder,PollenPuff|||F|||50|,,,,,Psychic]Porygon2||Eviolite|Download|TeraBlast,IceBeam,TrickRoom,Recover||||||50|,,,,,Fighting]Incineroar||SafetyGoggles|Intimidate|FlareBlitz,KnockOff,PartingShot,FakeOut|||M|||50|,,,,,Grass]Gholdengo||Leftovers|GoodasGold|MakeItRain,ShadowBall,NastyPlot,Protect||||||50|,,,,,Dragon]Tyranitar||AssaultVest|SandStream|RockSlide,KnockOff,LowKick,TeraBlast|||M|||50|,,,,,Flying
|
|t:|1756822708
|teamsize|p1|4
|teamsize|p2|4
|start
|switch|p1a: Volcarona|Volcarona, L50, M|100/100
|switch|p1b: Sneasler|Sneasler, L50, M|100/100
|switch|p2a: Incineroar|Incineroar, L50, M|100/100
|switch|p2b: Gholdengo|Gholdengo, L50|100/100
|-ability|p2a: Incineroar|Intimidate|boost
|-unboost|p1a: Volcarona|atk|1
|-unboost|p1b: Sneasler|atk|1
|turn|1
|
|t:|1756822720
|move|p1b: Sneasler|Fake Out|p2a: Incineroar
|-damage|p2a: Incineroar|92/100
|cant|p2a: Incineroar|flinch
|move|p1a: Volcarona|Quiver Dance|p1a: Volcarona
|-boost|p1a: Volcarona|spa|1
|-boost|p1a: Volcarona|spd|1
|-boost|p1a: Volcarona|spe|1
|move|p2b: Gholdengo|Nasty Plot|p2b: Gholdengo
|-boost|p2b: Gholdengo|spa|2
|
|upkeep
|turn|2
|
|t:|1756822732
|switch|p2a: Tyranitar|Tyranitar, L50, M|100/100
|-weather|Sandstorm|[from] ability: Sand Stream|[of] p2a: Tyranitar
|-terastallize|p2b: Gholdengo|Dragon
|move|p1a: Volcarona|Flamethrower|p2a: Tyranitar
|-resisted|p2a: Tyranitar
|-damage|p2a: Tyranitar|88/100
|move|p1b: Sneasler|Close Combat|p2a: Tyranitar
|-supereffective|p2a: Tyranitar
|-damage|p2a: Tyranitar|0 fnt
|-unboost|p1b: Sneasler|def|1
|-unboost|p1b: Sneasler|spd|1
|faint|p2a: Tyranitar
|move|p2b: Gholdengo|Make It Rain|p1a: Volcarona|[spread] p1a,p1b
|-resisted|p1a: Volcarona
|-damage|p1a: Volcarona|71/100
|-enditem|p1b: Sneasler|Focus Sash
|-damage|p1b: Sneasler|1/100
|-unboost|p2b: Gholdengo|spa|1
|
|-weather|Sandstorm|[upkeep]
|-damage|p1a: Volcarona|65/100|[from] Sandstorm
|-damage|p1b: Sneasler|0 fnt|[from] Sandstorm
|-damage|p2b: Gholdengo|94/100|[from] Sandstorm
|faint|p1b: Sneasler
|-heal|p1a: Volcarona|71/100|[from] item: Leftovers
|-heal|p2b: Gholdengo|100/100|[from] item: Leftovers
|upkeep
|inactive|Something147 has 30 seconds left.
|inactive|sylveon is so cute has 30 seconds left.
|inactive|Something147 has 20 seconds left.
|inactive|sylveon is so cute has 20 seconds left.
|
|t:|1756822770
|switch|p1b: Rillaboom|Rillaboom, L50, F|100/100
|switch|p2a: Incineroar|Incineroar, L50, M|92/100
|-fieldstart|move: Grassy Terrain|[from] ability: Grassy Surge|[of] p1b: Rillaboom
|-ability|p2a: Incineroar|Intimidate|boost
|-unboost|p1a: Volcarona|atk|1
|-unboost|p1b: Rillaboom|atk|1
|turn|3
|inactive|sylveon is so cute has 30 seconds left.
|
|t:|1756822797
|move|p1b: Rillaboom|Fake Out|p2a: Incineroar
|-damage|p2a: Incineroar|83/100
|cant|p2a: Incineroar|flinch
|move|p1a: Volcarona|Quiver Dance|p1a: Volcarona
|-boost|p1a: Volcarona|spa|1
|-boost|p1a: Volcarona|spd|1
|-boost|p1a: Volcarona|spe|1
|move|p2b: Gholdengo|Nasty Plot|p2b: Gholdengo
|-boost|p2b: Gholdengo|spa|2
|
|-weather|Sandstorm|[upkeep]
|-damage|p1a: Volcarona|65/100|[from] Sandstorm
|-damage|p2b: Gholdengo|94/100|[from] Sandstorm
|-damage|p1b: Rillaboom|95/100|[from] Sandstorm
|-heal|p1a: Volcarona|71/100|[from] Grassy Terrain
|-heal|p1a: Volcarona|78/100|[from] item: Leftovers
|-heal|p2b: Gholdengo|100/100|[from] Grassy Terrain
|-heal|p1b: Rillaboom|100/100|[from] Grassy Terrain
|-heal|p2a: Incineroar|89/100|[from] Grassy Terrain
|upkeep
|turn|4
|inactive|Something147 has 30 seconds left.
|inactive|sylveon is so cute has 30 seconds left.
|
|t:|1756822823
|move|p1a: Volcarona|Protect|p1a: Volcarona
|-singleturn|p1a: Volcarona|Protect
|move|p2b: Gholdengo|Shadow Ball|p1a: Volcarona
|-activate|p1a: Volcarona|move: Protect
|move|p1b: Rillaboom|U-turn|p2a: Incineroar
|-damage|p2a: Incineroar|75/100
|
|t:|1756822830
|switch|p1b: Primarina|Primarina, L50, F|100/100|[from] U-turn
|move|p2a: Incineroar|Flare Blitz|p1a: Volcarona
|-activate|p1a: Volcarona|move: Protect
|
|-weather|Sandstorm|[upkeep]
|-damage|p1a: Volcarona|71/100|[from] Sandstorm
|-damage|p2b: Gholdengo|94/100|[from] Sandstorm
|-damage|p1b: Primarina|95/100|[from] Sandstorm
|-heal|p1a: Volcarona|78/100|[from] Grassy Terrain
|-heal|p1a: Volcarona|84/100|[from] item: Leftovers
|-heal|p2b: Gholdengo|100/100|[from] Grassy Terrain
|-heal|p2a: Incineroar|81/100|[from] Grassy Terrain
|-heal|p1b: Primarina|100/100|[from] Grassy Terrain
|upkeep
|turn|5
|inactive|Something147 has 30 seconds left.
|inactive|sylveon is so cute has 30 seconds left.
|inactive|Something147 has 20 seconds left.
|inactive|sylveon is so cute has 20 seconds left.
|
|t:|1756822867
|move|p1a: Volcarona|Quiver Dance|p1a: Volcarona
|-boost|p1a: Volcarona|spa|1
|-boost|p1a: Volcarona|spd|1
|-boost|p1a: Volcarona|spe|1
|move|p2b: Gholdengo|Shadow Ball|p1a: Volcarona
|-damage|p1a: Volcarona|46/100
|move|p2a: Incineroar|Flare Blitz|p1a: Volcarona
|-damage|p1a: Volcarona|0 fnt
|faint|p1a: Volcarona
|-damage|p2a: Incineroar|67/100|[from] Recoil
|move|p1b: Primarina|Moonblast|p2b: Gholdengo
|-supereffective|p2b: Gholdengo
|-damage|p2b: Gholdengo|0 fnt
|faint|p2b: Gholdengo
|
|-weather|Sandstorm|[upkeep]
|-damage|p1b: Primarina|95/100|[from] Sandstorm
|-heal|p2a: Incineroar|73/100|[from] Grassy Terrain
|-heal|p1b: Primarina|100/100|[from] Grassy Terrain
|upkeep
|
|t:|1756822885
|switch|p1a: Rillaboom|Rillaboom, L50, F|100/100
|switch|p2b: Amoonguss|Amoonguss, L50, F|100/100
|turn|6
|inactive|Something147 has 30 seconds left.
|
|t:|1756822914
|move|p1a: Rillaboom|Fake Out|p2b: Amoonguss
|-damage|p2b: Amoonguss|90/100
|move|p2a: Incineroar|Flare Blitz|p1a: Rillaboom
|-supereffective|p1a: Rillaboom
|-damage|p1a: Rillaboom|16/100
|-damage|p2a: Incineroar|45/100|[from] Recoil
|move|p1b: Primarina|Hyper Voice|p2a: Incineroar|[spread] p2a,p2b
|-supereffective|p2a: Incineroar
|-resisted|p2b: Amoonguss
|-damage|p2a: Incineroar|0 fnt
|-damage|p2b: Amoonguss|75/100
|faint|p2a: Incineroar
|cant|p2b: Amoonguss|flinch
|
|-weather|none
|-heal|p1a: Rillaboom|21/100|[from] Grassy Terrain
|-heal|p2b: Amoonguss|81/100|[from] Grassy Terrain
|upkeep
|turn|7
|
|t:|1756822936
|-terastallize|p1b: Primarina|Steel
|move|p1a: Rillaboom|Wood Hammer|p2b: Amoonguss
|-resisted|p2b: Amoonguss
|-damage|p2b: Amoonguss|66/100
|-damage|p1a: Rillaboom|16/100|[from] Recoil
|move|p1b: Primarina|Moonblast|p2b: Amoonguss
|-resisted|p2b: Amoonguss
|-damage|p2b: Amoonguss|41/100
|-enditem|p2b: Amoonguss|Sitrus Berry|[eat]
|-heal|p2b: Amoonguss|65/100|[from] item: Sitrus Berry
|move|p2b: Amoonguss|Clear Smog|p1a: Rillaboom
|-supereffective|p1a: Rillaboom
|-damage|p1a: Rillaboom|0 fnt
|-clearboost|p1a: Rillaboom
|faint|p1a: Rillaboom
|
|-heal|p2b: Amoonguss|71/100|[from] Grassy Terrain
|-fieldend|move: Grassy Terrain
|upkeep
|turn|8
|
|t:|1756822948
|move|p1b: Primarina|Moonblast|p2b: Amoonguss
|-resisted|p2b: Amoonguss
|-damage|p2b: Amoonguss|47/100
|move|p2b: Amoonguss|Pollen Puff|p1b: Primarina
|-resisted|p1b: Primarina
|-damage|p1b: Primarina|92/100
|
|upkeep
|turn|9
|-message|sylveon is so cute forfeited.
|
|win|Something147
