|inactive|Battle timer is ON: inactive players will automatically lose when time's up.
|html|tekagtelpachirisudelvgc    
|uhtml|bestof|Game 2 of a best-of-3
|t:|1784414702
|gametype|doubles
|player|p1|tekagt|#smogonxnpa2026draftee2|
|player|p2|elpachirisudelvgc|zinnia|
|gen|9
|tier|[Gen 9 Champions] VGC 2026 Reg M-B (Bo3)
|rule|Species Clause: Limit one of each Pokémon
|rule|Item Clause: Limit 1 of each item
|clearpoke
|poke|p1|Delphox, L50, M|
|poke|p1|Blastoise, L50, F|
|poke|p1|Sinistcha, L50|
|poke|p1|Sneasler, L50, F|
|poke|p1|Incineroar, L50, F|
|poke|p1|Kingambit, L50, F|
|poke|p2|Aerodactyl, L50, M|
|poke|p2|Sylveon, L50, F, shiny|
|poke|p2|Charizard, L50, F|
|poke|p2|Kingambit, L50, F, shiny|
|poke|p2|Farigiraf, L50, F, shiny|
|poke|p2|Garchomp, L50, F, shiny|
|teampreview|4
|showteam|p1|Delphox||Delphoxite|Blaze|Psychic,HeatWave,NastyPlot,Protect|Modest||M|||50|]Blastoise||Blastoisinite|Torrent|WaterSpout,DarkPulse,ShellSmash,Protect|Modest||F|||50|]Sinistcha||ColburBerry|Hospitality|MatchaGotcha,RagePowder,TrickRoom,Protect|Bold|||||50|]Sneasler||FocusSash|PoisonTouch|DireClaw,CloseCombat,FakeOut,QuickGuard|Jolly||F|||50|]Incineroar||SitrusBerry|Intimidate|FlareBlitz,HelpingHand,PartingShot,FakeOut|Careful||F|||50|]Kingambit||LifeOrb|Defiant|KowtowCleave,SuckerPunch,SwordsDance,Protect|Adamant||F|||50|
|showteam|p2|Aerodactyl||Aerodactylite|Unnerve|RockSlide,DualWingbeat,Tailwind,IceFang|Jolly||M|||50|]Sylveon||FairyFeather|Pixilate|HyperVoice,QuickAttack,HyperBeam,Detect|Modest||F|||50|]Charizard||CharizarditeY|Blaze|HeatWave,WeatherBall,SolarBeam,Protect|Modest||F|||50|]Kingambit||FocusSash|Defiant|KowtowCleave,SuckerPunch,IronHead,LowKick|Adamant||F|||50|]Farigiraf||SitrusBerry|ArmorTail|TwinBeam,Thunderbolt,TrickRoom,SunnyDay|Relaxed||F|||50|]Garchomp||LifeOrb|RoughSkin|DragonClaw,StompingTantrum,Earthquake,Protect|Jolly||F|||50|
|c|+acrone|Dale pachi
|
|t:|1784414727
|teamsize|p1|4
|teamsize|p2|4
|start
|switch|p1a: Blastoise|Blastoise, L50, F|100/100
|switch|p1b: Incineroar|Incineroar, L50, F|100/100
|switch|p2a: Charizard|Charizard, L50, F|100/100
|switch|p2b: Farigiraf|Farigiraf, L50, F, shiny|100/100
|-ability|p1b: Incineroar|Intimidate|boost
|-unboost|p2a: Charizard|atk|1
|-unboost|p2b: Farigiraf|atk|1
|turn|1
|c|+acrone|Pone las manos burro
|c|+oh the guilt|Hola acrone
|c|+acrone|No
|c|☆elpachirisudelvgc|basta no me dejas concentrarme acrone
|inactive|tekagt has 30 seconds left.
|inactive|elpachirisudelvgc has 30 seconds left.
|c|+oh the guilt|Pq
|inactive|tekagt has 20 seconds left.
|inactive|elpachirisudelvgc has 20 seconds left.
|c|+acrone|Dale pachi infeliz 
|inactive|tekagt has 15 seconds left.
|inactive|tekagt has 10 seconds left.
|c|+matirivero2603|se juega el sellback nuestro muchacho
|inactive|tekagt has 5 seconds left.
|
|t:|1784414782
|detailschange|p2a: Charizard|Charizard-Mega-Y, L50, F
|-mega|p2a: Charizard|Charizard|Charizardite Y
|-weather|SunnyDay|[from] ability: Drought|[of] p2a: Charizard
|move|p2a: Charizard|Protect|p2a: Charizard
|-singleturn|p2a: Charizard|Protect
|move|p1a: Blastoise|Water Spout|p2a: Charizard|[spread] p2b
|-activate|p2a: Charizard|move: Protect
|-damage|p2b: Farigiraf|76/100
|move|p1b: Incineroar|Flare Blitz|p2b: Farigiraf
|-crit|p2b: Farigiraf
|-damage|p2b: Farigiraf|0 fnt
|faint|p2b: Farigiraf
|-damage|p1b: Incineroar|72/100|[from] Recoil
|
|-weather|SunnyDay|[upkeep]
|upkeep
|c|+matirivero2603|jkasjda
|
|t:|1784414795
|switch|p2b: Sylveon|Sylveon, L50, F, shiny|100/100
|turn|2
|
|t:|1784414813
|move|p1a: Blastoise|Protect|p1a: Blastoise
|-singleturn|p1a: Blastoise|Protect
|move|p2a: Charizard|Solar Beam||[still]
|-prepare|p2a: Charizard|Solar Beam
|-anim|p2a: Charizard|Solar Beam|p1a: Blastoise
|-activate|p1a: Blastoise|move: Protect
|move|p1b: Incineroar|Parting Shot|p2a: Charizard
|-unboost|p2a: Charizard|atk|1
|-unboost|p2a: Charizard|spa|1
|
|t:|1784414819
|switch|p1b: Sneasler|Sneasler, L50, F|100/100|[from] Parting Shot
|move|p2b: Sylveon|Hyper Beam|p1b: Sneasler
|-enditem|p1b: Sneasler|Focus Sash
|-damage|p1b: Sneasler|1/100
|-mustrecharge|p2b: Sylveon
|
|-weather|SunnyDay|[upkeep]
|upkeep
|turn|3
|
|t:|1784414832
|switch|p1a: Incineroar|Incineroar, L50, F|72/100
|-ability|p1a: Incineroar|Intimidate|boost
|-unboost|p2a: Charizard|atk|1
|-unboost|p2b: Sylveon|atk|1
|move|p2a: Charizard|Protect|p2a: Charizard
|-singleturn|p2a: Charizard|Protect
|move|p1b: Sneasler|Dire Claw|p2b: Sylveon
|-supereffective|p2b: Sylveon|1
|-damage|p2b: Sylveon|5/100
|-status|p2b: Sylveon|psn|[from] ability: Poison Touch|[of] p1b: Sneasler
|cant|p2b: Sylveon|recharge
|
|-weather|SunnyDay|[upkeep]
|-damage|p2b: Sylveon|0 fnt|[from] psn
|faint|p2b: Sylveon
|upkeep
|
|t:|1784414838
|switch|p2b: Kingambit|Kingambit, L50, F, shiny|100/100
|turn|4
|
|t:|1784414861
|move|p1a: Incineroar|Fake Out|p2b: Kingambit
|-resisted|p2b: Kingambit|1
|-crit|p2b: Kingambit
|-damage|p2b: Kingambit|93/100
|move|p1b: Sneasler|Close Combat|p2b: Kingambit
|-supereffective|p2b: Kingambit|2
|-damage|p2b: Kingambit|0 fnt
|-unboost|p1b: Sneasler|def|1
|-unboost|p1b: Sneasler|spd|1
|faint|p2b: Kingambit
|move|p2a: Charizard|Heat Wave|p1b: Sneasler|[spread] p1a,p1b
|-resisted|p1a: Incineroar|1
|-damage|p1a: Incineroar|57/100
|-damage|p1b: Sneasler|0 fnt
|faint|p1b: Sneasler
|
|-weather|SunnyDay|[upkeep]
|upkeep
|
|t:|1784414871
|switch|p1b: Sinistcha|Sinistcha, L50|100/100
|-heal|p1a: Incineroar|82/100|[from] ability: Hospitality|[of] p1b: Sinistcha
|turn|5
|
|t:|1784414875
|move|p1b: Sinistcha|Protect|p1b: Sinistcha
|-singleturn|p1b: Sinistcha|Protect
|move|p2a: Charizard|Heat Wave|p1a: Incineroar|[spread] p1a
|-activate|p1b: Sinistcha|move: Protect
|-resisted|p1a: Incineroar|1
|-damage|p1a: Incineroar|66/100
|move|p1a: Incineroar|Parting Shot|p2a: Charizard
|-unboost|p2a: Charizard|atk|1
|-unboost|p2a: Charizard|spa|1
|
|t:|1784414879
|switch|p1a: Blastoise|Blastoise, L50, F|100/100|[from] Parting Shot
|
|-weather|none
|upkeep
|turn|6
|c|☆elpachirisudelvgc|gg
|
|t:|1784414888
|switch|p1b: Incineroar|Incineroar, L50, F|66/100
|-ability|p1b: Incineroar|Intimidate|boost
|-unboost|p2a: Charizard|atk|1
|detailschange|p1a: Blastoise|Blastoise-Mega, L50, F
|-mega|p1a: Blastoise|Blastoise|Blastoisinite
|move|p1a: Blastoise|Water Spout|p2a: Charizard
|-supereffective|p2a: Charizard|1
|-damage|p2a: Charizard|0 fnt
|faint|p2a: Charizard
|
|win|tekagt
|c|+oh the guilt|Oye que rapido
|c|+oh the guilt|Sali y entre
|c|+oh the guilt|Y ya no hay mons
|c|☆tekagt|gg
