|inactive|Battle timer is ON: inactive players will automatically lose when time's up.
|html|lelateznvboolbool    
|uhtml|bestof|Game 1 of a best-of-3
|t:|1756998456
|gametype|doubles
|player|p1|lelatez|170|
|player|p2|nvboolbool|169|
|gen|9
|tier|[Gen 9] VGC 2025 Reg H (Bo3)
|rule|Species Clause: Limit one of each Pokémon
|rule|Item Clause: Limit 1 of each item
|clearpoke
|poke|p1|Annihilape, L50, F|
|poke|p1|Primarina, L50, M|
|poke|p1|Rillaboom, L50, F|
|poke|p1|Arcanine, L50, F|
|poke|p1|Hydreigon, L50, F|
|poke|p1|Farigiraf, L50, F|
|poke|p2|Kingambit, L50, M|
|poke|p2|Sneasler, L50, F|
|poke|p2|Volcarona, L50, F|
|poke|p2|Dragonite, L50, F|
|poke|p2|Electabuzz, L50, F|
|poke|p2|Rillaboom, L50, M|
|teampreview|4
|showteam|p1|Annihilape||Leftovers|Defiant|Protect,BulkUp,RageFist,DrainPunch|||F|||50|,,,,,Fire]Primarina||ThroatSpray|LiquidVoice|HyperVoice,Moonblast,Haze,Protect|||M|||50|,,,,,Poison]Rillaboom||AssaultVest|GrassySurge|FakeOut,GrassyGlide,Uturn,WoodHammer|||F|||50|,,,,,Grass]Arcanine||SitrusBerry|Intimidate|FlareBlitz,ExtremeSpeed,Snarl,Protect|||F|||50|,,,,,Grass]Hydreigon||CovertCloak|Levitate|Tailwind,DracoMeteor,DarkPulse,Protect|||F|||50|,,,,,Poison]Farigiraf||ColburBerry|ArmorTail|TrickRoom,Protect,Imprison,ExpandingForce|||F|||50|,,,,,Fairy
|showteam|p2|Kingambit||BlackGlasses|Defiant|KowtowCleave,SuckerPunch,SwordsDance,Protect|||M|||50|,,,,,Dark]Sneasler||FocusSash|Unburden|CloseCombat,DireClaw,Coaching,Protect|||F|||50|,,,,,Stellar]Volcarona||Leftovers|FlameBody|HeatWave,TeraBlast,QuiverDance,Protect|||F|||50|,,,,,Fairy]Dragonite||LoadedDice|Multiscale|ScaleShot,ExtremeSpeed,Haze,Protect|||F|||50|,,,,,Steel]Electabuzz||Eviolite|VitalSpirit|Thunderbolt,Taunt,FollowMe,Protect|||F|||50|,,,,,Ghost]Rillaboom||AssaultVest|GrassySurge|WoodHammer,GrassyGlide,HighHorsepower,FakeOut|||M|||50|,,,,,Fire
|inactive|lelatez has 60 seconds left.
|inactive|nvboolbool has 60 seconds left.
|
|t:|1756998495
|teamsize|p1|4
|teamsize|p2|4
|start
|switch|p1a: Rillaboom|Rillaboom, L50, F|100/100
|switch|p1b: Hydreigon|Hydreigon, L50, F|100/100
|switch|p2a: Dragonite|Dragonite, L50, F|100/100
|switch|p2b: Kingambit|Kingambit, L50, M|100/100
|-fieldstart|move: Grassy Terrain|[from] ability: Grassy Surge|[of] p1a: Rillaboom
|turn|1
|
|t:|1756998508
|move|p2a: Dragonite|Protect|p2a: Dragonite
|-singleturn|p2a: Dragonite|Protect
|move|p1a: Rillaboom|Fake Out|p2a: Dragonite
|-activate|p2a: Dragonite|move: Protect
|move|p1b: Hydreigon|Tailwind|p1b: Hydreigon
|-sidestart|p1: lelatez|move: Tailwind
|move|p2b: Kingambit|Swords Dance|p2b: Kingambit
|-boost|p2b: Kingambit|atk|2
|
|upkeep
|turn|2
|inactive|lelatez has 30 seconds left.
|
|t:|1756998540
|switch|p2a: Electabuzz|Electabuzz, L50, F|100/100
|move|p1b: Hydreigon|Dark Pulse|p2a: Electabuzz
|-damage|p2a: Electabuzz|71/100
|move|p1a: Rillaboom|U-turn|p2b: Kingambit
|-damage|p2b: Kingambit|82/100
|
|t:|1756998549
|switch|p1a: Annihilape|Annihilape, L50, F|100/100|[from] U-turn
|move|p2b: Kingambit|Kowtow Cleave|p1a: Annihilape
|-damage|p1a: Annihilape|0 fnt
|faint|p1a: Annihilape
|
|-heal|p2a: Electabuzz|77/100|[from] Grassy Terrain
|-heal|p2b: Kingambit|87/100|[from] Grassy Terrain
|upkeep
|
|t:|1756998558
|switch|p1a: Rillaboom|Rillaboom, L50, F|100/100
|turn|3
|
|t:|1756998566
|move|p2b: Kingambit|Protect|p2b: Kingambit
|-singleturn|p2b: Kingambit|Protect
|move|p1a: Rillaboom|Fake Out|p2b: Kingambit
|-activate|p2b: Kingambit|move: Protect
|move|p1b: Hydreigon|Dark Pulse|p2a: Electabuzz
|-damage|p2a: Electabuzz|48/100
|move|p2a: Electabuzz|Taunt|p1b: Hydreigon
|-start|p1b: Hydreigon|move: Taunt
|
|-heal|p2a: Electabuzz|54/100|[from] Grassy Terrain
|-heal|p2b: Kingambit|93/100|[from] Grassy Terrain
|upkeep
|turn|4
|
|t:|1756998583
|-terastallize|p1a: Rillaboom|Grass
|move|p2a: Electabuzz|Follow Me|p2a: Electabuzz
|-singleturn|p2a: Electabuzz|move: Follow Me
|move|p1b: Hydreigon|Dark Pulse|p2a: Electabuzz
|-damage|p2a: Electabuzz|23/100
|move|p1a: Rillaboom|Wood Hammer|p2a: Electabuzz
|-damage|p2a: Electabuzz|0 fnt
|faint|p2a: Electabuzz
|-damage|p1a: Rillaboom|94/100|[from] Recoil
|move|p2b: Kingambit|Kowtow Cleave|p1a: Rillaboom
|-damage|p1a: Rillaboom|0 fnt
|faint|p1a: Rillaboom
|
|-heal|p2b: Kingambit|99/100|[from] Grassy Terrain
|-sideend|p1: lelatez|move: Tailwind
|upkeep
|
|t:|1756998598
|switch|p2a: Sneasler|Sneasler, L50, F|100/100
|switch|p1a: Arcanine|Arcanine, L50, F|100/100
|-ability|p1a: Arcanine|Intimidate|boost
|-unboost|p2a: Sneasler|atk|1
|-unboost|p2b: Kingambit|atk|1
|-ability|p2b: Kingambit|Defiant|boost
|-boost|p2b: Kingambit|atk|2
|turn|5
|
|t:|1756998608
|switch|p2a: Dragonite|Dragonite, L50, F|100/100
|-terastallize|p2b: Kingambit|Dark
|move|p1b: Hydreigon|Dark Pulse|p2b: Kingambit
|-resisted|p2b: Kingambit
|-damage|p2b: Kingambit|81/100
|move|p1a: Arcanine|Flare Blitz|p2b: Kingambit
|-damage|p2b: Kingambit|46/100
|-status|p2b: Kingambit|brn
|-damage|p1a: Arcanine|88/100|[from] Recoil
|move|p2b: Kingambit|Kowtow Cleave|p1a: Arcanine
|-damage|p1a: Arcanine|0 fnt
|faint|p1a: Arcanine
|
|-heal|p2b: Kingambit|52/100 brn|[from] Grassy Terrain
|-damage|p2b: Kingambit|46/100 brn|[from] brn
|-fieldend|move: Grassy Terrain
|upkeep
|turn|6
|
|t:|1756998629
|move|p1b: Hydreigon|Draco Meteor|p2b: Kingambit
|-damage|p2b: Kingambit|0 fnt
|-unboost|p1b: Hydreigon|spa|2
|faint|p2b: Kingambit
|move|p2a: Dragonite|Scale Shot|p1b: Hydreigon
|-supereffective|p1b: Hydreigon
|-damage|p1b: Hydreigon|70/100
|-supereffective|p1b: Hydreigon
|-damage|p1b: Hydreigon|39/100
|-supereffective|p1b: Hydreigon
|-damage|p1b: Hydreigon|8/100
|-supereffective|p1b: Hydreigon
|-damage|p1b: Hydreigon|0 fnt
|faint|p1b: Hydreigon
|-hitcount|p1: Hydreigon|4
|
|win|nvboolbool
