|inactive|Battle timer is ON: inactive players will automatically lose when time's up.
|html|ahollowxxEmbC29    
|uhtml|bestof|Game 2 of a best-of-3
|t:|1786043216
|gametype|doubles
|player|p1|ahollowxx|veteranf|
|player|p2|EmbC29|#splxclassiest|
|gen|9
|tier|[Gen 9 Champions] VGC 2026 Reg M-B (Bo3)
|rule|Species Clause: Limit one of each Pokémon
|rule|Item Clause: Limit 1 of each item
|clearpoke
|poke|p1|Charizard, L50, M|
|poke|p1|Floette-Eternal, L50, F|
|poke|p1|Whimsicott, L50, M, shiny|
|poke|p1|Kingambit, L50, M, shiny|
|poke|p1|Basculegion, L50, M, shiny|
|poke|p1|Garchomp, L50, F|
|poke|p2|Froslass, L50, F|
|poke|p2|Sneasler, L50, F|
|poke|p2|Kingambit, L50, F|
|poke|p2|Basculegion, L50, M|
|poke|p2|Bellibolt, L50, F|
|poke|p2|Dragonite, L50, F|
|teampreview|4
|showteam|p1|Charizard||CharizarditeY|Blaze|HeatWave,SolarBeam,WeatherBall,Protect|Modest||M|||50|]Floette-Eternal||Floettite|FlowerVeil|Protect,Moonblast,DazzlingGleam,LightofRuin|Modest||F|||50|]Whimsicott||FocusSash|Prankster|Moonblast,Tailwind,Encore,Protect|Timid||M|||50|]Kingambit||ChopleBerry|Defiant|KowtowCleave,LowKick,SuckerPunch,IronHead|Adamant||M|||50|]Basculegion||MysticWater|Adaptability|WaveCrash,LastRespects,AquaJet,Protect|Adamant||M|||50|]Garchomp||LifeOrb|RoughSkin|DragonClaw,Earthquake,RockSlide,Protect|Jolly||F|||50|
|showteam|p2|Froslass||Froslassite|CursedBody|Blizzard,ShadowBall,AuroraVeil,Protect|Timid||F|||50|]Sneasler||WhiteHerb|Unburden|CloseCombat,DireClaw,FakeOut,Protect|Adamant||F|||50|]Kingambit||BlackGlasses|Defiant|KowtowCleave,SuckerPunch,SwordsDance,Protect|Adamant||F|||50|]Basculegion||SitrusBerry|Adaptability|WaveCrash,LastRespects,AquaJet,Protect|Adamant||M|||50|]Bellibolt||Leftovers|Electromorphosis|Thunderbolt,ParabolicCharge,Soak,Protect|Modest||F|||50|]Dragonite||Dragoninite|Multiscale|DragonPulse,HeatWave,Tailwind,Protect|Modest||F|||50|
|inactive|EmbC29 has 60 seconds left.
|
|t:|1786043254
|teamsize|p1|4
|teamsize|p2|4
|start
|switch|p1a: Whimsicott|Whimsicott, L50, M, shiny|100/100
|switch|p1b: Charizard|Charizard, L50, M|100/100
|switch|p2a: Sneasler|Sneasler, L50, F|100/100
|switch|p2b: Dragonite|Dragonite, L50, F|100/100
|turn|1
|
|t:|1786043268
|switch|p1a: Basculegion|Basculegion, L50, M, shiny|100/100
|detailschange|p2b: Dragonite|Dragonite-Mega, L50, F
|-mega|p2b: Dragonite|Dragonite|Dragoninite
|detailschange|p1b: Charizard|Charizard-Mega-Y, L50, M
|-mega|p1b: Charizard|Charizard|Charizardite Y
|-weather|SunnyDay|[from] ability: Drought|[of] p1b: Charizard
|move|p2a: Sneasler|Dire Claw|p1b: Charizard
|-damage|p1b: Charizard|62/100
|move|p2b: Dragonite|Tailwind|p2b: Dragonite
|-sidestart|p2: EmbC29|move: Tailwind
|move|p1b: Charizard|Heat Wave|p2b: Dragonite|[spread] p2a,p2b
|-crit|p2a: Sneasler
|-resisted|p2b: Dragonite|1
|-crit|p2b: Dragonite
|-damage|p2a: Sneasler|1/100
|-damage|p2b: Dragonite|79/100
|
|-weather|SunnyDay|[upkeep]
|upkeep
|turn|2
|
|t:|1786043290
|switch|p2a: Basculegion|Basculegion, L50, M|100/100
|move|p1a: Basculegion|Aqua Jet|p2a: Basculegion
|-resisted|p2a: Basculegion|1
|-damage|p2a: Basculegion|91/100
|move|p2b: Dragonite|Heat Wave|p1b: Charizard|[spread] p1a,p1b
|-resisted|p1a: Basculegion|1
|-resisted|p1b: Charizard|1
|-damage|p1a: Basculegion|73/100
|-damage|p1b: Charizard|44/100
|move|p1b: Charizard|Heat Wave|p2b: Dragonite|[spread] p2a,p2b
|-resisted|p2a: Basculegion|1
|-crit|p2a: Basculegion
|-resisted|p2b: Dragonite|1
|-damage|p2a: Basculegion|49/100
|-damage|p2b: Dragonite|50/100g
|-enditem|p2a: Basculegion|Sitrus Berry|[eat]
|-heal|p2a: Basculegion|74/100|[from] item: Sitrus Berry
|
|-weather|SunnyDay|[upkeep]
|upkeep
|turn|3
|
|t:|1786043302
|move|p1a: Basculegion|Protect|p1a: Basculegion
|-singleturn|p1a: Basculegion|Protect
|move|p2b: Dragonite|Dragon Pulse|p1b: Charizard
|-damage|p1b: Charizard|0 fnt
|faint|p1b: Charizard
|move|p2a: Basculegion|Last Respects|p1a: Basculegion
|-activate|p1a: Basculegion|move: Protect
|
|-weather|SunnyDay|[upkeep]
|upkeep
|
|t:|1786043309
|switch|p1b: Whimsicott|Whimsicott, L50, M, shiny|100/100
|turn|4
|
|t:|1786043315
|switch|p2a: Kingambit|Kingambit, L50, F|100/100
|move|p1b: Whimsicott|Tailwind|p1b: Whimsicott
|-sidestart|p1: ahollowxx|move: Tailwind
|move|p2b: Dragonite|Heat Wave|p1a: Basculegion|[spread] p1a,p1b
|-resisted|p1a: Basculegion|1
|-supereffective|p1b: Whimsicott|1
|-damage|p1a: Basculegion|50/100g
|-enditem|p1b: Whimsicott|Focus Sash
|-damage|p1b: Whimsicott|1/100
|-status|p1b: Whimsicott|brn
|move|p1a: Basculegion|Last Respects|p2a: Kingambit
|-resisted|p2a: Kingambit|1
|-damage|p2a: Kingambit|74/100
|
|-weather|SunnyDay|[upkeep]
|-damage|p1b: Whimsicott|0 fnt|[from] brn
|faint|p1b: Whimsicott
|-sideend|p2: EmbC29|move: Tailwind
|upkeep
|
|t:|1786043317
|switch|p1b: Kingambit|Kingambit, L50, M, shiny|100/100
|turn|5
|
|t:|1786043330
|move|p1a: Basculegion|Aqua Jet|p2b: Dragonite
|-resisted|p2b: Dragonite|1
|-crit|p2b: Dragonite
|-damage|p2b: Dragonite|38/100
|move|p2a: Kingambit|Sucker Punch||[still]
|-fail|p2a: Kingambit
|move|p1b: Kingambit|Kowtow Cleave|p2b: Dragonite
|-crit|p2b: Dragonite
|-damage|p2b: Dragonite|0 fnt
|faint|p2b: Dragonite
|
|-weather|none
|upkeep
|inactive|EmbC29 has 30 seconds left.
|inactive|EmbC29 has 20 seconds left.
|inactive|EmbC29 has 15 seconds left.
|inactive|EmbC29 has 10 seconds left.
|
|t:|1786043380
|switch|p2b: Sneasler|Sneasler, L50, F|1/100
|turn|6
|inactive|EmbC29 has 30 seconds left.
|inactive|EmbC29 has 20 seconds left.
|inactive|EmbC29 has 15 seconds left.
|
|t:|1786043423
|move|p2b: Sneasler|Fake Out|p1b: Kingambit
|-resisted|p1b: Kingambit|1
|-damage|p1b: Kingambit|95/100
|move|p1a: Basculegion|Aqua Jet|p2b: Sneasler
|-damage|p2b: Sneasler|0 fnt
|faint|p2b: Sneasler
|cant|p1b: Kingambit|flinch
|move|p2a: Kingambit|Kowtow Cleave|p1a: Basculegion
|-supereffective|p1a: Basculegion|1
|-damage|p1a: Basculegion|0 fnt
|faint|p1a: Basculegion
|
|upkeep
|
|t:|1786043426
|switch|p2b: Basculegion|Basculegion, L50, M|74/100
|turn|7
|inactive|EmbC29 has 30 seconds left.
|
|t:|1786043451
|move|p2b: Basculegion|Protect|p2b: Basculegion
|-singleturn|p2b: Basculegion|Protect
|move|p2a: Kingambit|Protect|p2a: Kingambit
|-singleturn|p2a: Kingambit|Protect
|move|p1b: Kingambit|Sucker Punch||[still]
|-fail|p1b: Kingambit
|
|-sideend|p1: ahollowxx|move: Tailwind
|upkeep
|turn|8
|
|t:|1786043464
|move|p2b: Basculegion|Wave Crash|p1b: Kingambit
|-damage|p1b: Kingambit|32/100
|-damage|p2b: Basculegion|57/100|[from] Recoil
|move|p1b: Kingambit|Kowtow Cleave|p2b: Basculegion
|-supereffective|p2b: Basculegion|1
|-damage|p2b: Basculegion|0 fnt
|faint|p2b: Basculegion
|move|p2a: Kingambit|Kowtow Cleave|p1b: Kingambit
|-resisted|p1b: Kingambit|1
|-damage|p1b: Kingambit|10/100
|
|upkeep
|turn|9
|
|t:|1786043470
|move|p2a: Kingambit|Protect|p2a: Kingambit
|-singleturn|p2a: Kingambit|Protect
|move|p1b: Kingambit|Sucker Punch||[still]
|-fail|p1b: Kingambit
|
|upkeep
|turn|10
|
|t:|1786043477
|move|p1b: Kingambit|Sucker Punch|p2a: Kingambit
|-resisted|p2a: Kingambit|1
|-damage|p2a: Kingambit|59/100
|move|p2a: Kingambit|Sucker Punch||[still]
|-fail|p2a: Kingambit
|
|upkeep
|turn|11
|
|t:|1786043481
|move|p2a: Kingambit|Protect|p2a: Kingambit
|-singleturn|p2a: Kingambit|Protect
|move|p1b: Kingambit|Low Kick|p2a: Kingambit
|-activate|p2a: Kingambit|move: Protect
|
|upkeep
|turn|12
|
|t:|1786043484
|move|p1b: Kingambit|Low Kick|p2a: Kingambit
|-supereffective|p2a: Kingambit|2
|-crit|p2a: Kingambit
|-damage|p2a: Kingambit|0 fnt
|faint|p2a: Kingambit
|
|win|ahollowxx
|c|☆EmbC29|ggs
|c|☆ahollowxx|gg
