|inactive|Battle timer is ON: inactive players will automatically lose when time's up.
|html|NanandesLarry of the Moon    
|uhtml|bestof|Game 2 of a best-of-3
|t:|1785697640
|gametype|doubles
|player|p1|Nanandes|steven-masters|
|player|p2|Larry of the Moon|lucas|
|gen|9
|tier|[Gen 9 Champions] VGC 2026 Reg M-B (Bo3)
|rule|Species Clause: Limit one of each Pokémon
|rule|Item Clause: Limit 1 of each item
|clearpoke
|poke|p1|Staraptor, L50, F|
|poke|p1|Garchomp, L50, M|
|poke|p1|Whimsicott, L50, M|
|poke|p1|Delphox, L50, M|
|poke|p1|Glimmora, L50, F|
|poke|p1|Kingambit, L50, F, shiny|
|poke|p2|Kingambit, L50, F|
|poke|p2|Charizard, L50, M|
|poke|p2|Aerodactyl, L50, M|
|poke|p2|Farigiraf, L50, F|
|poke|p2|Garchomp, L50, F|
|poke|p2|Sylveon, L50, M|
|teampreview|4
|showteam|p1|Staraptor||Staraptite|Intimidate|Protect,Roost,CloseCombat,BraveBird|Jolly||F|||50|]Garchomp||LifeOrb|RoughSkin|Protect,RockSlide,Earthquake,DragonClaw|Jolly||M|||50|]Whimsicott||OccaBerry|Prankster|Moonblast,Tailwind,Charm,LightScreen|Timid||M|||50|]Delphox||Delphoxite|Magician|Protect,Psychic,HeatWave,Substitute|Timid||M|||50|]Glimmora||FocusSash|ToxicDebris|SpikyShield,EarthPower,PowerGem,SludgeBomb|Timid||F|||50|]Kingambit||ChopleBerry|Defiant|KowtowCleave,IronHead,SuckerPunch,LowKick|Adamant||F|||50|
|showteam|p2|Kingambit||FocusSash|Defiant|KowtowCleave,IronHead,SuckerPunch,LowKick|Adamant||F|||50|]Charizard||CharizarditeY|Blaze|HeatWave,SolarBeam,WeatherBall,Protect|Modest||M|||50|]Aerodactyl||Aerodactylite|Unnerve|RockSlide,DualWingbeat,IceFang,Tailwind|Jolly||M|||50|]Farigiraf||SitrusBerry|ArmorTail|Psychic,Thunderbolt,TrickRoom,Protect|Bold||F|||50|]Garchomp||LifeOrb|RoughSkin|Earthquake,DragonClaw,StompingTantrum,Protect|Jolly||F|||50|]Sylveon||FairyFeather|Pixilate|HyperVoice,HyperBeam,QuickAttack,Protect|Modest||M|||50|
|c|+Envy|hf
|raw|Moderated chat was set to ☆!Only users of rank ☆ and higher can talk.
|inactive|Larry of the Moon has 60 seconds left.
|
|t:|1785697672
|teamsize|p1|4
|teamsize|p2|4
|start
|switch|p1a: Staraptor|Staraptor, L50, F|100/100
|switch|p1b: Whimsicott|Whimsicott, L50, M|100/100
|switch|p2a: Aerodactyl|Aerodactyl, L50, M|100/100
|switch|p2b: Sylveon|Sylveon, L50, M|100/100
|-ability|p2a: Aerodactyl|Unnerve
|-ability|p1a: Staraptor|Intimidate|boost
|-unboost|p2a: Aerodactyl|atk|1
|-unboost|p2b: Sylveon|atk|1
|turn|1
|
|t:|1785697689
|detailschange|p2a: Aerodactyl|Aerodactyl-Mega, L50, M
|-mega|p2a: Aerodactyl|Aerodactyl|Aerodactylite
|detailschange|p1a: Staraptor|Staraptor-Mega, L50, F
|-mega|p1a: Staraptor|Staraptor|Staraptite
|move|p1a: Staraptor|Protect|p1a: Staraptor
|-singleturn|p1a: Staraptor|Protect
|move|p1b: Whimsicott|Tailwind|p1b: Whimsicott
|-sidestart|p1: Nanandes|move: Tailwind
|move|p2a: Aerodactyl|Tailwind|p2a: Aerodactyl
|-sidestart|p2: Larry of the Moon|move: Tailwind
|move|p2b: Sylveon|Hyper Voice|p1b: Whimsicott|[spread] p1b
|-activate|p1a: Staraptor|move: Protect
|-damage|p1b: Whimsicott|32/100
|
|upkeep
|turn|2
|inactive|Larry of the Moon has 30 seconds left.
|inactive|Larry of the Moon has 20 seconds left.
|inactive|Larry of the Moon has 15 seconds left.
|inactive|Larry of the Moon has 10 seconds left.
|
|t:|1785697734
|switch|p1a: Glimmora|Glimmora, L50, F|100/100
|move|p1b: Whimsicott|Light Screen|p1b: Whimsicott
|-sidestart|p1: Nanandes|move: Light Screen
|move|p2a: Aerodactyl|Dual Wingbeat|p1a: Glimmora
|-resisted|p1a: Glimmora|1
|-damage|p1a: Glimmora|89/100
|-activate|p1a: Glimmora|ability: Toxic Debris
|-sidestart|p2: Larry of the Moon|move: Toxic Spikes
|-resisted|p1a: Glimmora|1
|-damage|p1a: Glimmora|78/100
|-activate|p1a: Glimmora|ability: Toxic Debris
|-sidestart|p2: Larry of the Moon|move: Toxic Spikes
|-hitcount|p1a: Glimmora|2
|move|p2b: Sylveon|Hyper Voice|p1a: Glimmora|[spread] p1a,p1b
|-resisted|p1a: Glimmora|1
|-damage|p1a: Glimmora|55/100
|-damage|p1b: Whimsicott|0 fnt
|faint|p1b: Whimsicott
|
|upkeep
|
|t:|1785697747
|switch|p1b: Kingambit|Kingambit, L50, F, shiny|100/100
|turn|3
|
|t:|1785697773
|switch|p2b: Kingambit|Kingambit, L50, F|100/100
|move|p2a: Aerodactyl|Rock Slide|p1b: Kingambit|[spread] p1a,p1b
|-resisted|p1b: Kingambit|1
|-damage|p1a: Glimmora|33/100
|-damage|p1b: Kingambit|92/100
|move|p1a: Glimmora|Sludge Bomb|p2b: Kingambit
|-immune|p2b: Kingambit
|move|p1b: Kingambit|Low Kick|p2b: Kingambit
|-supereffective|p2b: Kingambit|2
|-enditem|p2b: Kingambit|Focus Sash
|-damage|p2b: Kingambit|1/100
|
|upkeep
|turn|4
|
|t:|1785697793
|move|p1a: Glimmora|Spiky Shield|p1a: Glimmora
|-singleturn|p1a: Glimmora|move: Protect
|move|p2b: Kingambit|Sucker Punch||[still]
|-fail|p2b: Kingambit
|move|p2a: Aerodactyl|Rock Slide|p1b: Kingambit|[spread] p1b
|-activate|p1a: Glimmora|move: Protect
|-resisted|p1b: Kingambit|1
|-crit|p1b: Kingambit
|-damage|p1b: Kingambit|78/100
|move|p1b: Kingambit|Iron Head|p2b: Kingambit
|-resisted|p2b: Kingambit|1
|-damage|p2b: Kingambit|0 fnt
|faint|p2b: Kingambit
|
|-sideend|p2: Larry of the Moon|move: Tailwind
|-sideend|p1: Nanandes|move: Tailwind
|upkeep
|inactive|Larry of the Moon has 30 seconds left.
|inactive|Larry of the Moon has 20 seconds left.
|inactive|Larry of the Moon has 15 seconds left.
|
|t:|1785697835
|switch|p2b: Sylveon|Sylveon, L50, M|100/100
|-status|p2b: Sylveon|tox
|turn|5
|
|t:|1785697846
|move|p2a: Aerodactyl|Rock Slide|p1b: Kingambit|[spread] p1a,p1b
|-resisted|p1b: Kingambit|1
|-damage|p1a: Glimmora|14/100
|-damage|p1b: Kingambit|72/100
|move|p1a: Glimmora|Power Gem|p2a: Aerodactyl
|-supereffective|p2a: Aerodactyl|1
|-damage|p2a: Aerodactyl|19/100
|move|p2b: Sylveon|Hyper Voice|p1b: Kingambit|[spread] p1a,p1b
|-resisted|p1a: Glimmora|1
|-damage|p1a: Glimmora|0 fnt
|-damage|p1b: Kingambit|43/100
|faint|p1a: Glimmora
|move|p1b: Kingambit|Iron Head|p2b: Sylveon
|-supereffective|p2b: Sylveon|1
|-damage|p2b: Sylveon|0 fnt
|faint|p2b: Sylveon
|
|upkeep
|
|t:|1785697860
|switch|p1a: Staraptor|Staraptor-Mega, L50, F|100/100
|switch|p2b: Farigiraf|Farigiraf, L50, F|100/100
|-status|p2b: Farigiraf|tox
|turn|6
|
|t:|1785697874
|move|p2a: Aerodactyl|Rock Slide|p1a: Staraptor|[spread] p1a,p1b
|-resisted|p1b: Kingambit|1
|-damage|p1a: Staraptor|82/100
|-damage|p1b: Kingambit|37/100
|move|p1a: Staraptor|Close Combat|p2a: Aerodactyl
|-damage|p2a: Aerodactyl|0 fnt
|-boost|p1a: Staraptor|def|1
|-boost|p1a: Staraptor|spd|1
|faint|p2a: Aerodactyl
|move|p2b: Farigiraf|Psychic|p1a: Staraptor
|-supereffective|p1a: Staraptor|1
|-damage|p1a: Staraptor|50/100g
|move|p1b: Kingambit|Kowtow Cleave|p2b: Farigiraf
|-supereffective|p2b: Farigiraf|1
|-damage|p2b: Farigiraf|24/100 tox
|-enditem|p2b: Farigiraf|Sitrus Berry|[eat]
|-heal|p2b: Farigiraf|49/100 tox|[from] item: Sitrus Berry
|
|-damage|p2b: Farigiraf|43/100 tox|[from] psn
|-sideend|p1: Nanandes|move: Light Screen
|upkeep
|turn|7
|-message|Larry of the Moon forfeited.
|
|win|Nanandes
|c|☆Larry of the Moon|gg
|c|☆Nanandes|gg
|player|p2|
|player|p1|
|player|p2|Larry of the Moon|lucas|
|player|p1|Nanandes|steven-masters|
