|inactive|Battle timer is ON: inactive players will automatically lose when time's up.
|badge|p1|bronze|gen9ubers|100-10
|uhtml|medal-msg|Curious what those medals under the avatar are? PS now has Ladder Seasons! For more information, check out the thread on Smogon.
|html|Calmmind75Tsuki    
|uhtml|bestof|Game 1 of a best-of-3
|t:|1783882557
|gametype|doubles
|player|p1|Calmmind75|shauntal-masters|
|player|p2|Tsuki|jacinthe|
|gen|9
|tier|[Gen 9 Champions] VGC 2026 Reg M-B (Bo3)
|rule|Species Clause: Limit one of each Pokémon
|rule|Item Clause: Limit 1 of each item
|clearpoke
|poke|p1|Raichu, L50, M|
|poke|p1|Garchomp, L50, F|
|poke|p1|Gyarados, L50, M|
|poke|p1|Sylveon, L50, M|
|poke|p1|Gholdengo, L50|
|poke|p1|Incineroar, L50, M|
|poke|p2|Metagross, L50|
|poke|p2|Whimsicott, L50, M|
|poke|p2|Garchomp, L50, F|
|poke|p2|Staraptor, L50, M|
|poke|p2|Basculegion, L50, M|
|poke|p2|Incineroar, L50, M|
|teampreview|4
|showteam|p1|Raichu||RaichuniteY|LightningRod|ZapCannon,FocusBlast,FakeOut,Protect|Timid||M|||50|]Garchomp||RoseliBerry|RoughSkin|DragonClaw,StompingTantrum,Earthquake,Protect|Jolly||F|||50|]Gyarados||SitrusBerry|Intimidate|Waterfall,IceFang,PowerWhip,Protect|Adamant||M|||50|]Sylveon||FairyFeather|Pixilate|HyperVoice,HyperBeam,Yawn,Detect|Modest||M|||50|]Gholdengo||LifeOrb|GoodasGold|MakeItRain,Hex,NastyPlot,Protect|Timid|||||50|]Incineroar||Charcoal|Intimidate|FlareBlitz,ThroatChop,PartingShot,FakeOut|Adamant||M|||50|
|showteam|p2|Metagross||Metagrossite|ClearBody|IronHead,IcePunch,StompingTantrum,Protect|Jolly|||||50|]Whimsicott||FocusSash|Prankster|Moonblast,Tickle,Tailwind,Protect|Timid||M|||50|]Garchomp||RoseliBerry|RoughSkin|DragonClaw,PoisonJab,StompingTantrum,RockTomb|Jolly||F|||50|]Staraptor||Staraptite|Intimidate|CloseCombat,BraveBird,Roost,Protect|Jolly||M|||50|]Basculegion||MysticWater|SwiftSwim|WaveCrash,LastRespects,AquaJet,Protect|Adamant||M|||50|]Incineroar||SitrusBerry|Intimidate|FlareBlitz,DarkestLariat,PartingShot,FakeOut|Careful||M|||50|
|c|☆Tsuki|hf
|inactive|Calmmind75 has 60 seconds left.
|inactive|Tsuki has 60 seconds left.
|c|☆Calmmind75|hf
|inactive|Calmmind75 has 30 seconds left.
|inactive|Tsuki has 30 seconds left.
|inactive|Calmmind75 has 20 seconds left.
|inactive|Calmmind75 has 15 seconds left.
|inactive|Calmmind75 has 10 seconds left.
|
|t:|1783882641
|teamsize|p1|4
|teamsize|p2|4
|start
|switch|p1a: Incineroar|Incineroar, L50, M|100/100
|switch|p1b: Sylveon|Sylveon, L50, M|100/100
|switch|p2a: Whimsicott|Whimsicott, L50, M|100/100
|switch|p2b: Garchomp|Garchomp, L50, F|100/100
|-ability|p1a: Incineroar|Intimidate|boost
|-unboost|p2a: Whimsicott|atk|1
|-unboost|p2b: Garchomp|atk|1
|turn|1
|c|+shatoor0|Go calm
|inactive|Calmmind75 has 30 seconds left.
|inactive|Tsuki has 30 seconds left.
|
|t:|1783882668
|move|p1a: Incineroar|Fake Out|p2b: Garchomp
|-damage|p2b: Garchomp|85/100
|-damage|p1a: Incineroar|87/100|[from] ability: Rough Skin|[of] p2b: Garchomp
|move|p2a: Whimsicott|Moonblast|p1a: Incineroar
|-damage|p1a: Incineroar|49/100
|cant|p2b: Garchomp|flinch
|move|p1b: Sylveon|Hyper Voice|p2a: Whimsicott|[spread] p2a,p2b
|-supereffective|p2b: Garchomp|1
|-enditem|p2b: Garchomp|Roseli Berry|[eat]
|-enditem|p2b: Garchomp|Roseli Berry|[weaken]
|-damage|p2a: Whimsicott|12/100
|-damage|p2b: Garchomp|26/100
|
|upkeep
|turn|2
|
|t:|1783882687
|move|p2a: Whimsicott|Tailwind|p2a: Whimsicott
|-sidestart|p2: Tsuki|move: Tailwind
|move|p2b: Garchomp|Poison Jab|p1b: Sylveon
|-supereffective|p1b: Sylveon|1
|-crit|p1b: Sylveon
|-damage|p1b: Sylveon|0 fnt
|faint|p1b: Sylveon
|move|p1a: Incineroar|Parting Shot|p2b: Garchomp
|-unboost|p2b: Garchomp|atk|1
|-unboost|p2b: Garchomp|spa|1
|c|☆Calmmind75|welp thats nice
|
|t:|1783882707
|switch|p1a: Gholdengo|Gholdengo, L50|100/100|[from] Parting Shot
|
|upkeep
|
|t:|1783882709
|switch|p1b: Incineroar|Incineroar, L50, M|49/100
|-ability|p1b: Incineroar|Intimidate|boost
|-unboost|p2a: Whimsicott|atk|1
|-unboost|p2b: Garchomp|atk|1
|turn|3
|
|t:|1783882720
|move|p2a: Whimsicott|Moonblast|p1b: Incineroar
|-damage|p1b: Incineroar|11/100
|move|p2b: Garchomp|Stomping Tantrum|p1a: Gholdengo
|-supereffective|p1a: Gholdengo|1
|-damage|p1a: Gholdengo|63/100
|move|p1a: Gholdengo|Nasty Plot|p1a: Gholdengo
|-boost|p1a: Gholdengo|spa|2
|move|p1b: Incineroar|Parting Shot|p2a: Whimsicott
|-unboost|p2a: Whimsicott|atk|1
|-unboost|p2a: Whimsicott|spa|1
|
|t:|1783882722
|switch|p1b: Raichu|Raichu, L50, M|100/100|[from] Parting Shot
|
|upkeep
|turn|4
|
|t:|1783882743
|detailschange|p1b: Raichu|Raichu-Mega-Y, L50, M
|-mega|p1b: Raichu|Raichu|Raichunite Y
|move|p2a: Whimsicott|Protect|p2a: Whimsicott
|-singleturn|p2a: Whimsicott|Protect
|move|p1b: Raichu|Fake Out|p2b: Garchomp
|-damage|p2b: Garchomp|18/100
|-damage|p1b: Raichu|87/100|[from] ability: Rough Skin|[of] p2b: Garchomp
|cant|p2b: Garchomp|flinch
|move|p1a: Gholdengo|Hex|p2a: Whimsicott
|-activate|p2a: Whimsicott|move: Protect
|
|upkeep
|turn|5
|
|t:|1783882766
|switch|p2a: Basculegion|Basculegion, L50, M|100/100
|switch|p1b: Incineroar|Incineroar, L50, M|11/100
|-ability|p1b: Incineroar|Intimidate|boost
|-unboost|p2a: Basculegion|atk|1
|-unboost|p2b: Garchomp|atk|1
|move|p2b: Garchomp|Stomping Tantrum|p1a: Gholdengo
|-supereffective|p1a: Gholdengo|1
|-damage|p1a: Gholdengo|1/100
|move|p1a: Gholdengo|Make It Rain|p2a: Basculegion|[spread] p2a
|-miss|p1a: Gholdengo|p2b: Garchomp
|-resisted|p2a: Basculegion|1
|-damage|p2a: Basculegion|27/100
|-unboost|p1a: Gholdengo|spa|2
|-damage|p1a: Gholdengo|0 fnt|[from] item: Life Orb
|faint|p1a: Gholdengo
|
|-sideend|p2: Tsuki|move: Tailwind
|upkeep
|-message|Calmmind75 forfeited.
|
|win|Tsuki
||Calmmind75 is ready for game 2.
||Tsuki is ready for game 2.
|uhtml|next|Next: Game 2 of 3
|player|p2|
