|inactive|Battle timer is ON: inactive players will automatically lose when time's up.
|badge|p1|silver|gen9doublesou|30-10
|uhtml|medal-msg|Curious what those medals under the avatar are? PS now has Ladder Seasons! For more information, check out the thread on Smogon.
|html|Kiogrus24duben    
|uhtml|bestof|Game 2 of a best-of-3
|t:|1783881796
|gametype|doubles
|player|p1|Kiogrus24|pokemaniac-gen2|
|player|p2|duben|rosa|
|gen|9
|tier|[Gen 9 Champions] VGC 2026 Reg M-B (Bo3)
|rule|Species Clause: Limit one of each Pokémon
|rule|Item Clause: Limit 1 of each item
|clearpoke
|poke|p1|Sneasler, L50, M|
|poke|p1|Blastoise, L50, M|
|poke|p1|Kingambit, L50, M|
|poke|p1|Incineroar, L50, M|
|poke|p1|Delphox, L50, F|
|poke|p1|Sinistcha, L50|
|poke|p2|Gengar, L50, M|
|poke|p2|Swampert, L50, M|
|poke|p2|Incineroar, L50, F|
|poke|p2|Politoed, L50, F|
|poke|p2|Archaludon, L50, F|
|poke|p2|Vivillon, L50, F|
|teampreview|4
|showteam|p1|Sneasler||FocusSash|PoisonTouch|DireClaw,CloseCombat,FakeOut,QuickGuard|Jolly||M|||50|]Blastoise||Blastoisinite|RainDish|DarkPulse,WaterSpout,ShellSmash,Protect|Modest||M|||50|]Kingambit||BlackGlasses|Defiant|KowtowCleave,SuckerPunch,SwordsDance,Protect|Adamant||M|||50|]Incineroar||SitrusBerry|Intimidate|FlareBlitz,HelpingHand,PartingShot,FakeOut|Careful||M|||50|]Delphox||Delphoxite|Blaze|HeatWave,NastyPlot,Psyshock,Protect|Timid||F|||50|]Sinistcha||OccaBerry|Hospitality|MatchaGotcha,RagePowder,TrickRoom,Protect|Bold|||||50|
|showteam|p2|Gengar||Gengarite|CursedBody|ShadowBall,PerishSong,SludgeBomb,Protect|Timid||M|||50|]Swampert||Swampertite|Torrent|WaveCrash,Earthquake,IcePunch,Protect|Adamant||M|||50|]Incineroar||PasshoBerry|Intimidate|ThroatChop,PartingShot,FakeOut,Protect|Sassy||F|||50|]Politoed||SitrusBerry|Drizzle|WeatherBall,PerishSong,Encore,Protect|Calm||F|||50|]Archaludon||Leftovers|Stamina|DragonPulse,FlashCannon,ElectroShot,Protect|Bold||F|||50|]Vivillon||FocusSash|CompoundEyes|Hurricane,SleepPowder,RagePowder,Protect|Timid||F|||50|
|c|+wssi|LETS GO KIOGRUS, GOAT
|inactive|Kiogrus24 has 60 seconds left.
|inactive|duben has 60 seconds left.
|c|+Nasir1|Kyoat
|c|+wssi|kyoat
|
|t:|1783881848
|teamsize|p1|4
|teamsize|p2|4
|start
|switch|p1a: Incineroar|Incineroar, L50, M|100/100
|switch|p1b: Blastoise|Blastoise, L50, M|100/100
|switch|p2a: Politoed|Politoed, L50, F|100/100
|switch|p2b: Vivillon|Vivillon, L50, F|100/100
|-ability|p1a: Incineroar|Intimidate|boost
|-unboost|p2a: Politoed|atk|1
|-unboost|p2b: Vivillon|atk|1
|-weather|RainDance|[from] ability: Drizzle|[of] p2a: Politoed
|turn|1
|c|+Nasir1|i j noticed i missed the opportunity to say kyogoat
|inactive|Kiogrus24 has 30 seconds left.
|
|t:|1783881876
|detailschange|p1b: Blastoise|Blastoise-Mega, L50, M
|-mega|p1b: Blastoise|Blastoise|Blastoisinite
|move|p2b: Vivillon|Protect|p2b: Vivillon
|-singleturn|p2b: Vivillon|Protect
|move|p1a: Incineroar|Fake Out|p2b: Vivillon
|-activate|p2b: Vivillon|move: Protect
|move|p1b: Blastoise|Water Spout|p2a: Politoed|[spread] p2a
|-activate|p2b: Vivillon|move: Protect
|-resisted|p2a: Politoed|1
|-damage|p2a: Politoed|61/100
|move|p2a: Politoed|Encore|p1b: Blastoise
|-start|p1b: Blastoise|Encore
|
|-weather|RainDance|[upkeep]
|upkeep
|turn|2
|inactive|Kiogrus24 has 30 seconds left.
|
|t:|1783881908
|move|p2b: Vivillon|Sleep Powder|p1b: Blastoise
|-status|p1b: Blastoise|slp|[from] move: Sleep Powder
|cant|p1b: Blastoise|slp
|move|p1a: Incineroar|Flare Blitz|p2b: Vivillon
|-supereffective|p2b: Vivillon|1
|-damage|p2b: Vivillon|5/100
|-damage|p1a: Incineroar|76/100|[from] Recoil
|move|p2a: Politoed|Weather Ball|p1a: Incineroar
|-supereffective|p1a: Incineroar|1
|-damage|p1a: Incineroar|0 fnt
|faint|p1a: Incineroar
|
|-weather|RainDance|[upkeep]
|upkeep
|c|+SouCarlos|UKRyD
|
|t:|1783881917
|switch|p1a: Sneasler|Sneasler, L50, M|100/100
|turn|3
|c|+Nasir1|UKRyD
|inactive|duben has 30 seconds left.
|
|t:|1783881944
|move|p1a: Sneasler|Close Combat|p2b: Vivillon
|-resisted|p2b: Vivillon|2
|-damage|p2b: Vivillon|0 fnt
|-unboost|p1a: Sneasler|def|1
|-unboost|p1a: Sneasler|spd|1
|faint|p2b: Vivillon
|cant|p1b: Blastoise|slp
|move|p2a: Politoed|Weather Ball|p1a: Sneasler
|-damage|p1a: Sneasler|6/100
|
|-weather|RainDance|[upkeep]
|upkeep
|
|t:|1783881948
|switch|p2b: Swampert|Swampert, L50, M|100/100
|turn|4
|c|+UKRyD|hello
|
|t:|1783881965
|switch|p1a: Sinistcha|Sinistcha, L50|100/100
|detailschange|p2b: Swampert|Swampert-Mega, L50, M
|-mega|p2b: Swampert|Swampert|Swampertite
|move|p2a: Politoed|Protect|p2a: Politoed
|-singleturn|p2a: Politoed|Protect
|move|p2b: Swampert|Earthquake|p1a: Sinistcha|[spread] p1a,p1b
|-activate|p2a: Politoed|move: Protect
|-resisted|p1a: Sinistcha|1
|-damage|p1a: Sinistcha|81/100
|-damage|p1b: Blastoise|52/100 slp
|-curestatus|p1b: Blastoise|slp|[msg]
|move|p1b: Blastoise|Water Spout|p2a: Politoed|[spread] p2b
|-activate|p2a: Politoed|move: Protect
|-damage|p2b: Swampert|51/100
|
|-weather|RainDance|[upkeep]
|-end|p1b: Blastoise|Encore
|upkeep
|turn|5
|c|+Nasir1|how r u today man?
|c|+UKRyD|good chillin, u ?
|inactive|Kiogrus24 has 30 seconds left.
|inactive|duben has 30 seconds left.
|inactive|Kiogrus24 has 20 seconds left.
|c|+Nasir1|p nice, watching ur teammate play vgc
|inactive|Kiogrus24 has 15 seconds left.
|
|t:|1783882005
|switch|p2a: Archaludon|Archaludon, L50, F|100/100
|move|p2b: Swampert|Ice Punch|p1a: Sinistcha
|-supereffective|p1a: Sinistcha|1
|-damage|p1a: Sinistcha|30/100
|move|p1b: Blastoise|Dark Pulse|p2a: Archaludon
|-damage|p2a: Archaludon|54/100
|-ability|p2a: Archaludon|Stamina|boost
|-boost|p2a: Archaludon|def|1
|move|p1a: Sinistcha|Matcha Gotcha|p2b: Swampert|[spread] p2a,p2b
|-resisted|p2a: Archaludon|2
|-supereffective|p2b: Swampert|2
|-damage|p2a: Archaludon|48/100
|-heal|p1a: Sinistcha|34/100|[from] drain|[of] p2a: Archaludon
|-damage|p2b: Swampert|0 fnt
|-heal|p1a: Sinistcha|61/100|[from] drain|[of] p2b: Swampert
|-ability|p2a: Archaludon|Stamina|boost
|-boost|p2a: Archaludon|def|1
|faint|p2b: Swampert
|
|-weather|none
|-heal|p2a: Archaludon|54/100|[from] item: Leftovers
|upkeep
|
|t:|1783882011
|switch|p2b: Politoed|Politoed, L50, F|61/100
|-weather|RainDance|[from] ability: Drizzle|[of] p2b: Politoed
|turn|6
|c|+UKRyD|thats ur teamate too
|c|+SouCarlos|Hello UKRyD
|c|+UKRyD|hello
|c|+SouCarlos|How are you?
|c|+Nasir1|it is inded
|c|+UKRyD|good i am chillin, u?
|inactive|duben has 30 seconds left.
|c|+SouCarlos|I good too
|inactive|duben has 20 seconds left.
|inactive|duben has 15 seconds left.
|inactive|duben has 10 seconds left.
|
|t:|1783882057
|move|p1a: Sinistcha|Rage Powder|p1a: Sinistcha
|-singleturn|p1a: Sinistcha|move: Rage Powder
|move|p1b: Blastoise|Shell Smash|p1b: Blastoise
|-unboost|p1b: Blastoise|def|1
|-unboost|p1b: Blastoise|spd|1
|-boost|p1b: Blastoise|atk|2
|-boost|p1b: Blastoise|spa|2
|-boost|p1b: Blastoise|spe|2
|move|p2a: Archaludon|Electro Shot||[still]
|-prepare|p2a: Archaludon|Electro Shot
|-boost|p2a: Archaludon|spa|1
|-anim|p2a: Archaludon|Electro Shot|p1a: Sinistcha
|-resisted|p1a: Sinistcha|1
|-damage|p1a: Sinistcha|30/100
|move|p2b: Politoed|Weather Ball|p1a: Sinistcha
|-resisted|p1a: Sinistcha|1
|-damage|p1a: Sinistcha|3/100
|
|-weather|RainDance|[upkeep]
|-heal|p2a: Archaludon|60/100|[from] item: Leftovers
|upkeep
|turn|7
|inactive|duben has 30 seconds left.
|
|t:|1783882084
|move|p2a: Archaludon|Protect|p2a: Archaludon
|-singleturn|p2a: Archaludon|Protect
|move|p1a: Sinistcha|Rage Powder|p1a: Sinistcha
|-singleturn|p1a: Sinistcha|move: Rage Powder
|move|p1b: Blastoise|Dark Pulse|p2a: Archaludon
|-activate|p2a: Archaludon|move: Protect
|move|p2b: Politoed|Weather Ball|p1a: Sinistcha
|-resisted|p1a: Sinistcha|1
|-damage|p1a: Sinistcha|0 fnt
|faint|p1a: Sinistcha
|
|-weather|RainDance|[upkeep]
|-heal|p2a: Archaludon|66/100|[from] item: Leftovers
|upkeep
|
|t:|1783882086
|switch|p1a: Sneasler|Sneasler, L50, M|6/100
|turn|8
|
|t:|1783882108
|move|p2a: Archaludon|Protect|p2a: Archaludon
|-singleturn|p2a: Archaludon|Protect
|move|p1a: Sneasler|Fake Out|p2b: Politoed
|-damage|p2b: Politoed|48/100
|-status|p2b: Politoed|psn|[from] ability: Poison Touch|[of] p1a: Sneasler
|-enditem|p2b: Politoed|Sitrus Berry|[eat]
|-heal|p2b: Politoed|73/100 psn|[from] item: Sitrus Berry
|move|p1b: Blastoise|Dark Pulse|p2a: Archaludon
|-activate|p2a: Archaludon|move: Protect
|cant|p2b: Politoed|flinch
|
|-weather|RainDance|[upkeep]
|-heal|p2a: Archaludon|72/100|[from] item: Leftovers
|-damage|p2b: Politoed|60/100 psn|[from] psn
|upkeep
|turn|9
|
|t:|1783882119
|move|p1b: Blastoise|Dark Pulse|p2a: Archaludon
|-damage|p2a: Archaludon|0 fnt
|faint|p2a: Archaludon
|move|p1a: Sneasler|Close Combat|p2b: Politoed
|-damage|p2b: Politoed|4/100 psn
|-unboost|p1a: Sneasler|def|1
|-unboost|p1a: Sneasler|spd|1
|move|p2b: Politoed|Weather Ball|p1b: Blastoise
|-resisted|p1b: Blastoise|1
|-damage|p1b: Blastoise|19/100
|
|-weather|RainDance|[upkeep]
|-damage|p2b: Politoed|0 fnt|[from] psn
|faint|p2b: Politoed
|
|win|Kiogrus24
|c|☆duben|ggs
|c|☆Kiogrus24|GGs 
|player|p2|
