|inactive|Battle timer is ON: inactive players will automatically lose when time's up.
|html|mixniteBconckord    
|uhtml|bestof|Game 2 of a best-of-3
|t:|1756563380
|gametype|doubles
|player|p1|mixnite|artist-gen6|
|player|p2|Bconckord|101|
|gen|9
|tier|[Gen 9] VGC 2025 Reg H (Bo3)
|rule|Species Clause: Limit one of each Pokémon
|rule|Item Clause: Limit 1 of each item
|clearpoke
|poke|p1|Hydreigon, L50, F|
|poke|p1|Tinkaton, L50, F|
|poke|p1|Zoroark-Hisui, L50, F|
|poke|p1|Chesnaught, L50, F|
|poke|p1|Gastrodon-East, L50, M|
|poke|p1|Arcanine-Hisui, L50, M|
|poke|p2|Indeedee, L50, M|
|poke|p2|Sneasler, L50, F|
|poke|p2|Gholdengo, L50|
|poke|p2|Incineroar, L50, F|
|poke|p2|Amoonguss, L50, M|
|poke|p2|Annihilape, L50, M|
|teampreview|4
|showteam|p1|Hydreigon||ThroatSpray|Levitate|Protect,DracoMeteor,Snarl,Taunt|||F|||50|,,,,,Steel]Tinkaton||CovertCloak|MoldBreaker|Protect,ThunderWave,GigatonHammer,FakeOut|||F|||50|,,,,,Water]Zoroark-Hisui||FocusSash|Illusion|Protect,ShadowBall,NastyPlot,TeraBlast|||F|||50|,,,,,Fighting]Chesnaught||SitrusBerry|Bulletproof|SpikyShield,Coaching,BodyPress,WideGuard|||F|||50|,,,,,Fire]Gastrodon-East||AssaultVest|StormDrain|SludgeBomb,MuddyWater,EarthPower,ClearSmog|||M|||50|,,,,,Poison]Arcanine-Hisui||SafetyGoggles|Intimidate|Protect,RockSlide,FlareBlitz,CloseCombat|||M|||50|,,,,,Fairy
|showteam|p2|Indeedee||FocusSash|PsychicSurge|ExpandingForce,TrickRoom,Imprison,TeraBlast|||M|||50|,,,,,Psychic]Sneasler||PsychicSeed|Unburden|DireClaw,CloseCombat,ThroatChop,Coaching|||F|||50|,,,,,Dark]Gholdengo||LifeOrb|GoodasGold|NastyPlot,MakeItRain,ShadowBall,Protect||||||50|,,,,,Water]Incineroar||SafetyGoggles|Intimidate|FakeOut,KnockOff,WillOWisp,PartingShot|||F|||50|,,,,,Ghost]Amoonguss||RockyHelmet|Regenerator|Spore,RagePowder,PollenPuff,Protect|||M|||50|,,,,,Water]Annihilape||Leftovers|Defiant|BulkUp,DrainPunch,RageFist,Protect|||M|||50|,,,,,Fire
|c|☆mixnite|glhf
|c|☆Bconckord|u2
|inactive|Bconckord has 60 seconds left.
|inactive|mixnite has 60 seconds left.
|
|t:|1756563439
|teamsize|p1|4
|teamsize|p2|4
|start
|switch|p1a: Hydreigon|Hydreigon, L50, F|100/100
|switch|p1b: Arcanine|Arcanine-Hisui, L50, M|100/100
|switch|p2a: Indeedee|Indeedee, L50, M|100/100
|switch|p2b: Sneasler|Sneasler, L50, F|100/100
|-fieldstart|move: Psychic Terrain|[from] ability: Psychic Surge|[of] p2a: Indeedee
|-enditem|p2b: Sneasler|Psychic Seed
|-boost|p2b: Sneasler|spd|1|[from] item: Psychic Seed
|-ability|p1b: Arcanine|Intimidate|boost
|-unboost|p2a: Indeedee|atk|1
|-unboost|p2b: Sneasler|atk|1
|turn|1
|inactive|mixnite has 30 seconds left.
|inactive|Bconckord has 30 seconds left.
|inactive|mixnite has 20 seconds left.
|inactive|mixnite has 15 seconds left.
|inactive|mixnite has 10 seconds left.
|
|t:|1756563485
|-terastallize|p2a: Indeedee|Psychic
|move|p1b: Arcanine|Protect|p1b: Arcanine
|-singleturn|p1b: Arcanine|Protect
|move|p2b: Sneasler|Close Combat|p1a: Hydreigon
|-immune|p1a: Hydreigon
|move|p1a: Hydreigon|Nasty Plot|p1a: Hydreigon
|-boost|p1a: Hydreigon|spa|2
|move|p2a: Indeedee|Expanding Force|p1b: Arcanine|[spread] p1a
|-activate|p1b: Arcanine|move: Protect
|-enditem|p1a: Hydreigon|Focus Sash
|-damage|p1a: Hydreigon|1/100
|replace|p1a: Zoroark|Zoroark-Hisui, L50, F
|-end|p1a: Zoroark|Illusion
|
|upkeep
|turn|2
|c|☆Bconckord|oh oops
|
|t:|1756563505
|switch|p1b: Tinkaton|Tinkaton, L50, F|100/100
|-ability|p1b: Tinkaton|Mold Breaker
|move|p1a: Zoroark|Protect|p1a: Zoroark
|-singleturn|p1a: Zoroark|Protect
|move|p2b: Sneasler|Close Combat|p1b: Tinkaton
|-damage|p1b: Tinkaton|44/100
|-unboost|p2b: Sneasler|def|1
|-unboost|p2b: Sneasler|spd|1
|move|p2a: Indeedee|Expanding Force|p1a: Zoroark|[spread] p1b
|-activate|p1a: Zoroark|move: Protect
|-resisted|p1b: Tinkaton
|-damage|p1b: Tinkaton|16/100
|
|upkeep
|turn|3
|
|t:|1756563524
|move|p1a: Zoroark|Protect||[still]
|-fail|p1a: Zoroark
|move|p2b: Sneasler|Dire Claw|p1a: Zoroark
|-resisted|p1a: Zoroark
|-damage|p1a: Zoroark|0 fnt
|faint|p1a: Zoroark
|move|p2a: Indeedee|Expanding Force|p1b: Tinkaton
|-resisted|p1b: Tinkaton
|-damage|p1b: Tinkaton|0 fnt
|faint|p1b: Tinkaton
|
|upkeep
|
|t:|1756563531
|switch|p1a: Arcanine|Arcanine-Hisui, L50, M|100/100
|switch|p1b: Hydreigon|Hydreigon, L50, F|100/100
|-ability|p1a: Arcanine|Intimidate|boost
|-unboost|p2a: Indeedee|atk|1
|-unboost|p2b: Sneasler|atk|1
|turn|4
|inactive|Bconckord has 30 seconds left.
|
|t:|1756563564
|switch|p2b: Amoonguss|Amoonguss, L50, M|100/100
|move|p1a: Arcanine|Protect|p1a: Arcanine
|-singleturn|p1a: Arcanine|Protect
|move|p2a: Indeedee|Expanding Force|p1a: Arcanine|[spread] 
|-activate|p1a: Arcanine|move: Protect
|-immune|p1b: Hydreigon
|move|p1b: Hydreigon|Snarl|p2b: Amoonguss|[spread] p2a,p2b
|-supereffective|p2a: Indeedee
|-damage|p2a: Indeedee|42/100
|-damage|p2b: Amoonguss|83/100
|-unboost|p2a: Indeedee|spa|1
|-unboost|p2b: Amoonguss|spa|1
|-enditem|p1b: Hydreigon|Throat Spray
|-boost|p1b: Hydreigon|spa|1|[from] item: Throat Spray
|
|upkeep
|turn|5
|inactive|Bconckord has 30 seconds left.
|inactive|Bconckord has 20 seconds left.
|inactive|Bconckord has 15 seconds left.
|inactive|Bconckord has 10 seconds left.
|inactive|mixnite has 30 seconds left.
|
|t:|1756563615
|move|p1a: Arcanine|Protect||[still]
|-fail|p1a: Arcanine
|move|p2b: Amoonguss|Protect|p2b: Amoonguss
|-singleturn|p2b: Amoonguss|Protect
|move|p2a: Indeedee|Expanding Force|p1b: Hydreigon|[spread] p1a
|-immune|p1b: Hydreigon
|-damage|p1a: Arcanine|49/100
|move|p1b: Hydreigon|Taunt|p2b: Amoonguss
|-activate|p2b: Amoonguss|move: Protect
|
|-fieldend|move: Psychic Terrain
|upkeep
|turn|6
|
|t:|1756563639
|switch|p2a: Gholdengo|Gholdengo, L50|100/100
|move|p1a: Arcanine|Protect|p1a: Arcanine
|-singleturn|p1a: Arcanine|Protect
|move|p1b: Hydreigon|Snarl|p2b: Amoonguss|[spread] p2a,p2b
|-supereffective|p2a: Gholdengo
|-damage|p2a: Gholdengo|28/100
|-damage|p2b: Amoonguss|57/100
|-unboost|p2a: Gholdengo|spa|1
|-unboost|p2b: Amoonguss|spa|1
|move|p2b: Amoonguss|Spore|p1b: Hydreigon
|-status|p1b: Hydreigon|slp|[from] move: Spore
|
|upkeep
|turn|7
|inactive|mixnite has 30 seconds left.
|inactive|Bconckord has 30 seconds left.
|inactive|mixnite has 20 seconds left.
|inactive|mixnite has 15 seconds left.
|
|t:|1756563682
|switch|p2b: Indeedee|Indeedee, L50, M, tera:Psychic|42/100
|-fieldstart|move: Psychic Terrain|[from] ability: Psychic Surge|[of] p2b: Indeedee
|move|p1a: Arcanine|Protect|p1a: Arcanine
|-singleturn|p1a: Arcanine|Protect
|cant|p1b: Hydreigon|slp
|move|p2a: Gholdengo|Make It Rain|p1b: Hydreigon|[spread] p1b
|-activate|p1a: Arcanine|move: Protect
|-damage|p1b: Hydreigon|59/100 slp
|-unboost|p2a: Gholdengo|spa|1
|-damage|p2a: Gholdengo|18/100|[from] item: Life Orb
|
|upkeep
|turn|8
|
|t:|1756563699
|move|p1a: Arcanine|Protect||[still]
|-fail|p1a: Arcanine
|move|p2b: Indeedee|Expanding Force|p1b: Hydreigon|[spread] p1a
|-immune|p1b: Hydreigon
|-damage|p1a: Arcanine|0 fnt
|faint|p1a: Arcanine
|-curestatus|p1b: Hydreigon|slp|[msg]
|move|p1b: Hydreigon|Snarl|p2a: Gholdengo|[spread] p2a,p2b
|-supereffective|p2a: Gholdengo
|-supereffective|p2b: Indeedee
|-damage|p2a: Gholdengo|0 fnt
|-damage|p2b: Indeedee|0 fnt
|faint|p2a: Gholdengo
|faint|p2b: Indeedee
|
|upkeep
|c|☆mixnite|argh
|
|t:|1756563709
|switch|p2b: Sneasler|Sneasler, L50, F|100/100
|switch|p2a: Amoonguss|Amoonguss, L50, M|90/100
|turn|9
|c|☆mixnite|gg man
|c|☆Bconckord|wait whyd you prot rk9 so many times
|c|☆mixnite|dude
|c|☆mixnite|i cant think
|c|☆Bconckord|amogus was a free kill for like 4 turns
|c|☆Bconckord|:sob:
|inactive|Bconckord has 30 seconds left.
|c|☆mixnite|i have like 5 people 
|inactive|Bconckord has 20 seconds left.
|c|☆mixnite|who think my house is their house
|
|t:|1756563746
|-terastallize|p1b: Hydreigon|Steel
|move|p2a: Amoonguss|Rage Powder|p2a: Amoonguss
|-singleturn|p2a: Amoonguss|move: Rage Powder
|move|p2b: Sneasler|Close Combat|p1b: Hydreigon
|-supereffective|p1b: Hydreigon
|-damage|p1b: Hydreigon|0 fnt
|-unboost|p2b: Sneasler|def|1
|-unboost|p2b: Sneasler|spd|1
|faint|p1b: Hydreigon
|
|win|Bconckord
|c|☆Bconckord|..
|c|☆mixnite|i genuinely cant think
|c|☆Bconckord|what is going on bruh
|c|☆mixnite|sorry for the bad game man
|c|☆Bconckord|nahh all good
|c|☆Bconckord|you played well
|c|☆mixnite|i have guests every day
|c|☆mixnite|every hour
|c|☆mixnite|im crashing out
|c|☆Bconckord|why :sob:
|c|☆Bconckord|i feel concerned
|c|☆mixnite|its actually so annoying
|c|☆mixnite|its just a close friend who has been coming over too much its getting to me
|c|☆Bconckord|dang that sucks
|c|☆mixnite|oh well
|c|☆mixnite|self inflicted
|c|☆mixnite|im glad to hear i did decent
|c|☆Bconckord|definitely
|c|☆mixnite|because i genuinely dont know what just happened this game
|c|☆mixnite|argh
