|inactive|Battle timer is ON: inactive players will automatically lose when time's up.
|html|thacrowmezzaluca    
|uhtml|bestof|Game 1 of a best-of-3
|t:|1782677014
|gametype|doubles
|player|p1|thacrow|#thacrow|
|player|p2|mezzaluca|lucas|
|gen|9
|tier|[Gen 9 Champions] VGC 2026 Reg M-B (Bo3)
|rule|Species Clause: Limit one of each Pokémon
|rule|Item Clause: Limit 1 of each item
|clearpoke
|poke|p1|Garchomp, L50, M|
|poke|p1|Charizard, L50, F|
|poke|p1|Basculegion, L50, M|
|poke|p1|Whimsicott, L50, F|
|poke|p1|Kingambit, L50, F|
|poke|p1|Floette-Eternal, L50, F|
|poke|p2|Kingambit, L50, F|
|poke|p2|Sneasler, L50, M|
|poke|p2|Froslass, L50, F|
|poke|p2|Lycanroc-Dusk, L50, F|
|poke|p2|Basculegion, L50, M|
|poke|p2|Scovillain, L50, M|
|teampreview|4
|showteam|p1|Garchomp||LifeOrb|RoughSkin|Earthquake,DragonClaw,RockSlide,Protect|Jolly||M|||50|]Charizard||CharizarditeY|Blaze|WeatherBall,HeatWave,SolarBeam,Protect|Modest||F|||50|]Basculegion||MysticWater|Adaptability|WaveCrash,LastRespects,AquaJet,Protect|Adamant||M|||50|]Whimsicott||FocusSash|Prankster|Moonblast,Tailwind,Encore,Protect|Timid||F|||50|]Kingambit||ChopleBerry|Defiant|LowKick,KowtowCleave,SuckerPunch,Protect|Adamant||F|||50|]Floette-Eternal||Floettite|FlowerVeil|Moonblast,DazzlingGleam,LightofRuin,Protect|Modest||F|||50|
|showteam|p2|Kingambit||BlackGlasses|Defiant|KowtowCleave,SuckerPunch,SwordsDance,Protect|Adamant||F|||50|]Sneasler||WhiteHerb|Unburden|CloseCombat,GunkShot,FakeOut,Protect|Adamant||M|||50|]Froslass||Froslassite|CursedBody|Blizzard,ShadowBall,AuroraVeil,Protect|Modest||F|||50|]Lycanroc-Dusk||FocusSash|ToughClaws|RockSlide,CloseCombat,Accelerock,Protect|Adamant||F|||50|]Basculegion||SitrusBerry|Adaptability|WaveCrash,LastRespects,AquaJet,Protect|Adamant||M|||50|]Scovillain||Scovillainite|Moody|Overheat,GigaDrain,RagePowder,Protect|Bold||M|||50|
|c|☆mezzaluca|gl hf
|raw|Moderated chat was set to ☆!Only users of rank ☆ and higher can talk.
|c|☆thacrow|u2
|inactive|thacrow has 60 seconds left.
|inactive|mezzaluca has 60 seconds left.
|inactive|mezzaluca has 30 seconds left.
|
|t:|1782677074
|teamsize|p1|4
|teamsize|p2|4
|start
|switch|p1a: Charizard|Charizard, L50, F|100/100
|switch|p1b: Whimsicott|Whimsicott, L50, F|100/100
|switch|p2a: Scovillain|Scovillain, L50, M|100/100
|switch|p2b: Lycanroc|Lycanroc-Dusk, L50, F|100/100
|turn|1
|
|t:|1782677085
|switch|p1a: Garchomp|Garchomp, L50, M|100/100
|detailschange|p2a: Scovillain|Scovillain-Mega, L50, M
|-mega|p2a: Scovillain|Scovillain|Scovillainite
|move|p1b: Whimsicott|Moonblast|p2b: Lycanroc
|-damage|p2b: Lycanroc|43/100
|move|p2b: Lycanroc|Rock Slide|p1a: Garchomp|[spread] p1a,p1b
|-resisted|p1a: Garchomp|1
|-damage|p1a: Garchomp|83/100
|-damage|p1b: Whimsicott|54/100
|move|p2a: Scovillain|Overheat|p1b: Whimsicott|[miss]
|-miss|p2a: Scovillain|p1b: Whimsicott
|
|upkeep
|turn|2
|
|t:|1782677105
|move|p2b: Lycanroc|Protect|p2b: Lycanroc
|-singleturn|p2b: Lycanroc|Protect
|move|p1b: Whimsicott|Tailwind|p1b: Whimsicott
|-sidestart|p1: thacrow|move: Tailwind
|move|p1a: Garchomp|Earthquake|p2a: Scovillain|[spread] p1b,p2a
|-activate|p2b: Lycanroc|move: Protect
|-resisted|p1b: Whimsicott|1
|-damage|p1b: Whimsicott|19/100
|-damage|p2a: Scovillain|56/100
|-status|p1a: Garchomp|brn|[from] ability: Spicy Spray|[of] p2a: Scovillain
|-damage|p1a: Garchomp|74/100 brn|[from] item: Life Orb
|move|p2a: Scovillain|Giga Drain|p1a: Garchomp
|-damage|p1a: Garchomp|32/100 brn
|-heal|p2a: Scovillain|78/100|[from] drain|[of] p1a: Garchomp
|
|-damage|p1a: Garchomp|27/100 brn|[from] brn
|upkeep
|turn|3
|inactive|mezzaluca has 30 seconds left.
|inactive|mezzaluca has 20 seconds left.
|inactive|mezzaluca has 15 seconds left.
|inactive|mezzaluca has 10 seconds left.
|
|t:|1782677153
|switch|p2b: Sneasler|Sneasler, L50, M|100/100
|move|p1b: Whimsicott|Encore|p2a: Scovillain
|-start|p2a: Scovillain|Encore
|move|p1a: Garchomp|Earthquake|p2a: Scovillain|[spread] p1b,p2a,p2b
|-resisted|p1b: Whimsicott|1
|-supereffective|p2b: Sneasler|1
|-damage|p1b: Whimsicott|1/100
|-damage|p2a: Scovillain|54/100
|-damage|p2b: Sneasler|33/100
|-damage|p1a: Garchomp|17/100 brn|[from] item: Life Orb
|move|p2a: Scovillain|Giga Drain|p1a: Garchomp
|-damage|p1a: Garchomp|0 fnt
|-heal|p2a: Scovillain|64/100|[from] drain|[of] p1a: Garchomp
|faint|p1a: Garchomp
|
|upkeep
|
|t:|1782677158
|switch|p1a: Charizard|Charizard, L50, F|100/100
|turn|4
|inactive|mezzaluca has 30 seconds left.
|
|t:|1782677186
|switch|p2a: Basculegion|Basculegion, L50, M|100/100
|move|p1b: Whimsicott|Protect|p1b: Whimsicott
|-singleturn|p1b: Whimsicott|Protect
|move|p1a: Charizard|Protect|p1a: Charizard
|-singleturn|p1a: Charizard|Protect
|move|p2b: Sneasler|Fake Out|p1a: Charizard
|-activate|p1a: Charizard|move: Protect
|
|upkeep
|turn|5
|inactive|mezzaluca has 30 seconds left.
|inactive|mezzaluca has 20 seconds left.
|inactive|mezzaluca has 15 seconds left.
|inactive|mezzaluca has 10 seconds left.
|inactive|mezzaluca has 5 seconds left.
|
|t:|1782677237
|switch|p1b: Basculegion|Basculegion, L50, M|100/100
|detailschange|p1a: Charizard|Charizard-Mega-Y, L50, F
|-mega|p1a: Charizard|Charizard|Charizardite Y
|-weather|SunnyDay|[from] ability: Drought|[of] p1a: Charizard
|move|p2a: Basculegion|Aqua Jet|p1b: Basculegion
|-resisted|p1b: Basculegion|1
|-damage|p1b: Basculegion|93/100
|move|p1a: Charizard|Heat Wave|p2b: Sneasler|[spread] p2a,p2b
|-resisted|p2a: Basculegion|1
|-damage|p2a: Basculegion|70/100
|-damage|p2b: Sneasler|0 fnt
|faint|p2b: Sneasler
|
|-weather|SunnyDay|[upkeep]
|-sideend|p1: thacrow|move: Tailwind
|upkeep
|inactive|mezzaluca has 30 seconds left.
|inactive|mezzaluca has 20 seconds left.
|inactive|mezzaluca has 15 seconds left.
|inactive|mezzaluca has 10 seconds left.
|
|t:|1782677285
|switch|p2b: Lycanroc|Lycanroc-Dusk, L50, F|43/100
|turn|6
|inactive|thacrow has 30 seconds left.
|inactive|mezzaluca has 30 seconds left.
|
|t:|1782677317
|switch|p2a: Scovillain|Scovillain-Mega, L50, M|64/100
|move|p2b: Lycanroc|Protect|p2b: Lycanroc
|-singleturn|p2b: Lycanroc|Protect
|move|p1b: Basculegion|Aqua Jet|p2b: Lycanroc
|-activate|p2b: Lycanroc|move: Protect
|move|p1a: Charizard|Solar Beam||[still]
|-prepare|p1a: Charizard|Solar Beam
|-anim|p1a: Charizard|Solar Beam|p2a: Scovillain
|-resisted|p2a: Scovillain|2
|-damage|p2a: Scovillain|50/100g
|-immune|p1a: Charizard
|
|-weather|SunnyDay|[upkeep]
|upkeep
|turn|7
|inactive|thacrow has 30 seconds left.
|inactive|mezzaluca has 30 seconds left.
|inactive|thacrow has 20 seconds left.
|inactive|mezzaluca has 20 seconds left.
|
|t:|1782677361
|move|p2b: Lycanroc|Accelerock|p1a: Charizard
|-supereffective|p1a: Charizard|2
|-damage|p1a: Charizard|0 fnt
|faint|p1a: Charizard
|move|p1b: Basculegion|Last Respects|p2b: Lycanroc
|-damage|p2b: Lycanroc|0 fnt
|faint|p2b: Lycanroc
|move|p2a: Scovillain|Giga Drain|p1b: Basculegion
|-supereffective|p1b: Basculegion|1
|-damage|p1b: Basculegion|12/100
|-heal|p2a: Scovillain|98/100|[from] drain|[of] p1b: Basculegion
|
|-weather|SunnyDay|[upkeep]
|upkeep
|
|t:|1782677367
|switch|p2b: Basculegion|Basculegion, L50, M|70/100
|switch|p1a: Whimsicott|Whimsicott, L50, F|1/100
|turn|8
|inactive|mezzaluca has 30 seconds left.
|inactive|mezzaluca has 20 seconds left.
|inactive|mezzaluca has 15 seconds left.
|
|t:|1782677409
|move|p1a: Whimsicott|Protect|p1a: Whimsicott
|-singleturn|p1a: Whimsicott|Protect
|move|p1b: Basculegion|Protect|p1b: Basculegion
|-singleturn|p1b: Basculegion|Protect
|move|p2b: Basculegion|Protect|p2b: Basculegion
|-singleturn|p2b: Basculegion|Protect
|move|p2a: Scovillain|Giga Drain|p1a: Whimsicott
|-activate|p1a: Whimsicott|move: Protect
|
|-weather|SunnyDay|[upkeep]
|upkeep
|turn|9
|
|t:|1782677434
|move|p2b: Basculegion|Protect||[still]
|-fail|p2b: Basculegion
|move|p1a: Whimsicott|Encore|p2b: Basculegion
|-start|p2b: Basculegion|Encore
|move|p1b: Basculegion|Last Respects|p2a: Scovillain
|-damage|p2a: Scovillain|9/100
|-status|p1b: Basculegion|brn|[from] ability: Spicy Spray|[of] p2a: Scovillain
|move|p2a: Scovillain|Giga Drain|p1b: Basculegion
|-supereffective|p1b: Basculegion|1
|-damage|p1b: Basculegion|0 fnt
|-heal|p2a: Scovillain|16/100|[from] drain|[of] p1b: Basculegion
|faint|p1b: Basculegion
|
|-weather|none
|upkeep
|turn|10
|
|t:|1782677458
|move|p2b: Basculegion|Protect|p2b: Basculegion
|-singleturn|p2b: Basculegion|Protect
|move|p1a: Whimsicott|Moonblast|p2b: Basculegion
|-activate|p2b: Basculegion|move: Protect
|move|p2a: Scovillain|Giga Drain|p1a: Whimsicott
|-resisted|p1a: Whimsicott|1
|-damage|p1a: Whimsicott|0 fnt
|-heal|p2a: Scovillain|17/100|[from] drain|[of] p1a: Whimsicott
|faint|p1a: Whimsicott
|
|win|mezzaluca
||thacrow is ready for game 2.
|inactive|mezzaluca has 30 seconds to confirm battle start!
|inactive|mezzaluca has 20 seconds to confirm battle start!
||mezzaluca is ready for game 2.
|uhtml|next|Next: Game 2 of 3
