|inactive|Battle timer is ON: inactive players will automatically lose when time's up.
|html|mixniteApeEscapeForGC    
|uhtml|bestof|Game 2 of a best-of-3
|t:|1757098566
|gametype|doubles
|player|p1|mixnite|artist-gen6|
|player|p2|ApeEscapeForGC|1|
|gen|9
|tier|[Gen 9] VGC 2025 Reg H (Bo3)
|rule|Species Clause: Limit one of each Pokémon
|rule|Item Clause: Limit 1 of each item
|clearpoke
|poke|p1|Tyranitar, L50, M|
|poke|p1|Excadrill, L50, M|
|poke|p1|Whimsicott, L50, F|
|poke|p1|Annihilape, L50, M|
|poke|p1|Indeedee, L50, M|
|poke|p1|Armarouge, L50, M|
|poke|p2|Dragonite, L50, F|
|poke|p2|Incineroar, L50, M|
|poke|p2|Ursaluna-Bloodmoon, L50, M|
|poke|p2|Electabuzz, L50, F|
|poke|p2|Rillaboom, L50, F|
|poke|p2|Gholdengo, L50|
|teampreview|4
|showteam|p1|Tyranitar||ClearAmulet|SandStream|TeraBlast,KnockOff,RockSlide,LowKick|||M|||50|,,,,,Flying]Excadrill||LifeOrb|SandRush|Protect,HighHorsepower,IronHead,Earthquake|||M|||50|,,,,,Ground]Whimsicott||CovertCloak|Prankster|Tailwind,Moonblast,Encore,LightScreen|||F|||50|,,,,,Water]Annihilape||ChoiceScarf|VitalSpirit|FinalGambit,Uturn,Coaching,CloseCombat|||M|||50|,,,,,Fighting]Indeedee||FocusSash|PsychicSurge|ExpandingForce,TeraBlast,Imprison,TrickRoom|||M|||50|,,,,,Psychic]Armarouge||WeaknessPolicy|WeakArmor|MeteorBeam,ExpandingForce,ArmorCannon,Protect|||M|||50|,,,,,Grass
|showteam|p2|Dragonite||LoadedDice|Multiscale|ScaleShot,Haze,Protect,Tailwind|||F|||50|,,,,,Fairy]Incineroar||SafetyGoggles|Intimidate|FakeOut,FlareBlitz,PartingShot,KnockOff|||M|||50|,,,,,Ghost]Ursaluna-Bloodmoon||LifeOrb|MindsEye|BloodMoon,EarthPower,HyperVoice,Protect|||M|||50|,,,,,Ghost]Electabuzz||Eviolite|VitalSpirit|FollowMe,Protect,Electroweb,Taunt|||F|||50|,,,,,Ghost]Rillaboom||AssaultVest|GrassySurge|FakeOut,HighHorsepower,WoodHammer,GrassyGlide|||F|||50|,,,,,Poison]Gholdengo||MetalCoat|GoodasGold|MakeItRain,ShadowBall,Protect,NastyPlot||||||50|,,,,,Steel
|inactive|mixnite has 60 seconds left.
|inactive|ApeEscapeForGC has 60 seconds left.
|
|t:|1757098613
|teamsize|p1|4
|teamsize|p2|4
|start
|switch|p1a: Deebo|Annihilape, L50, M|100/100
|switch|p1b: Craig|Tyranitar, L50, M|100/100
|switch|p2a: Incineroar|Incineroar, L50, M|100/100
|switch|p2b: Gholdengo|Gholdengo, L50|100/100
|-weather|Sandstorm|[from] ability: Sand Stream|[of] p1b: Craig
|-ability|p2a: Incineroar|Intimidate|boost
|-unboost|p1a: Deebo|atk|1
|-fail|p1b: Craig|unboost|[from] item: Clear Amulet|[of] p1b: Craig
|turn|1
|inactive|mixnite has 30 seconds left.
|
|t:|1757098643
|move|p2b: Gholdengo|Protect|p2b: Gholdengo
|-singleturn|p2b: Gholdengo|Protect
|move|p1a: Deebo|U-turn|p2a: Incineroar
|-damage|p2a: Incineroar|89/100
|
|t:|1757098650
|switch|p1a: Debbie|Whimsicott, L50, F|100/100|[from] U-turn
|move|p1b: Craig|Knock Off|p2b: Gholdengo
|-activate|p2b: Gholdengo|move: Protect
|move|p2a: Incineroar|Parting Shot|p1a: Debbie
|-unboost|p1a: Debbie|atk|1
|-unboost|p1a: Debbie|spa|1
|
|t:|1757098658
|switch|p2a: Rillaboom|Rillaboom, L50, F|100/100|[from] Parting Shot
|-fieldstart|move: Grassy Terrain|[from] ability: Grassy Surge|[of] p2a: Rillaboom
|
|-weather|Sandstorm|[upkeep]
|-damage|p1a: Debbie|95/100|[from] Sandstorm
|-damage|p2a: Rillaboom|95/100|[from] Sandstorm
|-heal|p1a: Debbie|100/100|[from] Grassy Terrain
|-heal|p2a: Rillaboom|100/100|[from] Grassy Terrain
|upkeep
|turn|2
|
|t:|1757098664
|-terastallize|p2b: Gholdengo|Steel
|-terastallize|p1b: Craig|Flying
|move|p1a: Debbie|Light Screen|p1a: Debbie
|-sidestart|p1: mixnite|move: Light Screen
|move|p2b: Gholdengo|Make It Rain|p1b: Craig|[spread] p1a,p1b
|-supereffective|p1a: Debbie
|-damage|p1a: Debbie|0 fnt
|-damage|p1b: Craig|57/100
|-unboost|p2b: Gholdengo|spa|1
|faint|p1a: Debbie
|move|p2a: Rillaboom|Wood Hammer|p1b: Craig
|-resisted|p1b: Craig
|-damage|p1b: Craig|25/100
|-damage|p2a: Rillaboom|90/100|[from] Recoil
|move|p1b: Craig|Tera Blast|p2a: Rillaboom|[anim] Tera Blast Flying
|-supereffective|p2a: Rillaboom
|-damage|p2a: Rillaboom|9/100
|
|-weather|Sandstorm|[upkeep]
|-damage|p2a: Rillaboom|3/100|[from] Sandstorm
|-damage|p1b: Craig|19/100|[from] Sandstorm
|-heal|p2a: Rillaboom|9/100|[from] Grassy Terrain
|upkeep
|
|t:|1757098688
|switch|p1a: Deebo|Annihilape, L50, M|100/100
|turn|3
|inactive|mixnite has 30 seconds left.
|
|t:|1757098715
|move|p2b: Gholdengo|Protect|p2b: Gholdengo
|-singleturn|p2b: Gholdengo|Protect
|move|p2a: Rillaboom|Grassy Glide|p1b: Craig
|-resisted|p1b: Craig
|-damage|p1b: Craig|6/100
|move|p1a: Deebo|U-turn|p2a: Rillaboom
|-supereffective|p2a: Rillaboom
|-damage|p2a: Rillaboom|0 fnt
|faint|p2a: Rillaboom
|
|t:|1757098723
|switch|p1a: Smokey|Excadrill, L50, M|100/100|[from] U-turn
|move|p1b: Craig|Knock Off|p2b: Gholdengo
|-activate|p2b: Gholdengo|move: Protect
|
|-weather|Sandstorm|[upkeep]
|-damage|p1b: Craig|0 fnt|[from] Sandstorm
|faint|p1b: Craig
|upkeep
|
|t:|1757098726
|switch|p2a: Incineroar|Incineroar, L50, M|89/100
|switch|p1b: Deebo|Annihilape, L50, M|100/100
|-ability|p2a: Incineroar|Intimidate|boost
|-unboost|p1a: Smokey|atk|1
|-unboost|p1b: Deebo|atk|1
|turn|4
|
|t:|1757098733
|move|p1a: Smokey|Protect|p1a: Smokey
|-singleturn|p1a: Smokey|Protect
|move|p2a: Incineroar|Fake Out|p1a: Smokey
|-activate|p1a: Smokey|move: Protect
|move|p1b: Deebo|Coaching|p1a: Smokey
|-boost|p1a: Smokey|atk|1
|-boost|p1a: Smokey|def|1
|move|p2b: Gholdengo|Shadow Ball|p1b: Deebo
|-supereffective|p1b: Deebo
|-damage|p1b: Deebo|63/100
|
|-weather|Sandstorm|[upkeep]
|-damage|p1b: Deebo|57/100|[from] Sandstorm
|-heal|p1b: Deebo|63/100|[from] Grassy Terrain
|-heal|p2a: Incineroar|95/100|[from] Grassy Terrain
|upkeep
|turn|5
|
|t:|1757098756
|move|p1a: Smokey|High Horsepower|p2a: Incineroar
|-supereffective|p2a: Incineroar
|-damage|p2a: Incineroar|0 fnt
|faint|p2a: Incineroar
|-damage|p1a: Smokey|91/100|[from] item: Life Orb
|move|p1b: Deebo|Coaching|p1a: Smokey
|-boost|p1a: Smokey|atk|1
|-boost|p1a: Smokey|def|1
|move|p2b: Gholdengo|Shadow Ball|p1b: Deebo
|-supereffective|p1b: Deebo
|-damage|p1b: Deebo|30/100
|
|-weather|none
|-heal|p1a: Smokey|97/100|[from] Grassy Terrain
|-heal|p1b: Deebo|36/100|[from] Grassy Terrain
|-fieldend|move: Grassy Terrain
|upkeep
|
|t:|1757098765
|switch|p2a: Dragonite|Dragonite, L50, F|100/100
|turn|6
|
|t:|1757098779
|move|p2b: Gholdengo|Protect|p2b: Gholdengo
|-singleturn|p2b: Gholdengo|Protect
|move|p1b: Deebo|Coaching|p1a: Smokey
|-boost|p1a: Smokey|atk|1
|-boost|p1a: Smokey|def|1
|move|p1a: Smokey|Iron Head|p2a: Dragonite
|-damage|p2a: Dragonite|36/100
|-damage|p1a: Smokey|87/100|[from] item: Life Orb
|cant|p2a: Dragonite|flinch
|
|-sideend|p1: mixnite|move: Light Screen
|upkeep
|turn|7
|c|☆mixnite|sorry
|c|☆ApeEscapeForGC|damn
|c|☆ApeEscapeForGC|happens to the best of us
|inactive|ApeEscapeForGC has 30 seconds left.
|
|t:|1757098804
|move|p2a: Dragonite|Protect|p2a: Dragonite
|-singleturn|p2a: Dragonite|Protect
|move|p1b: Deebo|Coaching|p1a: Smokey
|-boost|p1a: Smokey|atk|1
|-boost|p1a: Smokey|def|1
|move|p2b: Gholdengo|Make It Rain|p1a: Smokey|[spread] p1a,p1b
|-resisted|p1a: Smokey
|-damage|p1a: Smokey|53/100
|-damage|p1b: Deebo|0 fnt
|-unboost|p2b: Gholdengo|spa|1
|faint|p1b: Deebo
|move|p1a: Smokey|Earthquake|p2b: Gholdengo|[spread] p2b
|-activate|p2a: Dragonite|move: Protect
|-supereffective|p2b: Gholdengo
|-damage|p2b: Gholdengo|0 fnt
|faint|p2b: Gholdengo
|-damage|p1a: Smokey|44/100|[from] item: Life Orb
|
|upkeep
|turn|8
|c|☆mixnite|yeah
|
|t:|1757098820
|move|p1a: Smokey|Iron Head|p2a: Dragonite
|-damage|p2a: Dragonite|0 fnt
|faint|p2a: Dragonite
|-damage|p1a: Smokey|34/100|[from] item: Life Orb
|
|win|mixnite
||mixnite is ready for game 3.
||ApeEscapeForGC is ready for game 3.
|uhtml|next|Next: Game 3 of 3
