|inactive|Battle timer is ON: inactive players will automatically lose when time's up.
|html|mixniteApeEscapeForGC    
|uhtml|bestof|Game 3 of a best-of-3
|t:|1757098824
|gametype|doubles
|player|p1|mixnite|artist-gen6|
|player|p2|ApeEscapeForGC|1|
|gen|9
|tier|[Gen 9] VGC 2025 Reg H (Bo3)
|rule|Species Clause: Limit one of each Pokémon
|rule|Item Clause: Limit 1 of each item
|clearpoke
|poke|p1|Tyranitar, L50, M|
|poke|p1|Excadrill, L50, M|
|poke|p1|Whimsicott, L50, F|
|poke|p1|Annihilape, L50, M|
|poke|p1|Indeedee, L50, M|
|poke|p1|Armarouge, L50, M|
|poke|p2|Dragonite, L50, F|
|poke|p2|Incineroar, L50, M|
|poke|p2|Ursaluna-Bloodmoon, L50, M|
|poke|p2|Electabuzz, L50, F|
|poke|p2|Rillaboom, L50, F|
|poke|p2|Gholdengo, L50|
|teampreview|4
|showteam|p1|Tyranitar||ClearAmulet|SandStream|TeraBlast,KnockOff,RockSlide,LowKick|||M|||50|,,,,,Flying]Excadrill||LifeOrb|SandRush|Protect,HighHorsepower,IronHead,Earthquake|||M|||50|,,,,,Ground]Whimsicott||CovertCloak|Prankster|Tailwind,Moonblast,Encore,LightScreen|||F|||50|,,,,,Water]Annihilape||ChoiceScarf|VitalSpirit|FinalGambit,Uturn,Coaching,CloseCombat|||M|||50|,,,,,Fighting]Indeedee||FocusSash|PsychicSurge|ExpandingForce,TeraBlast,Imprison,TrickRoom|||M|||50|,,,,,Psychic]Armarouge||WeaknessPolicy|WeakArmor|MeteorBeam,ExpandingForce,ArmorCannon,Protect|||M|||50|,,,,,Grass
|showteam|p2|Dragonite||LoadedDice|Multiscale|ScaleShot,Haze,Protect,Tailwind|||F|||50|,,,,,Fairy]Incineroar||SafetyGoggles|Intimidate|FakeOut,FlareBlitz,PartingShot,KnockOff|||M|||50|,,,,,Ghost]Ursaluna-Bloodmoon||LifeOrb|MindsEye|BloodMoon,EarthPower,HyperVoice,Protect|||M|||50|,,,,,Ghost]Electabuzz||Eviolite|VitalSpirit|FollowMe,Protect,Electroweb,Taunt|||F|||50|,,,,,Ghost]Rillaboom||AssaultVest|GrassySurge|FakeOut,HighHorsepower,WoodHammer,GrassyGlide|||F|||50|,,,,,Poison]Gholdengo||MetalCoat|GoodasGold|MakeItRain,ShadowBall,Protect,NastyPlot||||||50|,,,,,Steel
|
|t:|1757098851
|teamsize|p1|4
|teamsize|p2|4
|start
|switch|p1a: Smokey|Excadrill, L50, M|100/100
|switch|p1b: Ezal|Indeedee, L50, M|100/100
|switch|p2a: Incineroar|Incineroar, L50, M|100/100
|switch|p2b: Gholdengo|Gholdengo, L50|100/100
|-fieldstart|move: Psychic Terrain|[from] ability: Psychic Surge|[of] p1b: Ezal
|-ability|p2a: Incineroar|Intimidate|boost
|-unboost|p1a: Smokey|atk|1
|-unboost|p1b: Ezal|atk|1
|turn|1
|
|t:|1757098870
|switch|p1b: Deebo|Annihilape, L50, M|100/100
|move|p1a: Smokey|Protect|p1a: Smokey
|-singleturn|p1a: Smokey|Protect
|move|p2b: Gholdengo|Make It Rain|p1b: Deebo|[spread] p1b
|-activate|p1a: Smokey|move: Protect
|-damage|p1b: Deebo|51/100
|-unboost|p2b: Gholdengo|spa|1
|move|p2a: Incineroar|Parting Shot|p1a: Smokey
|-activate|p1a: Smokey|move: Protect
|
|upkeep
|turn|2
|inactive|mixnite has 30 seconds left.
|
|t:|1757098902
|switch|p2b: Rillaboom|Rillaboom, L50, F|100/100
|-fieldstart|move: Grassy Terrain|[from] ability: Grassy Surge|[of] p2b: Rillaboom
|move|p1b: Deebo|Coaching|p1a: Smokey
|-boost|p1a: Smokey|atk|1
|-boost|p1a: Smokey|def|1
|move|p1a: Smokey|Iron Head|p2a: Incineroar
|-resisted|p2a: Incineroar
|-damage|p2a: Incineroar|71/100
|-damage|p1a: Smokey|91/100|[from] item: Life Orb
|move|p2a: Incineroar|Flare Blitz|p1a: Smokey
|-supereffective|p1a: Smokey
|-damage|p1a: Smokey|5/100
|-damage|p2a: Incineroar|45/100|[from] Recoil
|
|-heal|p1b: Deebo|57/100|[from] Grassy Terrain
|-heal|p1a: Smokey|11/100|[from] Grassy Terrain
|-heal|p2a: Incineroar|51/100|[from] Grassy Terrain
|upkeep
|turn|3
|c|☆mixnite|nice one
|inactive|mixnite has 30 seconds left.
|inactive|ApeEscapeForGC has 30 seconds left.
|
|t:|1757098929
|move|p1a: Smokey|Protect|p1a: Smokey
|-singleturn|p1a: Smokey|Protect
|move|p2b: Rillaboom|Grassy Glide|p1a: Smokey
|-activate|p1a: Smokey|move: Protect
|move|p1b: Deebo|Coaching|p1a: Smokey
|-boost|p1a: Smokey|atk|1
|-boost|p1a: Smokey|def|1
|move|p2a: Incineroar|Knock Off|p1b: Deebo
|-damage|p1b: Deebo|18/100
|-enditem|p1b: Deebo|Choice Scarf|[from] move: Knock Off|[of] p2a: Incineroar
|
|-heal|p1b: Deebo|24/100|[from] Grassy Terrain
|-heal|p1a: Smokey|17/100|[from] Grassy Terrain
|-heal|p2a: Incineroar|57/100|[from] Grassy Terrain
|upkeep
|turn|4
|c|☆ApeEscapeForGC|thanks
|
|t:|1757098949
|switch|p1b: Ezal|Indeedee, L50, M|100/100
|-fieldstart|move: Psychic Terrain|[from] ability: Psychic Surge|[of] p1b: Ezal
|move|p1a: Smokey|Iron Head|p2b: Rillaboom
|-damage|p2b: Rillaboom|21/100
|-damage|p1a: Smokey|8/100|[from] item: Life Orb
|move|p2b: Rillaboom|Grassy Glide|p1a: Smokey
|-damage|p1a: Smokey|0 fnt
|faint|p1a: Smokey
|move|p2a: Incineroar|Flare Blitz|p1b: Ezal
|-damage|p1b: Ezal|9/100
|-damage|p2a: Incineroar|37/100|[from] Recoil
|
|upkeep
|
|t:|1757098963
|switch|p1a: Deebo|Annihilape, L50, M|24/100
|turn|5
|
|t:|1757098982
|switch|p2b: Gholdengo|Gholdengo, L50|100/100
|move|p1b: Ezal|Expanding Force|p2a: Incineroar|[spread] p2b
|-immune|p2a: Incineroar
|-resisted|p2b: Gholdengo
|-damage|p2b: Gholdengo|68/100
|move|p1a: Deebo|U-turn|p2b: Gholdengo
|-resisted|p2b: Gholdengo
|-crit|p2b: Gholdengo
|-damage|p2b: Gholdengo|61/100
|
|t:|1757098991
|switch|p1a: Craig|Tyranitar, L50, M|100/100|[from] U-turn
|-weather|Sandstorm|[from] ability: Sand Stream|[of] p1a: Craig
|move|p2a: Incineroar|Knock Off|p1a: Craig
|-resisted|p1a: Craig
|-damage|p1a: Craig|85/100
|-enditem|p1a: Craig|Clear Amulet|[from] move: Knock Off|[of] p2a: Incineroar
|
|-weather|Sandstorm|[upkeep]
|-damage|p1b: Ezal|3/100|[from] Sandstorm
|upkeep
|turn|6
|inactive|mixnite has 30 seconds left.
|inactive|ApeEscapeForGC has 30 seconds left.
|
|t:|1757099019
|-terastallize|p2b: Gholdengo|Steel
|-terastallize|p1a: Craig|Flying
|move|p1b: Ezal|Expanding Force|p2a: Incineroar|[spread] p2b
|-immune|p2a: Incineroar
|-resisted|p2b: Gholdengo
|-damage|p2b: Gholdengo|27/100
|move|p2b: Gholdengo|Make It Rain|p1a: Craig|[spread] p1a,p1b
|-damage|p1a: Craig|21/100
|-damage|p1b: Ezal|0 fnt
|-unboost|p2b: Gholdengo|spa|1
|faint|p1b: Ezal
|move|p1a: Craig|Knock Off|p2b: Gholdengo
|-damage|p2b: Gholdengo|0 fnt
|-enditem|p2b: Gholdengo|Metal Coat|[from] move: Knock Off|[of] p1a: Craig
|faint|p2b: Gholdengo
|move|p2a: Incineroar|Knock Off|p1a: Craig
|-damage|p1a: Craig|0 fnt
|faint|p1a: Craig
|
|-weather|Sandstorm|[upkeep]
|upkeep
|c|☆mixnite|ggs
|c|☆mixnite|wp
|c|☆ApeEscapeForGC|ggs
|
|t:|1757099038
|switch|p1b: Deebo|Annihilape, L50, M|24/100
|switch|p2b: Rillaboom|Rillaboom, L50, F|21/100
|-fieldstart|move: Grassy Terrain|[from] ability: Grassy Surge|[of] p2b: Rillaboom
|turn|7
|c|☆ApeEscapeForGC|fun set
|
|t:|1757099045
|move|p2b: Rillaboom|Grassy Glide|p1b: Deebo
|-damage|p1b: Deebo|0 fnt
|faint|p1b: Deebo
|
|win|ApeEscapeForGC
|c|☆mixnite|for sure
