|inactive|Battle timer is ON: inactive players will automatically lose when time's up.
|html|sylveon is so cuteSomething147    
|uhtml|bestof|Game 2 of a best-of-3
|t:|1756821766
|gametype|doubles
|player|p1|sylveon is so cute|acetrainer-gen4dp|
|player|p2|Something147|170|
|gen|9
|tier|[Gen 9] VGC 2025 Reg H (Bo3)
|rule|Species Clause: Limit one of each Pokémon
|rule|Item Clause: Limit 1 of each item
|clearpoke
|poke|p1|Ursaluna, L50, M|
|poke|p1|Amoonguss, L50, F|
|poke|p1|Porygon2, L50|
|poke|p1|Incineroar, L50, M|
|poke|p1|Gholdengo, L50|
|poke|p1|Tyranitar, L50, M|
|poke|p2|Dragapult, L50, F|
|poke|p2|Electabuzz, L50, M|
|poke|p2|Rillaboom, L50, F|
|poke|p2|Primarina, L50, M|
|poke|p2|Volcarona, L50, M|
|poke|p2|Sneasler, L50, M|
|teampreview|4
|showteam|p1|Ursaluna||FlameOrb|Guts|HeadlongRush,Facade,Substitute,Protect|||M|||50|,,,,,Ghost]Amoonguss||SitrusBerry|Regenerator|Spore,ClearSmog,RagePowder,PollenPuff|||F|||50|,,,,,Psychic]Porygon2||Eviolite|Download|TeraBlast,IceBeam,TrickRoom,Recover||||||50|,,,,,Fighting]Incineroar||SafetyGoggles|Intimidate|FlareBlitz,KnockOff,PartingShot,FakeOut|||M|||50|,,,,,Grass]Gholdengo||Leftovers|GoodasGold|MakeItRain,ShadowBall,NastyPlot,Protect||||||50|,,,,,Dragon]Tyranitar||AssaultVest|SandStream|RockSlide,KnockOff,LowKick,TeraBlast|||M|||50|,,,,,Flying
|showteam|p2|Dragapult||ChoiceBand|ClearBody|DragonDarts,PhantomForce,Outrage,Uturn|||F|||50|,,,,,Dragon]Electabuzz||Eviolite|VitalSpirit|Electroweb,FollowMe,HelpingHand,Protect|||M|||50|,,,,,Fairy]Rillaboom||AssaultVest|GrassySurge|GrassyGlide,WoodHammer,FakeOut,Uturn|||F|||50|,,,,,Fire]Primarina||SitrusBerry|LiquidVoice|Moonblast,HyperVoice,Protect,Haze|||M|||50|,,,,,Steel]Volcarona||Leftovers|FlameBody|Flamethrower,GigaDrain,QuiverDance,Protect|||M|||50|,,,,,Grass]Sneasler||FocusSash|PoisonTouch|CloseCombat,DireClaw,FakeOut,Protect|||M|||50|,,,,,Stellar
|inactive|sylveon is so cute has 60 seconds left.
|inactive|Something147 has 60 seconds left.
|inactive|sylveon is so cute has 30 seconds left.
|
|t:|1756821834
|teamsize|p1|4
|teamsize|p2|4
|start
|switch|p1a: Incineroar|Incineroar, L50, M|100/100
|switch|p1b: Gholdengo|Gholdengo, L50|100/100
|switch|p2a: Dragapult|Dragapult, L50, F|100/100
|switch|p2b: Sneasler|Sneasler, L50, M|100/100
|-ability|p1a: Incineroar|Intimidate|boost
|-fail|p2a: Dragapult|unboost|[from] ability: Clear Body|[of] p2a: Dragapult
|-unboost|p2b: Sneasler|atk|1
|turn|1
|inactive|Something147 has 30 seconds left.
|inactive|Something147 has 20 seconds left.
|inactive|Something147 has 15 seconds left.
|inactive|Something147 has 10 seconds left.
|inactive|Something147 has 5 seconds left.
|
|t:|1756821884
|switch|p1a: Amoonguss|Amoonguss, L50, F|100/100
|move|p2b: Sneasler|Fake Out|p1a: Amoonguss
|-damage|p1a: Amoonguss|92/100
|move|p2a: Dragapult|U-turn|p1a: Amoonguss
|-damage|p1a: Amoonguss|65/100
|
|t:|1756821893
|switch|p2a: Rillaboom|Rillaboom, L50, F|100/100|[from] U-turn
|-fieldstart|move: Grassy Terrain|[from] ability: Grassy Surge|[of] p2a: Rillaboom
|move|p1b: Gholdengo|Nasty Plot|p1b: Gholdengo
|-boost|p1b: Gholdengo|spa|2
|
|-heal|p1a: Amoonguss|71/100|[from] Grassy Terrain
|upkeep
|turn|2
|inactive|Something147 has 30 seconds left.
|inactive|Something147 has 20 seconds left.
|inactive|Something147 has 15 seconds left.
|
|t:|1756821936
|move|p2b: Sneasler|Protect|p2b: Sneasler
|-singleturn|p2b: Sneasler|Protect
|move|p1b: Gholdengo|Nasty Plot|p1b: Gholdengo
|-boost|p1b: Gholdengo|spa|2
|move|p2a: Rillaboom|Wood Hammer|p1b: Gholdengo
|-resisted|p1b: Gholdengo
|-damage|p1b: Gholdengo|69/100
|-damage|p2a: Rillaboom|91/100|[from] Recoil
|move|p1a: Amoonguss|Spore|p2b: Sneasler
|-activate|p2b: Sneasler|move: Protect
|
|-heal|p1b: Gholdengo|75/100|[from] Grassy Terrain
|-heal|p1b: Gholdengo|82/100|[from] item: Leftovers
|-heal|p2a: Rillaboom|97/100|[from] Grassy Terrain
|-heal|p1a: Amoonguss|77/100|[from] Grassy Terrain
|upkeep
|turn|3
|inactive|Something147 has 30 seconds left.
|
|t:|1756821967
|move|p2b: Sneasler|Dire Claw|p1a: Amoonguss
|-crit|p1a: Amoonguss
|-damage|p1a: Amoonguss|31/100
|-enditem|p1a: Amoonguss|Sitrus Berry|[eat]
|-heal|p1a: Amoonguss|55/100|[from] item: Sitrus Berry
|move|p1b: Gholdengo|Make It Rain|p2b: Sneasler|[spread] p2a,p2b
|-damage|p2a: Rillaboom|4/100
|-enditem|p2b: Sneasler|Focus Sash
|-damage|p2b: Sneasler|1/100
|-unboost|p1b: Gholdengo|spa|1
|move|p2a: Rillaboom|U-turn|p1b: Gholdengo
|-resisted|p1b: Gholdengo
|-damage|p1b: Gholdengo|77/100
|
|t:|1756821991
|switch|p2a: Primarina|Primarina, L50, M|100/100|[from] U-turn
|move|p1a: Amoonguss|Spore|p2b: Sneasler
|-status|p2b: Sneasler|slp|[from] move: Spore
|
|-heal|p2b: Sneasler|7/100 slp|[from] Grassy Terrain
|-heal|p1b: Gholdengo|83/100|[from] Grassy Terrain
|-heal|p1b: Gholdengo|89/100|[from] item: Leftovers
|-heal|p1a: Amoonguss|61/100|[from] Grassy Terrain
|upkeep
|turn|4
|
|t:|1756822015
|-terastallize|p2a: Primarina|Steel
|cant|p2b: Sneasler|slp
|move|p1b: Gholdengo|Shadow Ball|p2a: Primarina
|-damage|p2a: Primarina|12/100
|-enditem|p2a: Primarina|Sitrus Berry|[eat]
|-heal|p2a: Primarina|37/100|[from] item: Sitrus Berry
|move|p2a: Primarina|Haze|p2a: Primarina
|-clearallboost
|move|p1a: Amoonguss|Pollen Puff|p2b: Sneasler
|-resisted|p2b: Sneasler
|-damage|p2b: Sneasler|1/100 slp
|
|-heal|p2b: Sneasler|7/100 slp|[from] Grassy Terrain
|-heal|p1b: Gholdengo|95/100|[from] Grassy Terrain
|-heal|p1b: Gholdengo|100/100|[from] item: Leftovers
|-heal|p2a: Primarina|42/100|[from] Grassy Terrain
|-heal|p1a: Amoonguss|67/100|[from] Grassy Terrain
|upkeep
|turn|5
|
|t:|1756822038
|cant|p2b: Sneasler|slp
|move|p1b: Gholdengo|Make It Rain|p2a: Primarina|[spread] p2a,p2b
|-resisted|p2a: Primarina
|-damage|p2a: Primarina|23/100
|-damage|p2b: Sneasler|0 fnt
|-unboost|p1b: Gholdengo|spa|1
|faint|p2b: Sneasler
|move|p2a: Primarina|Hyper Voice|p1b: Gholdengo|[spread] p1a,p1b
|-resisted|p1a: Amoonguss
|-damage|p1a: Amoonguss|49/100
|-damage|p1b: Gholdengo|63/100
|move|p1a: Amoonguss|Spore|p2a: Primarina
|-status|p2a: Primarina|slp|[from] move: Spore
|
|-heal|p1b: Gholdengo|69/100|[from] Grassy Terrain
|-heal|p1b: Gholdengo|75/100|[from] item: Leftovers
|-heal|p2a: Primarina|29/100 slp|[from] Grassy Terrain
|-heal|p1a: Amoonguss|55/100|[from] Grassy Terrain
|-fieldend|move: Grassy Terrain
|upkeep
|
|t:|1756822051
|switch|p2b: Dragapult|Dragapult, L50, F|100/100
|turn|6
|
|t:|1756822070
|move|p2b: Dragapult|Phantom Force||[still]
|-prepare|p2b: Dragapult|Phantom Force
|move|p1b: Gholdengo|Shadow Ball|p2b: Dragapult|[miss]
|-miss|p1b: Gholdengo|p2b: Dragapult
|cant|p2a: Primarina|slp
|move|p1a: Amoonguss|Spore|p2b: Dragapult|[miss]
|-miss|p1a: Amoonguss|p2b: Dragapult
|
|-heal|p1b: Gholdengo|82/100|[from] item: Leftovers
|upkeep
|turn|7
|
|t:|1756822082
|move|p2b: Dragapult|Phantom Force|p1b: Gholdengo|[from] lockedmove
|-supereffective|p1b: Gholdengo
|-damage|p1b: Gholdengo|0 fnt
|faint|p1b: Gholdengo
|-curestatus|p2a: Primarina|slp|[msg]
|move|p2a: Primarina|Hyper Voice|p1a: Amoonguss
|-resisted|p1a: Amoonguss
|-damage|p1a: Amoonguss|35/100
|move|p1a: Amoonguss|Spore|p2b: Dragapult
|-status|p2b: Dragapult|slp|[from] move: Spore
|
|upkeep
|
|t:|1756822086
|switch|p1b: Tyranitar|Tyranitar, L50, M|100/100
|-weather|Sandstorm|[from] ability: Sand Stream|[of] p1b: Tyranitar
|turn|8
|inactive|Something147 has 30 seconds left.
|
|t:|1756822121
|switch|p2b: Rillaboom|Rillaboom, L50, F|4/100
|-fieldstart|move: Grassy Terrain|[from] ability: Grassy Surge|[of] p2b: Rillaboom
|-terastallize|p1b: Tyranitar|Flying
|move|p1b: Tyranitar|Knock Off|p2b: Rillaboom
|-damage|p2b: Rillaboom|0 fnt
|-enditem|p2b: Rillaboom|Assault Vest|[from] move: Knock Off|[of] p1b: Tyranitar
|faint|p2b: Rillaboom
|move|p2a: Primarina|Hyper Voice|p1b: Tyranitar|[spread] p1a,p1b
|-resisted|p1a: Amoonguss
|-damage|p1a: Amoonguss|17/100
|-damage|p1b: Tyranitar|79/100
|move|p1a: Amoonguss|Spore|p2a: Primarina
|-status|p2a: Primarina|slp|[from] move: Spore
|
|-weather|Sandstorm|[upkeep]
|-damage|p1b: Tyranitar|73/100|[from] Sandstorm
|-damage|p1a: Amoonguss|11/100|[from] Sandstorm
|-heal|p2a: Primarina|35/100 slp|[from] Grassy Terrain
|-heal|p1a: Amoonguss|17/100|[from] Grassy Terrain
|upkeep
|
|t:|1756822134
|switch|p2b: Dragapult|Dragapult, L50, F|100/100 slp
|turn|9
|
|t:|1756822142
|switch|p1a: Incineroar|Incineroar, L50, M|100/100
|-ability|p1a: Incineroar|Intimidate|boost
|-unboost|p2a: Primarina|atk|1
|-fail|p2b: Dragapult|unboost|[from] ability: Clear Body|[of] p2b: Dragapult
|cant|p2a: Primarina|slp
|cant|p2b: Dragapult|slp
|move|p1b: Tyranitar|Knock Off|p2b: Dragapult
|-supereffective|p2b: Dragapult
|-damage|p2b: Dragapult|0 fnt
|-enditem|p2b: Dragapult|Choice Band|[from] move: Knock Off|[of] p1b: Tyranitar
|faint|p2b: Dragapult
|
|-weather|Sandstorm|[upkeep]
|-damage|p1b: Tyranitar|67/100|[from] Sandstorm
|-heal|p2a: Primarina|41/100 slp|[from] Grassy Terrain
|upkeep
|turn|10
|
|t:|1756822151
|move|p1a: Incineroar|Fake Out|p2a: Primarina
|-resisted|p2a: Primarina
|-damage|p2a: Primarina|35/100 slp
|move|p1b: Tyranitar|Low Kick|p2a: Primarina
|-supereffective|p2a: Primarina
|-damage|p2a: Primarina|0 fnt
|faint|p2a: Primarina
|
|win|sylveon is so cute
