|inactive|Battle timer is ON: inactive players will automatically lose when time's up.
|html|ComputerWhizMezzaluca    
|uhtml|bestof|Game 1 of a best-of-3
|t:|1784484154
|gametype|doubles
|player|p1|ComputerWhiz|#ruclimagicchampions|
|player|p2|Mezzaluca|lucas|
|gen|9
|tier|[Gen 9 Champions] VGC 2026 Reg M-B (Bo3)
|rule|Species Clause: Limit one of each Pokémon
|rule|Item Clause: Limit 1 of each item
|clearpoke
|poke|p1|Staraptor, L50, F|
|poke|p1|Vanilluxe, L50, F|
|poke|p1|Farigiraf, L50, M|
|poke|p1|Blastoise, L50, F|
|poke|p1|Kingambit, L50, M|
|poke|p1|Camerupt, L50, M|
|poke|p2|Venusaur, L50, M|
|poke|p2|Grimmsnarl, L50, M|
|poke|p2|Pelipper, L50, F|
|poke|p2|Archaludon, L50, F|
|poke|p2|Charizard, L50, F|
|poke|p2|Basculegion, L50, M|
|teampreview|4
|showteam|p1|Staraptor||ChoiceScarf|Intimidate|FinalGambit,BraveBird,CloseCombat,Uturn|Jolly||F|||50|]Vanilluxe||NeverMeltIce|SnowWarning|Blizzard,FreezeDry,Protect,IceShard|Quiet||F|||50|]Farigiraf||SitrusBerry|ArmorTail|PsychicFangs,HyperVoice,HelpingHand,TrickRoom|Relaxed||M|||50|]Blastoise||Blastoisinite|RainDish|FakeOut,WaterSpout,AuraSphere,DarkPulse|Quiet||F|||50|]Kingambit||LifeOrb|Defiant|KowtowCleave,IronHead,Protect,SuckerPunch|Brave||M|||50|]Camerupt||Cameruptite|SolidRock|HeatWave,EarthPower,Protect,AncientPower|Quiet||M|||50|
|showteam|p2|Venusaur||FocusSash|Chlorophyll|SludgeBomb,EarthPower,SleepPowder,Protect|Modest||M|||50|]Grimmsnarl||LightClay|Prankster|SpiritBreak,Reflect,LightScreen,PartingShot|Careful||M|||50|]Pelipper||SitrusBerry|Drizzle|Hurricane,WeatherBall,Tailwind,WideGuard|Modest||F|||50|]Archaludon||Leftovers|Stamina|DragonPulse,FlashCannon,ElectroShot,Protect|Modest||F|||50|]Charizard||CharizarditeY|Blaze|HeatWave,SolarBeam,WeatherBall,Protect|Modest||F|||50|]Basculegion||ChoiceScarf|Adaptability|WaveCrash,FlipTurn,LastRespects,AquaJet|Jolly||M|||50|
|inactive|ComputerWhiz also wants the timer to be on.
|c|☆ComputerWhiz|hf
|c|☆Mezzaluca|gl hf
|raw|Moderated chat was set to ☆!Only users of rank ☆ and higher can talk.
|inactive|ComputerWhiz has 60 seconds left.
|inactive|Mezzaluca has 60 seconds left.
|inactive|ComputerWhiz has 30 seconds left.
|inactive|Mezzaluca has 30 seconds left.
|inactive|Mezzaluca has 20 seconds left.
|inactive|Mezzaluca has 15 seconds left.
|
|t:|1784484230
|teamsize|p1|4
|teamsize|p2|4
|start
|switch|p1a: Farigiraf|Farigiraf, L50, M|100/100
|switch|p1b: Blastoise|Blastoise, L50, F|100/100
|switch|p2a: Grimmsnarl|Grimmsnarl, L50, M|100/100
|switch|p2b: Basculegion|Basculegion, L50, M|100/100
|turn|1
|
|t:|1784484254
|detailschange|p1b: Blastoise|Blastoise-Mega, L50, F
|-mega|p1b: Blastoise|Blastoise|Blastoisinite
|move|p1b: Blastoise|Fake Out|p2a: Grimmsnarl
|-damage|p2a: Grimmsnarl|90/100
|cant|p2a: Grimmsnarl|flinch
|move|p2b: Basculegion|Wave Crash|p1b: Blastoise
|-resisted|p1b: Blastoise|1
|-damage|p1b: Blastoise|72/100
|-damage|p2b: Basculegion|91/100|[from] Recoil
|move|p1a: Farigiraf|Trick Room|p1a: Farigiraf
|-fieldstart|move: Trick Room|[of] p1a: Farigiraf
|
|upkeep
|turn|2
|
|t:|1784484278
|move|p2a: Grimmsnarl|Light Screen|p2a: Grimmsnarl
|-sidestart|p2: Mezzaluca|move: Light Screen
|move|p1a: Farigiraf|Psychic Fangs|p2b: Basculegion
|-sideend|p2: Mezzaluca|move: Light Screen
|-damage|p2b: Basculegion|59/100
|move|p1b: Blastoise|Dark Pulse|p2b: Basculegion
|-supereffective|p2b: Basculegion|1
|-damage|p2b: Basculegion|0 fnt
|faint|p2b: Basculegion
|
|upkeep
|
|t:|1784484287
|switch|p2b: Archaludon|Archaludon, L50, F|100/100
|turn|3
|
|t:|1784484306
|move|p1a: Farigiraf|Helping Hand|p1b: Blastoise
|-singleturn|p1b: Blastoise|Helping Hand|[of] p1a: Farigiraf
|move|p2a: Grimmsnarl|Spirit Break|p1b: Blastoise
|-damage|p1b: Blastoise|47/100
|-unboost|p1b: Blastoise|spa|1
|move|p1b: Blastoise|Aura Sphere|p2b: Archaludon
|-supereffective|p2b: Archaludon|1
|-damage|p2b: Archaludon|0 fnt
|faint|p2b: Archaludon
|
|upkeep
|
|t:|1784484328
|switch|p2b: Pelipper|Pelipper, L50, F|100/100
|-weather|RainDance|[from] ability: Drizzle|[of] p2b: Pelipper
|turn|4
|inactive|ComputerWhiz has 30 seconds left.
|
|t:|1784484359
|move|p1a: Farigiraf|Hyper Voice|p2b: Pelipper|[spread] p2a,p2b
|-damage|p2a: Grimmsnarl|68/100
|-damage|p2b: Pelipper|67/100
|move|p2a: Grimmsnarl|Spirit Break|p1b: Blastoise
|-damage|p1b: Blastoise|19/100
|-unboost|p1b: Blastoise|spa|1
|move|p1b: Blastoise|Dark Pulse|p2b: Pelipper
|-damage|p2b: Pelipper|37/100
|-enditem|p2b: Pelipper|Sitrus Berry|[eat]
|-heal|p2b: Pelipper|62/100|[from] item: Sitrus Berry
|cant|p2b: Pelipper|flinch
|
|-weather|RainDance|[upkeep]
|upkeep
|turn|5
|c|☆ComputerWhiz|mb
|
|t:|1784484379
|move|p1a: Farigiraf|Psychic Fangs|p2b: Pelipper
|-damage|p2b: Pelipper|33/100
|move|p2a: Grimmsnarl|Spirit Break|p1b: Blastoise
|-damage|p1b: Blastoise|0 fnt
|faint|p1b: Blastoise
|move|p2b: Pelipper|Weather Ball|p1a: Farigiraf
|-damage|p1a: Farigiraf|50/100g
|
|-weather|RainDance|[upkeep]
|-fieldend|move: Trick Room
|upkeep
|
|t:|1784484382
|switch|p1b: Vanilluxe|Vanilluxe, L50, F|100/100
|-weather|Snowscape|[from] ability: Snow Warning|[of] p1b: Vanilluxe
|turn|6
|
|t:|1784484403
|move|p2b: Pelipper|Hurricane|p1b: Vanilluxe
|-damage|p1b: Vanilluxe|55/100
|move|p1b: Vanilluxe|Freeze-Dry|p2b: Pelipper
|-supereffective|p2b: Pelipper|2
|-damage|p2b: Pelipper|0 fnt
|faint|p2b: Pelipper
|move|p2a: Grimmsnarl|Spirit Break|p1b: Vanilluxe
|-damage|p1b: Vanilluxe|33/100
|-unboost|p1b: Vanilluxe|spa|1
|move|p1a: Farigiraf|Psychic Fangs|p2a: Grimmsnarl
|-immune|p2a: Grimmsnarl
|
|-weather|Snowscape|[upkeep]
|upkeep
|turn|7
|-message|Mezzaluca forfeited.
|
|win|ComputerWhiz
||ComputerWhiz is ready for game 2.
|inactive|Mezzaluca has 30 seconds to confirm battle start!
||Mezzaluca is ready for game 2.
|uhtml|next|Next: Game 2 of 3
