|inactive|Battle timer is ON: inactive players will automatically lose when time's up.
|badge|p1|bronze|gen9ubers|100-10
|uhtml|medal-msg|Curious what those medals under the avatar are? PS now has Ladder Seasons! For more information, check out the thread on Smogon.
|html|Calmmind75Tsuki    
|uhtml|bestof|Game 2 of a best-of-3
|t:|1783882789
|gametype|doubles
|player|p1|Calmmind75|shauntal-masters|
|player|p2|Tsuki|jacinthe|
|gen|9
|tier|[Gen 9 Champions] VGC 2026 Reg M-B (Bo3)
|rule|Species Clause: Limit one of each Pokémon
|rule|Item Clause: Limit 1 of each item
|clearpoke
|poke|p1|Raichu, L50, M|
|poke|p1|Garchomp, L50, F|
|poke|p1|Gyarados, L50, M|
|poke|p1|Sylveon, L50, M|
|poke|p1|Gholdengo, L50|
|poke|p1|Incineroar, L50, M|
|poke|p2|Metagross, L50|
|poke|p2|Whimsicott, L50, M|
|poke|p2|Garchomp, L50, M|
|poke|p2|Staraptor, L50, M|
|poke|p2|Basculegion, L50, M|
|poke|p2|Incineroar, L50, M|
|teampreview|4
|showteam|p1|Raichu||RaichuniteY|LightningRod|ZapCannon,FocusBlast,FakeOut,Protect|Timid||M|||50|]Garchomp||RoseliBerry|RoughSkin|DragonClaw,StompingTantrum,Earthquake,Protect|Jolly||F|||50|]Gyarados||SitrusBerry|Intimidate|Waterfall,IceFang,PowerWhip,Protect|Adamant||M|||50|]Sylveon||FairyFeather|Pixilate|HyperVoice,HyperBeam,Yawn,Detect|Modest||M|||50|]Gholdengo||LifeOrb|GoodasGold|MakeItRain,Hex,NastyPlot,Protect|Timid|||||50|]Incineroar||Charcoal|Intimidate|FlareBlitz,ThroatChop,PartingShot,FakeOut|Adamant||M|||50|
|showteam|p2|Metagross||Metagrossite|ClearBody|IronHead,IcePunch,StompingTantrum,Protect|Jolly|||||50|]Whimsicott||FocusSash|Prankster|Moonblast,Tickle,Tailwind,Protect|Timid||M|||50|]Garchomp||RoseliBerry|RoughSkin|DragonClaw,PoisonJab,StompingTantrum,RockTomb|Jolly||M|||50|]Staraptor||Staraptite|Intimidate|CloseCombat,BraveBird,Roost,Protect|Jolly||M|||50|]Basculegion||MysticWater|SwiftSwim|WaveCrash,LastRespects,AquaJet,Protect|Adamant||M|||50|]Incineroar||SitrusBerry|Intimidate|FlareBlitz,DarkestLariat,PartingShot,FakeOut|Careful||M|||50|
|
|t:|1783882809
|teamsize|p1|4
|teamsize|p2|4
|start
|switch|p1a: Incineroar|Incineroar, L50, M|100/100
|switch|p1b: Sylveon|Sylveon, L50, M|100/100
|switch|p2a: Whimsicott|Whimsicott, L50, M|100/100
|switch|p2b: Metagross|Metagross, L50|100/100
|-ability|p1a: Incineroar|Intimidate|boost
|-unboost|p2a: Whimsicott|atk|1
|-fail|p2b: Metagross|unboost|[from] ability: Clear Body|[of] p2b: Metagross
|turn|1
|
|t:|1783882820
|move|p2a: Whimsicott|Protect|p2a: Whimsicott
|-singleturn|p2a: Whimsicott|Protect
|move|p2b: Metagross|Protect|p2b: Metagross
|-singleturn|p2b: Metagross|Protect
|move|p1b: Sylveon|Detect|p1b: Sylveon
|-singleturn|p1b: Sylveon|Protect
|move|p1a: Incineroar|Flare Blitz|p2b: Metagross
|-activate|p2b: Metagross|move: Protect
|
|upkeep
|turn|2
|
|t:|1783882833
|switch|p1b: Garchomp|Garchomp, L50, F|100/100
|detailschange|p2b: Metagross|Metagross-Mega, L50
|-mega|p2b: Metagross|Metagross|Metagrossite
|move|p2a: Whimsicott|Moonblast|p1a: Incineroar
|-damage|p1a: Incineroar|60/100
|move|p2b: Metagross|Stomping Tantrum|p1a: Incineroar
|-supereffective|p1a: Incineroar|1
|-damage|p1a: Incineroar|0 fnt
|faint|p1a: Incineroar
|
|upkeep
|
|t:|1783882840
|switch|p1a: Raichu|Raichu, L50, M|100/100
|turn|3
|
|t:|1783882852
|detailschange|p1a: Raichu|Raichu-Mega-Y, L50, M
|-mega|p1a: Raichu|Raichu|Raichunite Y
|move|p2b: Metagross|Protect|p2b: Metagross
|-singleturn|p2b: Metagross|Protect
|move|p1a: Raichu|Zap Cannon|p2a: Whimsicott
|-resisted|p2a: Whimsicott|1
|-damage|p2a: Whimsicott|50/100g
|-status|p2a: Whimsicott|par
|move|p1b: Garchomp|Stomping Tantrum|p2a: Whimsicott
|-resisted|p2a: Whimsicott|1
|-damage|p2a: Whimsicott|22/100 par
|move|p2a: Whimsicott|Moonblast|p1b: Garchomp
|-supereffective|p1b: Garchomp|1
|-enditem|p1b: Garchomp|Roseli Berry|[eat]
|-enditem|p1b: Garchomp|Roseli Berry|[weaken]
|-damage|p1b: Garchomp|62/100
|
|upkeep
|turn|4
|
|t:|1783882868
|move|p2a: Whimsicott|Tailwind|p2a: Whimsicott
|-sidestart|p2: Tsuki|move: Tailwind
|move|p2b: Metagross|Ice Punch|p1b: Garchomp
|-supereffective|p1b: Garchomp|2
|-damage|p1b: Garchomp|0 fnt
|-damage|p2b: Metagross|87/100|[from] ability: Rough Skin|[of] p1b: Garchomp
|faint|p1b: Garchomp
|move|p1a: Raichu|Zap Cannon|p2b: Metagross
|-damage|p2b: Metagross|24/100
|-status|p2b: Metagross|par
|
|upkeep
|
|t:|1783882872
|switch|p1b: Sylveon|Sylveon, L50, M|100/100
|turn|5
|
|t:|1783882884
|move|p1a: Raichu|Focus Blast|p2b: Metagross
|-damage|p2b: Metagross|0 fnt
|faint|p2b: Metagross
|cant|p2a: Whimsicott|par
|move|p1b: Sylveon|Hyper Voice|p2a: Whimsicott
|-damage|p2a: Whimsicott|0 fnt
|faint|p2a: Whimsicott
|
|upkeep
|
|t:|1783882890
|switch|p2a: Garchomp|Garchomp, L50, M|100/100
|switch|p2b: Basculegion|Basculegion, L50, M|100/100
|turn|6
|
|t:|1783882912
|move|p1a: Raichu|Protect|p1a: Raichu
|-singleturn|p1a: Raichu|Protect
|move|p1b: Sylveon|Detect|p1b: Sylveon
|-singleturn|p1b: Sylveon|Protect
|move|p2a: Garchomp|Stomping Tantrum|p1a: Raichu
|-activate|p1a: Raichu|move: Protect
|move|p2b: Basculegion|Last Respects|p1b: Sylveon
|-activate|p1b: Sylveon|move: Protect
|
|upkeep
|turn|7
|
|t:|1783882921
|move|p1a: Raichu|Protect|p1a: Raichu
|-singleturn|p1a: Raichu|Protect
|move|p2a: Garchomp|Stomping Tantrum|p1a: Raichu
|-activate|p1a: Raichu|move: Protect
|move|p2b: Basculegion|Last Respects|p1b: Sylveon
|-damage|p1b: Sylveon|17/100
|move|p1b: Sylveon|Hyper Voice|p2a: Garchomp|[spread] p2a,p2b
|-supereffective|p2a: Garchomp|1
|-enditem|p2a: Garchomp|Roseli Berry|[eat]
|-enditem|p2a: Garchomp|Roseli Berry|[weaken]
|-damage|p2a: Garchomp|43/100
|-damage|p2b: Basculegion|48/100
|
|-sideend|p2: Tsuki|move: Tailwind
|upkeep
|turn|8
|
|t:|1783882940
|move|p2b: Basculegion|Aqua Jet|p1a: Raichu
|-damage|p1a: Raichu|61/100
|move|p1a: Raichu|Focus Blast|p2a: Garchomp
|-damage|p2a: Garchomp|0 fnt
|faint|p2a: Garchomp
|move|p1b: Sylveon|Hyper Voice|p2b: Basculegion
|-damage|p2b: Basculegion|0 fnt
|faint|p2b: Basculegion
|
|win|Calmmind75
||Calmmind75 is ready for game 3.
||Tsuki is ready for game 3.
|uhtml|next|Next: Game 3 of 3
|player|p2|
