|inactive|Battle timer is ON: inactive players will automatically lose when time's up.
|html|ahollowxxMezzaluca    
|uhtml|bestof|Game 3 of a best-of-3
|t:|1784915027
|gametype|doubles
|player|p1|ahollowxx|veteranf|
|player|p2|Mezzaluca|lucas|
|gen|9
|tier|[Gen 9 Champions] VGC 2026 Reg M-B (Bo3)
|rule|Species Clause: Limit one of each Pokémon
|rule|Item Clause: Limit 1 of each item
|clearpoke
|poke|p1|Basculegion, L50, M|
|poke|p1|Glimmora, L50, M|
|poke|p1|Staraptor, L50, F|
|poke|p1|Whimsicott, L50, M, shiny|
|poke|p1|Toxapex, L50, F|
|poke|p1|Kingambit, L50, M, shiny|
|poke|p2|Kingambit, L50, F|
|poke|p2|Charizard, L50, F|
|poke|p2|Aerodactyl, L50, M|
|poke|p2|Farigiraf, L50, F|
|poke|p2|Garchomp, L50, F|
|poke|p2|Sylveon, L50, M|
|teampreview|4
|showteam|p1|Basculegion||ChoiceScarf|Adaptability|AquaJet,LastRespects,WaveCrash,FlipTurn|Adamant||M|||50|]Glimmora||LifeOrb|ToxicDebris|PowerGem,EarthPower,SpikyShield,SludgeBomb|Timid||M|||50|]Staraptor||Staraptite|Intimidate|BraveBird,CloseCombat,Protect,Roost|Jolly||F|||50|]Whimsicott||FocusSash|Prankster|Moonblast,Tailwind,Protect,Encore|Timid||M|||50|]Toxapex||Leftovers|Regenerator|BanefulBunker,Infestation,Toxic,WideGuard|Bold||F|||50|]Kingambit||ChopleBerry|Defiant|SuckerPunch,KowtowCleave,Protect,IronHead|Adamant||M|||50|
|showteam|p2|Kingambit||FocusSash|Defiant|KowtowCleave,IronHead,SuckerPunch,LowKick|Adamant||F|||50|]Charizard||CharizarditeY|Blaze|HeatWave,SolarBeam,WeatherBall,Protect|Modest||F|||50|]Aerodactyl||Aerodactylite|Unnerve|RockSlide,DualWingbeat,IceFang,Tailwind|Jolly||M|||50|]Farigiraf||SitrusBerry|ArmorTail|Psychic,Thunderbolt,TrickRoom,Protect|Bold||F|||50|]Garchomp||LifeOrb|RoughSkin|Earthquake,DragonClaw,StompingTantrum,Protect|Jolly||F|||50|]Sylveon||FairyFeather|Pixilate|HyperVoice,HyperBeam,QuickAttack,Protect|Modest||M|||50|
|inactive|Mezzaluca has 60 seconds left.
|inactive|Mezzaluca has 30 seconds left.
|inactive|Mezzaluca has 20 seconds left.
|inactive|Mezzaluca has 15 seconds left.
|inactive|Mezzaluca has 10 seconds left.
|
|t:|1784915108
|teamsize|p1|4
|teamsize|p2|4
|start
|switch|p1a: Glimmora|Glimmora, L50, M|100/100
|switch|p1b: Whimsicott|Whimsicott, L50, M, shiny|100/100
|switch|p2a: Farigiraf|Farigiraf, L50, F|100/100
|switch|p2b: Garchomp|Garchomp, L50, F|100/100
|turn|1
|inactive|Mezzaluca has 30 seconds left.
|inactive|Mezzaluca has 20 seconds left.
|inactive|Mezzaluca has 15 seconds left.
|inactive|Mezzaluca has 10 seconds left.
|
|t:|1784915154
|move|p1a: Glimmora|Spiky Shield|p1a: Glimmora
|-singleturn|p1a: Glimmora|move: Protect
|move|p1b: Whimsicott|Moonblast|p2b: Garchomp
|-supereffective|p2b: Garchomp|1
|-damage|p2b: Garchomp|25/100
|move|p2b: Garchomp|Stomping Tantrum|p1a: Glimmora
|-activate|p1a: Glimmora|move: Protect
|-damage|p2b: Garchomp|12/100|[from] Spiky Shield|[of] p1a: Glimmora
|move|p2a: Farigiraf|Trick Room|p2a: Farigiraf
|-fieldstart|move: Trick Room|[of] p2a: Farigiraf
|
|upkeep
|turn|2
|
|t:|1784915177
|switch|p1a: Staraptor|Staraptor, L50, F|100/100
|-ability|p1a: Staraptor|Intimidate|boost
|-unboost|p2a: Farigiraf|atk|1
|-unboost|p2b: Garchomp|atk|1
|switch|p2b: Kingambit|Kingambit, L50, F|100/100
|move|p2a: Farigiraf|Psychic|p1a: Staraptor
|-damage|p1a: Staraptor|44/100
|move|p1b: Whimsicott|Moonblast|p2b: Kingambit
|-crit|p2b: Kingambit
|-damage|p2b: Kingambit|38/100
|
|upkeep
|turn|3
|inactive|Mezzaluca has 30 seconds left.
|
|t:|1784915207
|switch|p1b: Toxapex|Toxapex, L50, F|100/100
|move|p1a: Staraptor|Protect|p1a: Staraptor
|-singleturn|p1a: Staraptor|Protect
|move|p2a: Farigiraf|Psychic|p1b: Toxapex
|-supereffective|p1b: Toxapex|1
|-damage|p1b: Toxapex|50/100g
|move|p2b: Kingambit|Iron Head|p1b: Toxapex
|-resisted|p1b: Toxapex|1
|-damage|p1b: Toxapex|33/100
|
|-heal|p1b: Toxapex|39/100|[from] item: Leftovers
|upkeep
|turn|4
|inactive|ahollowxx has 30 seconds left.
|inactive|Mezzaluca has 30 seconds left.
|inactive|ahollowxx has 20 seconds left.
|inactive|ahollowxx has 15 seconds left.
|inactive|Mezzaluca has 20 seconds left.
|inactive|ahollowxx has 10 seconds left.
|inactive|Mezzaluca has 15 seconds left.
|inactive|ahollowxx has 5 seconds left.
|inactive|Mezzaluca has 10 seconds left.
|
|t:|1784915258
|switch|p1a: Whimsicott|Whimsicott, L50, M, shiny|100/100
|move|p1b: Toxapex|Baneful Bunker|p1b: Toxapex
|-singleturn|p1b: Toxapex|move: Protect
|move|p2a: Farigiraf|Psychic|p1b: Toxapex
|-activate|p1b: Toxapex|move: Protect
|move|p2b: Kingambit|Iron Head|p1a: Whimsicott
|-supereffective|p1a: Whimsicott|1
|-enditem|p1a: Whimsicott|Focus Sash
|-damage|p1a: Whimsicott|1/100
|
|-heal|p1b: Toxapex|45/100|[from] item: Leftovers
|upkeep
|turn|5
|inactive|Mezzaluca has 30 seconds left.
|
|t:|1784915290
|move|p1a: Whimsicott|Protect|p1a: Whimsicott
|-singleturn|p1a: Whimsicott|Protect
|move|p1b: Toxapex|Toxic|p2a: Farigiraf
|-status|p2a: Farigiraf|tox
|move|p2a: Farigiraf|Psychic|p1a: Whimsicott
|-activate|p1a: Whimsicott|move: Protect
|move|p2b: Kingambit|Kowtow Cleave|p1b: Toxapex
|-damage|p1b: Toxapex|12/100
|
|-heal|p1b: Toxapex|18/100|[from] item: Leftovers
|-damage|p2a: Farigiraf|94/100 tox|[from] psn
|-fieldend|move: Trick Room
|upkeep
|turn|6
|inactive|ahollowxx has 30 seconds left.
|inactive|Mezzaluca has 30 seconds left.
|inactive|ahollowxx has 20 seconds left.
|
|t:|1784915328
|move|p2b: Kingambit|Sucker Punch|p1a: Whimsicott
|-resisted|p1a: Whimsicott|1
|-damage|p1a: Whimsicott|0 fnt
|faint|p1a: Whimsicott
|move|p1b: Toxapex|Infestation|p2b: Kingambit
|-damage|p2b: Kingambit|34/100
|-activate|p2b: Kingambit|move: Infestation|[of] p1b: Toxapex
|move|p2a: Farigiraf|Trick Room|p2a: Farigiraf
|-fieldstart|move: Trick Room|[of] p2a: Farigiraf
|
|-heal|p1b: Toxapex|24/100|[from] item: Leftovers
|-damage|p2a: Farigiraf|82/100 tox|[from] psn
|-damage|p2b: Kingambit|22/100|[from] move: Infestation|[partiallytrapped]
|upkeep
|
|t:|1784915334
|switch|p1a: Glimmora|Glimmora, L50, M|100/100
|turn|7
|inactive|Mezzaluca has 30 seconds left.
|inactive|Mezzaluca has 20 seconds left.
|inactive|Mezzaluca has 15 seconds left.
|inactive|Mezzaluca has 10 seconds left.
|
|t:|1784915380
|move|p1b: Toxapex|Baneful Bunker|p1b: Toxapex
|-singleturn|p1b: Toxapex|move: Protect
|move|p1a: Glimmora|Spiky Shield|p1a: Glimmora
|-singleturn|p1a: Glimmora|move: Protect
|move|p2b: Kingambit|Sucker Punch||[still]
|-fail|p2b: Kingambit
|move|p2a: Farigiraf|Psychic|p1a: Glimmora
|-activate|p1a: Glimmora|move: Protect
|
|-heal|p1b: Toxapex|29/100|[from] item: Leftovers
|-damage|p2a: Farigiraf|64/100 tox|[from] psn
|-damage|p2b: Kingambit|9/100|[from] move: Infestation|[partiallytrapped]
|upkeep
|turn|8
|
|t:|1784915403
|switch|p1a: Staraptor|Staraptor, L50, F|44/100
|-ability|p1a: Staraptor|Intimidate|boost
|-unboost|p2a: Farigiraf|atk|1
|-unboost|p2b: Kingambit|atk|1
|-ability|p2b: Kingambit|Defiant|boost
|-boost|p2b: Kingambit|atk|2
|move|p1b: Toxapex|Baneful Bunker||[still]
|-fail|p1b: Toxapex
|move|p2a: Farigiraf|Psychic|p1a: Staraptor
|-damage|p1a: Staraptor|0 fnt
|faint|p1a: Staraptor
|move|p2b: Kingambit|Kowtow Cleave|p1b: Toxapex
|-damage|p1b: Toxapex|0 fnt
|faint|p1b: Toxapex
|
|-damage|p2a: Farigiraf|41/100 tox|[from] psn
|-end|p2b: Kingambit|Infestation|[partiallytrapped]|[silent]
|upkeep
|-enditem|p2a: Farigiraf|Sitrus Berry|[eat]
|-heal|p2a: Farigiraf|66/100 tox|[from] item: Sitrus Berry
|-message|ahollowxx forfeited.
|
|win|Mezzaluca
|c|☆Mezzaluca|gg
|c|☆ahollowxx|gg
|player|p1|
