|inactive|Battle timer is ON: inactive players will automatically lose when time's up.
|html|tekagtelpachirisudelvgc    
|uhtml|bestof|Game 1 of a best-of-3
|t:|1784414404
|gametype|doubles
|player|p1|tekagt|#smogonxnpa2026draftee2|
|player|p2|elpachirisudelvgc|zinnia|
|gen|9
|tier|[Gen 9 Champions] VGC 2026 Reg M-B (Bo3)
|rule|Species Clause: Limit one of each Pokémon
|rule|Item Clause: Limit 1 of each item
|clearpoke
|poke|p1|Delphox, L50, F|
|poke|p1|Blastoise, L50, M|
|poke|p1|Sinistcha, L50|
|poke|p1|Sneasler, L50, M|
|poke|p1|Incineroar, L50, F|
|poke|p1|Kingambit, L50, F|
|poke|p2|Aerodactyl, L50, F|
|poke|p2|Sylveon, L50, F, shiny|
|poke|p2|Charizard, L50, M|
|poke|p2|Kingambit, L50, F, shiny|
|poke|p2|Farigiraf, L50, M, shiny|
|poke|p2|Garchomp, L50, F, shiny|
|teampreview|4
|showteam|p1|Delphox||Delphoxite|Blaze|Psychic,HeatWave,NastyPlot,Protect|Modest||F|||50|]Blastoise||Blastoisinite|Torrent|WaterSpout,DarkPulse,ShellSmash,Protect|Modest||M|||50|]Sinistcha||ColburBerry|Hospitality|MatchaGotcha,RagePowder,TrickRoom,Protect|Bold|||||50|]Sneasler||FocusSash|PoisonTouch|DireClaw,CloseCombat,FakeOut,QuickGuard|Jolly||M|||50|]Incineroar||SitrusBerry|Intimidate|FlareBlitz,HelpingHand,PartingShot,FakeOut|Careful||F|||50|]Kingambit||LifeOrb|Defiant|KowtowCleave,SuckerPunch,SwordsDance,Protect|Adamant||F|||50|
|showteam|p2|Aerodactyl||Aerodactylite|Unnerve|RockSlide,DualWingbeat,Tailwind,IceFang|Jolly||F|||50|]Sylveon||FairyFeather|Pixilate|HyperVoice,QuickAttack,HyperBeam,Detect|Modest||F|||50|]Charizard||CharizarditeY|Blaze|HeatWave,WeatherBall,SolarBeam,Protect|Modest||M|||50|]Kingambit||FocusSash|Defiant|KowtowCleave,SuckerPunch,IronHead,LowKick|Adamant||F|||50|]Farigiraf||SitrusBerry|ArmorTail|TwinBeam,Thunderbolt,TrickRoom,SunnyDay|Relaxed||M|||50|]Garchomp||LifeOrb|RoughSkin|DragonClaw,StompingTantrum,Earthquake,Protect|Jolly||F|||50|
|c|☆elpachirisudelvgc|glhf
|c|☆tekagt|glhf
|inactive|tekagt has 60 seconds left.
|inactive|elpachirisudelvgc has 60 seconds left.
|
|t:|1784414459
|teamsize|p1|4
|teamsize|p2|4
|start
|switch|p1a: Sneasler|Sneasler, L50, M|100/100
|switch|p1b: Blastoise|Blastoise, L50, M|100/100
|switch|p2a: Aerodactyl|Aerodactyl, L50, F|100/100
|switch|p2b: Charizard|Charizard, L50, M|100/100
|-ability|p2a: Aerodactyl|Unnerve
|turn|1
|inactive|elpachirisudelvgc has 30 seconds left.
|inactive|elpachirisudelvgc has 20 seconds left.
|inactive|elpachirisudelvgc has 15 seconds left.
|
|t:|1784414502
|detailschange|p1b: Blastoise|Blastoise-Mega, L50, M
|-mega|p1b: Blastoise|Blastoise|Blastoisinite
|detailschange|p2b: Charizard|Charizard-Mega-Y, L50, M
|-mega|p2b: Charizard|Charizard|Charizardite Y
|-weather|SunnyDay|[from] ability: Drought|[of] p2b: Charizard
|move|p1a: Sneasler|Fake Out|p2b: Charizard
|-damage|p2b: Charizard|86/100
|move|p2a: Aerodactyl|Tailwind|p2a: Aerodactyl
|-sidestart|p2: elpachirisudelvgc|move: Tailwind
|cant|p2b: Charizard|flinch
|move|p1b: Blastoise|Shell Smash|p1b: Blastoise
|-unboost|p1b: Blastoise|def|1
|-unboost|p1b: Blastoise|spd|1
|-boost|p1b: Blastoise|atk|2
|-boost|p1b: Blastoise|spa|2
|-boost|p1b: Blastoise|spe|2
|
|-weather|SunnyDay|[upkeep]
|upkeep
|turn|2
|
|t:|1784414517
|switch|p1a: Incineroar|Incineroar, L50, F|100/100
|-ability|p1a: Incineroar|Intimidate|boost
|-unboost|p2a: Aerodactyl|atk|1
|-unboost|p2b: Charizard|atk|1
|move|p1b: Blastoise|Protect|p1b: Blastoise
|-singleturn|p1b: Blastoise|Protect
|move|p2a: Aerodactyl|Dual Wingbeat|p1a: Incineroar
|-damage|p1a: Incineroar|90/100
|-crit|p1a: Incineroar
|-damage|p1a: Incineroar|69/100
|-hitcount|p1a: Incineroar|2
|move|p2b: Charizard|Solar Beam||[still]
|-prepare|p2b: Charizard|Solar Beam
|-anim|p2b: Charizard|Solar Beam|p1b: Blastoise
|-activate|p1b: Blastoise|move: Protect
|
|-weather|SunnyDay|[upkeep]
|upkeep
|turn|3
|
|t:|1784414539
|move|p2b: Charizard|Protect|p2b: Charizard
|-singleturn|p2b: Charizard|Protect
|move|p1a: Incineroar|Fake Out|p2b: Charizard
|-activate|p2b: Charizard|move: Protect
|move|p2a: Aerodactyl|Rock Slide|p1a: Incineroar|[spread] p1a
|-miss|p2a: Aerodactyl|p1b: Blastoise
|-supereffective|p1a: Incineroar|1
|-damage|p1a: Incineroar|41/100
|move|p1b: Blastoise|Water Spout|p2a: Aerodactyl|[spread] p2a
|-activate|p2b: Charizard|move: Protect
|-supereffective|p2a: Aerodactyl|1
|-damage|p2a: Aerodactyl|0 fnt
|-enditem|p1a: Incineroar|Sitrus Berry|[eat]
|-heal|p1a: Incineroar|66/100|[from] item: Sitrus Berry
|faint|p2a: Aerodactyl
|
|-weather|SunnyDay|[upkeep]
|upkeep
|
|t:|1784414551
|switch|p2a: Sylveon|Sylveon, L50, F, shiny|100/100
|turn|4
|inactive|elpachirisudelvgc has 30 seconds left.
|
|t:|1784414577
|switch|p2b: Kingambit|Kingambit, L50, F, shiny|100/100
|move|p1b: Blastoise|Protect|p1b: Blastoise
|-singleturn|p1b: Blastoise|Protect
|move|p2a: Sylveon|Hyper Voice|p1a: Incineroar|[spread] p1a
|-activate|p1b: Blastoise|move: Protect
|-damage|p1a: Incineroar|27/100
|move|p1a: Incineroar|Parting Shot|p2a: Sylveon
|-unboost|p2a: Sylveon|atk|1
|-unboost|p2a: Sylveon|spa|1
|
|t:|1784414586
|switch|p1a: Sneasler|Sneasler, L50, M|100/100|[from] Parting Shot
|
|-weather|SunnyDay|[upkeep]
|-sideend|p2: elpachirisudelvgc|move: Tailwind
|upkeep
|turn|5
|inactive|tekagt has 30 seconds left.
|inactive|elpachirisudelvgc has 30 seconds left.
|
|t:|1784414621
|move|p1a: Sneasler|Fake Out|p2b: Kingambit
|-resisted|p2b: Kingambit|1
|-damage|p2b: Kingambit|93/100
|cant|p2b: Kingambit|flinch
|move|p1b: Blastoise|Water Spout|p2a: Sylveon|[spread] p2a,p2b
|-damage|p2a: Sylveon|45/100
|-damage|p2b: Kingambit|20/100y
|move|p2a: Sylveon|Hyper Voice|p1a: Sneasler|[spread] p1a,p1b
|-damage|p1a: Sneasler|53/100
|-damage|p1b: Blastoise|54/100
|
|-weather|none
|upkeep
|turn|6
|inactive|tekagt has 30 seconds left.
|inactive|elpachirisudelvgc has 30 seconds left.
|inactive|elpachirisudelvgc has 20 seconds left.
|inactive|elpachirisudelvgc has 15 seconds left.
|
|t:|1784414663
|switch|p2b: Charizard|Charizard-Mega-Y, L50, M|86/100
|-weather|SunnyDay|[from] ability: Drought|[of] p2b: Charizard
|move|p1b: Blastoise|Protect|p1b: Blastoise
|-singleturn|p1b: Blastoise|Protect
|move|p1a: Sneasler|Close Combat|p2b: Charizard
|-resisted|p2b: Charizard|1
|-damage|p2b: Charizard|56/100
|-unboost|p1a: Sneasler|def|1
|-unboost|p1a: Sneasler|spd|1
|move|p2a: Sylveon|Hyper Voice|p1b: Blastoise|[spread] p1a
|-activate|p1b: Blastoise|move: Protect
|-damage|p1a: Sneasler|0 fnt
|faint|p1a: Sneasler
|
|-weather|SunnyDay|[upkeep]
|upkeep
|
|t:|1784414668
|switch|p1a: Sinistcha|Sinistcha, L50|100/100
|-heal|p1b: Blastoise|79/100|[from] ability: Hospitality|[of] p1a: Sinistcha
|turn|7
|
|t:|1784414678
|move|p1a: Sinistcha|Rage Powder|p1a: Sinistcha
|-singleturn|p1a: Sinistcha|move: Rage Powder
|move|p1b: Blastoise|Water Spout|p2a: Sylveon|[spread] p2a,p2b
|-supereffective|p2b: Charizard|1
|-damage|p2a: Sylveon|2/100
|-damage|p2b: Charizard|0 fnt
|faint|p2b: Charizard
|move|p2a: Sylveon|Hyper Voice|p1b: Blastoise|[spread] p1a,p1b
|-damage|p1a: Sinistcha|71/100
|-damage|p1b: Blastoise|28/100
|
|-weather|SunnyDay|[upkeep]
|upkeep
|
|t:|1784414682
|switch|p2b: Kingambit|Kingambit, L50, F, shiny|20/100y
|turn|8
|
|t:|1784414689
|move|p1a: Sinistcha|Rage Powder|p1a: Sinistcha
|-singleturn|p1a: Sinistcha|move: Rage Powder
|move|p1b: Blastoise|Water Spout|p2b: Kingambit|[spread] p2a,p2b
|-damage|p2a: Sylveon|0 fnt
|-damage|p2b: Kingambit|1/100
|faint|p2a: Sylveon
|move|p2b: Kingambit|Kowtow Cleave|p1a: Sinistcha
|-supereffective|p1a: Sinistcha|1
|-enditem|p1a: Sinistcha|Colbur Berry|[eat]
|-enditem|p1a: Sinistcha|Colbur Berry|[weaken]
|-damage|p1a: Sinistcha|28/100
|
|-weather|SunnyDay|[upkeep]
|upkeep
|turn|9
|c|☆elpachirisudelvgc|gg
|
|t:|1784414698
|move|p1a: Sinistcha|Rage Powder|p1a: Sinistcha
|-singleturn|p1a: Sinistcha|move: Rage Powder
|move|p1b: Blastoise|Water Spout|p2b: Kingambit
|-damage|p2b: Kingambit|0 fnt
|faint|p2b: Kingambit
|
|win|tekagt
|c|☆tekagt|gg
||tekagt is ready for game 2.
||elpachirisudelvgc is ready for game 2.
|uhtml|next|Next: Game 2 of 3
